{"gold_per_floor":[112,167,185,35,50,50,78,78,103,118,118,148,174,187,187,290,290,308,319,319,330,341,368,368,6,6,21,21,41,0,0,0,99,99,110,210,224,242,99,99,127,127,208,208,64,95,95,127,127,127],"floor_reached":50,"playtime":3048,"items_purged":["Defend_R"],"score":845,"play_id":"be149c5d-8f5c-4b0d-ac14-90297667f1a8","local_time":"20190425210943","is_ascension_mode":true,"campfire_choices":[{"data":"True Grit","floor":6,"key":"SMITH"},{"data":"Uppercut","floor":8,"key":"SMITH"},{"data":"Spot Weakness","floor":15,"key":"SMITH"},{"floor":24,"key":"REST"},{"floor":32,"key":"REST"},{"data":"Double Tap","floor":40,"key":"SMITH"},{"data":"Metallicize","floor":42,"key":"SMITH"},{"data":"Inflame","floor":44,"key":"SMITH"},{"floor":49,"key":"RECALL"}],"neow_cost":"NONE","seed_source_timestamp":429426734832835,"circlet_count":0,"master_deck":["Strike_R","Strike_R","Strike_R","Defend_R","Defend_R+1","Defend_R","Bash","Uppercut+1","Shrug It Off+1","True Grit+1","Impervious","Sword Boomerang","Spot Weakness+1","Dropkick","Double Tap+1","Disarm+1","Metallicize+1","Limit Break","Armaments","Pommel Strike+1","Inflame+1","Clothesline","Limit Break","Immolate","Sword Boomerang+1","Shockwave","Flame Barrier","Feel No Pain","Reaper","Writhe","Shrug It Off+1"],"relics":["Burning Blood","Vajra","Bronze Scales","Boot","Bag of Marbles","Lantern","War Paint","Empty Cage","Nloth\u0027s Gift","Bottled Lightning","ClockworkSouvenir","Self Forming Clay","Coffee Dripper","Pen Nib","Happy Flower","Ancient Tea Set","Meat on the Bone"],"potions_floor_usage":[12,12,22,33],"damage_taken":[{"damage":6,"enemies":"2 Louse","floor":1,"turns":3},{"damage":10,"enemies":"Jaw Worm","floor":3,"turns":4},{"damage":0,"enemies":"Cultist","floor":5,"turns":3},{"damage":29,"enemies":"3 Sentries","floor":7,"turns":8},{"damage":8,"enemies":"Looter","floor":10,"turns":2},{"damage":18,"enemies":"Lagavulin","floor":12,"turns":5},{"damage":0,"enemies":"2 Fungi Beasts","floor":14,"turns":3},{"damage":10,"enemies":"Hexaghost","floor":16,"turns":7},{"damage":8,"enemies":"Spheric Guardian","floor":18,"turns":6},{"damage":0,"enemies":"Shell Parasite","floor":19,"turns":1},{"damage":24,"enemies":"Sentry and Sphere","floor":21,"turns":5},{"damage":11,"enemies":"Centurion and Healer","floor":22,"turns":10},{"damage":35,"enemies":"Book of Stabbing","floor":23,"turns":6},{"damage":26,"enemies":"Snecko","floor":27,"turns":7},{"damage":28,"enemies":"Sentry and Sphere","floor":29,"turns":6},{"damage":20,"enemies":"Champ","floor":33,"turns":8},{"damage":0,"enemies":"3 Shapes","floor":35,"turns":3},{"damage":6,"enemies":"3 Darklings","floor":37,"turns":4},{"damage":20,"enemies":"Sphere and 2 Shapes","floor":38,"turns":4},{"damage":15,"enemies":"Nemesis","floor":41,"turns":7},{"damage":0,"enemies":"Giant Head","floor":46,"turns":6},{"damage":2,"enemies":"Nemesis","floor":48,"turns":5},{"damage":80,"enemies":"Donu and Deca","floor":50,"turns":6}],"seed_played":"8483213807499630188","potions_obtained":[{"floor":1,"key":"Regen Potion"},{"floor":3,"key":"SteroidPotion"},{"floor":7,"key":"GamblersBrew"},{"floor":16,"key":"BloodPotion"},{"floor":19,"key":"LiquidBronze"},{"floor":21,"key":"SteroidPotion"},{"floor":23,"key":"Poison Potion"},{"floor":27,"key":"Strength Potion"},{"floor":33,"key":"Swift Potion"},{"floor":35,"key":"Strength Potion"}],"is_trial":false,"path_per_floor":["M","?","M","$","M","R","E","R","T","M","?","E","T","M","R","B",null,"M","M","?","M","M","E","R","$","T","M","?","M","?","$","R","B",null,"M","?","M","M","$","R","E","R","T","R","$","E","?","E","R","B"],"character_chosen":"IRONCLAD","items_purchased":["Bronze Scales","ClockworkSouvenir","Inflame","Pen Nib","Flame Barrier","Feel No Pain"],"campfire_rested":2,"item_purchase_floors":[4,25,25,39,45,45],"current_hp_per_floor":[72,72,68,68,74,74,51,51,51,49,37,39,39,45,45,41,70,68,74,74,56,59,30,54,54,54,34,34,12,12,12,36,22,66,72,72,72,58,58,58,49,49,49,49,49,55,75,79,79,0],"gold":127,"neow_bonus":"RANDOM_COMMON_RELIC","is_prod":false,"is_daily":false,"chose_seed":false,"campfire_upgraded":6,"win_rate":0,"timestamp":1556240983,"path_taken":["M","?","M","$","M","R","E","R","T","M","?","E","?","M","R","BOSS","M","M","?","M","?","E","R","$","T","M","?","M","?","$","R","BOSS","M","?","?","M","?","R","E","R","T","R","$","E","?","E","R","BOSS"],"build_version":"2019-01-23","purchased_purges":1,"victory":false,"max_hp_per_floor":[80,80,80,80,80,80,80,80,80,80,80,80,80,80,80,80,80,80,80,80,80,80,80,80,80,80,80,80,80,80,80,80,80,80,80,80,80,80,80,80,80,80,80,80,80,80,80,80,80,80],"card_choices":[{"not_picked":["Wild Strike","Infernal Blade"],"picked":"Uppercut","floor":1},{"not_picked":["Sword Boomerang","Blood for Blood"],"picked":"Shrug It Off","floor":3},{"not_picked":["Pommel Strike","Armaments"],"picked":"True Grit","floor":5},{"not_picked":["Pommel Strike","Corruption"],"picked":"Impervious","floor":7},{"not_picked":["Wild Strike","Anger"],"picked":"Sword Boomerang","floor":10},{"not_picked":["True Grit","Uppercut"],"picked":"Spot Weakness","floor":12},{"not_picked":["Hemokinesis","Entrench"],"picked":"Dropkick","floor":14},{"not_picked":["Exhume","Brutality"],"picked":"Double Tap","floor":16},{"not_picked":["Reckless Charge","True Grit"],"picked":"Disarm+1","floor":18},{"not_picked":["Reckless Charge","Sever Soul"],"picked":"Metallicize","floor":19},{"not_picked":["Anger","Sword Boomerang"],"picked":"Limit Break","floor":21},{"not_picked":["True Grit","Anger+1"],"picked":"Armaments","floor":22},{"not_picked":["Flex+1","Perfected Strike"],"picked":"Pommel Strike+1","floor":23},{"not_picked":["Corruption","Warcry"],"picked":"Clothesline","floor":27},{"not_picked":["Clash","Anger","Sword Boomerang"],"picked":"SKIP","floor":29},{"not_picked":["Dark Embrace","Brutality"],"picked":"Limit Break","floor":33},{"not_picked":["Bloodletting+1","Sword Boomerang"],"picked":"Immolate","floor":35},{"not_picked":["Wild Strike+1","Flex","Burning Pact"],"picked":"SKIP","floor":37},{"not_picked":["Thunderclap+1","Carnage"],"picked":"Sword Boomerang+1","floor":38},{"not_picked":["Pommel Strike","Anger"],"picked":"Shockwave","floor":41},{"not_picked":["Carnage","Iron Wave+1"],"picked":"Reaper","floor":46},{"not_picked":["Pommel Strike+1","Clash+1"],"picked":"Shrug It Off+1","floor":48}],"player_experience":210984,"relics_obtained":[{"floor":7,"key":"Boot"},{"floor":9,"key":"Bag of Marbles"},{"floor":12,"key":"Dream Catcher"},{"floor":13,"key":"War Paint"},{"floor":23,"key":"Bottled Lightning"},{"floor":26,"key":"Self Forming Clay"},{"floor":41,"key":"Happy Flower"},{"floor":46,"key":"Ancient Tea Set"},{"floor":48,"key":"Meat on the Bone"}],"event_choices":[{"damage_healed":0,"gold_gain":55,"player_choice":"Gained Gold","damage_taken":0,"max_hp_gain":0,"max_hp_loss":0,"event_name":"Golden Wing","floor":2,"gold_loss":0},{"damage_healed":0,"gold_gain":0,"player_choice":"Success","damage_taken":12,"relics_obtained":["Lantern"],"max_hp_gain":0,"max_hp_loss":0,"event_name":"Scrap Ooze","floor":11,"gold_loss":0},{"damage_healed":0,"gold_gain":0,"player_choice":"Traded Relic","damage_taken":0,"relics_obtained":["Nloth\u0027s Gift"],"max_hp_gain":0,"max_hp_loss":0,"event_name":"N\u0027loth","floor":20,"relics_lost":["Dream Catcher"],"gold_loss":0},{"damage_healed":0,"gold_gain":0,"player_choice":"Ignored","damage_taken":0,"max_hp_gain":0,"max_hp_loss":0,"event_name":"Ghosts","floor":28,"gold_loss":0},{"damage_healed":0,"gold_gain":0,"player_choice":"Paid Fearfully","damage_taken":0,"max_hp_gain":0,"max_hp_loss":0,"event_name":"Masked Bandits","floor":30,"gold_loss":41},{"damage_healed":0,"gold_gain":100,"player_choice":"Pray","damage_taken":0,"max_hp_gain":0,"max_hp_loss":0,"event_name":"Golden Shrine","floor":36,"gold_loss":0},{"damage_healed":20,"gold_gain":0,"player_choice":"Writhe","damage_taken":0,"max_hp_gain":0,"max_hp_loss":0,"event_name":"Winding Halls","floor":47,"gold_loss":0,"cards_obtained":["Writhe"]}],"is_beta":false,"boss_relics":[{"not_picked":["Lizard Tail","White Beast Statue"],"picked":"Empty Cage"},{"not_picked":["Busted Crown","Black Blood"],"picked":"Coffee Dripper"}],"items_purged_floors":[25],"is_endless":false,"potions_floor_spawned":[1,3,7,16,19,21,23,27,33,35,38,46],"killed_by":"Donu and Deca","ascension_level":9}