{"gold_per_floor":[110,130,40,40,40,40,65,65,65,82,108,126,161,161,161,234,234,246,261,15,29,29,29,54,54,80,94,94,111,111,61,61,135,135,149,162,178,178,178,212,228,254,308,308,308,23,23,23,23,23,23,23,23,23,23],"floor_reached":55,"playtime":2592,"items_purged":["Strike_R","Writhe"],"score":1872,"play_id":"90b8812f-c86c-4a3e-a110-86124adbb7db","local_time":"20190511105809","is_ascension_mode":true,"campfire_choices":[{"data":"Bash","floor":6,"key":"SMITH"},{"data":"Metallicize","floor":8,"key":"SMITH"},{"data":"Metallicize","floor":15,"key":"SMITH"},{"data":"Shrug It Off","floor":23,"key":"SMITH"},{"floor":25,"key":"REST"},{"floor":30,"key":"REST"},{"floor":32,"key":"REST"},{"floor":44,"key":"RECALL"},{"data":"Pommel Strike","floor":49,"key":"SMITH"},{"floor":53,"key":"REST"}],"neow_cost":"NONE","seed_source_timestamp":59425446046365,"circlet_count":0,"master_deck":["AscendersBane","Strike_R","Strike_R","Strike_R","Strike_R","Defend_R","Defend_R+1","Defend_R","Defend_R","Bash+1","Pommel Strike+1","Metallicize+1","Metallicize+1","Pommel Strike","Reaper","Pommel Strike","Brutality+1","Metallicize+1","Inflame+1","Shrug It Off+1","Rupture+1","Shrug It Off+1","Thunderclap+1","Headbutt","Disarm+1","Demon Form+1","Whirlwind","Dropkick","Mayhem+1"],"relics":["Burning Blood","NeowsBlessing","Self Forming Clay","Gremlin Horn","Champion Belt","Frozen Egg 2","Vajra","Orrery","Orichalcum","Bag of Marbles","Ancient Tea Set","Nilry\u0027s Codex","Busted Crown","Mummified Hand","Incense Burner","War Paint"],"potions_floor_usage":[11,11,13,19,29,29,51,51],"damage_taken":[{"damage":0,"enemies":"2 Louse","floor":1,"turns":2},{"damage":0,"enemies":"Jaw Worm","floor":2,"turns":1},{"damage":0,"enemies":"Lagavulin","floor":7,"turns":2},{"damage":9,"enemies":"Small Slimes","floor":10,"turns":4},{"damage":9,"enemies":"3 Sentries","floor":11,"turns":8},{"damage":3,"enemies":"2 Fungi Beasts","floor":12,"turns":4},{"damage":17,"enemies":"Gremlin Nob","floor":13,"turns":4},{"damage":50,"enemies":"The Guardian","floor":16,"turns":14},{"damage":33,"enemies":"2 Thieves","floor":18,"turns":5},{"damage":19,"enemies":"Shell Parasite","floor":19,"turns":7},{"damage":24,"enemies":"Centurion and Healer","floor":21,"turns":9},{"damage":48,"enemies":"Book of Stabbing","floor":24,"turns":8},{"damage":8,"enemies":"Snecko","floor":27,"turns":6},{"damage":3,"enemies":"3 Cultists","floor":29,"turns":4},{"damage":53,"enemies":"Automaton","floor":33,"turns":9},{"damage":19,"enemies":"3 Shapes","floor":35,"turns":7},{"damage":7,"enemies":"Orb Walker","floor":36,"turns":3},{"damage":17,"enemies":"Sphere and 2 Shapes","floor":37,"turns":6},{"damage":28,"enemies":"Giant Head","floor":40,"turns":7},{"damage":18,"enemies":"Spire Growth","floor":41,"turns":5},{"damage":22,"enemies":"Nemesis","floor":42,"turns":5},{"damage":30,"enemies":"Donu and Deca","floor":50,"turns":6},{"damage":60,"enemies":"Awakened One","floor":51,"turns":8},{"damage":77,"enemies":"Shield and Spear","floor":55,"turns":5}],"seed_played":"-3778551953508774126","potions_obtained":[{"floor":1,"key":"Swift Potion"},{"floor":10,"key":"FearPotion"},{"floor":11,"key":"Swift Potion"},{"floor":12,"key":"Strength Potion"},{"floor":18,"key":"Explosive Potion"},{"floor":19,"key":"Energy Potion"},{"floor":29,"key":"Block Potion"},{"floor":35,"key":"Fire Potion"}],"is_trial":false,"path_per_floor":["M","M","$","?","?","R","E","R","T","M","E","M","E","?","R","B",null,"M","M","$","M","$","R","E","R","T","M","?","M","R","?","R","B",null,"M","M","M","?","T","E","M","E","T","R","?","$","$","?","R","B","B",null,"R","$","E"],"character_chosen":"IRONCLAD","items_purchased":["Metallicize","Orichalcum","Mayhem+1"],"campfire_rested":4,"item_purchase_floors":[3,20,46],"current_hp_per_floor":[74,75,75,75,68,68,74,74,74,71,68,75,68,57,57,20,61,48,45,45,57,57,57,15,37,37,35,14,33,55,55,75,46,68,55,54,73,73,73,75,71,55,55,55,70,70,70,70,70,46,31,64,75,75,0],"gold":23,"neow_bonus":"THREE_ENEMY_KILL","is_prod":false,"is_daily":false,"chose_seed":false,"campfire_upgraded":5,"win_rate":0,"timestamp":1557590289,"path_taken":["M","M","$","?","?","R","E","R","T","M","E","M","E","?","R","BOSS","M","M","$","M","?","R","E","R","T","M","?","M","R","?","R","BOSS","M","M","?","?","?","E","M","E","T","R","?","?","$","?","R","BOSS","BOSS","R","$","E"],"build_version":"2019-01-23","purchased_purges":2,"victory":false,"max_hp_per_floor":[75,75,75,75,75,75,75,75,75,75,75,75,75,75,75,75,75,75,75,75,75,75,75,75,75,75,75,75,75,75,75,75,75,75,75,75,75,75,75,75,75,75,75,75,75,75,75,75,75,75,75,75,75,75,75],"card_choices":[{"not_picked":["Infernal Blade","Warcry"],"picked":"Pommel Strike","floor":1},{"not_picked":["Carnage","Wild Strike"],"picked":"Metallicize","floor":2},{"not_picked":["Hemokinesis","Flex","Perfected Strike"],"picked":"SKIP","floor":7},{"not_picked":["Ghostly Armor","Heavy Blade"],"picked":"Pommel Strike","floor":10},{"not_picked":["Havoc","Clash"],"picked":"Reaper","floor":11},{"not_picked":["Power Through","Thunderclap"],"picked":"Pommel Strike","floor":12},{"not_picked":["Clash","Warcry","Entrench"],"picked":"SKIP","floor":13},{"not_picked":["Fiend Fire","Dark Embrace+1"],"picked":"Brutality+1","floor":16},{"not_picked":["Battle Trance","Body Slam"],"picked":"Metallicize+1","floor":17},{"not_picked":["Iron Wave","Thunderclap"],"picked":"Inflame+1","floor":17},{"not_picked":["Clothesline","Battle Trance"],"picked":"Shrug It Off","floor":17},{"not_picked":["Heavy Blade","Intimidate"],"picked":"Rupture+1","floor":18},{"not_picked":["Wild Strike","Clothesline+1"],"picked":"Shrug It Off","floor":19},{"not_picked":["Berserk+1","Havoc"],"picked":"Thunderclap+1","floor":21},{"not_picked":["Warcry","Wild Strike"],"picked":"Headbutt","floor":24},{"not_picked":["Pommel Strike","Anger","Clash"],"picked":"SKIP","floor":27},{"not_picked":["Bloodletting","Blood for Blood+1"],"picked":"Disarm","floor":29},{"not_picked":["Berserk+1","Fiend Fire"],"picked":"Demon Form+1","floor":33},{"not_picked":["Cleave"],"picked":"SKIP","floor":35},{"not_picked":[],"picked":"Whirlwind","floor":36},{"not_picked":["True Grit"],"picked":"SKIP","floor":37},{"not_picked":["True Grit"],"picked":"SKIP","floor":40},{"not_picked":["Sever Soul"],"picked":"SKIP","floor":41},{"not_picked":[],"picked":"Dropkick","floor":42}],"player_experience":1294225,"relics_obtained":[{"floor":7,"key":"Gremlin Horn"},{"floor":9,"key":"Champion Belt"},{"floor":11,"key":"Frozen Egg 2"},{"floor":13,"key":"Vajra"},{"floor":24,"key":"Bag of Marbles"},{"floor":26,"key":"Ancient Tea Set"},{"floor":28,"key":"Nilry\u0027s Codex"},{"floor":39,"key":"Mummified Hand"},{"floor":40,"key":"Incense Burner"},{"floor":42,"key":"War Paint"}],"event_choices":[{"damage_healed":0,"gold_gain":0,"player_choice":"Box","damage_taken":0,"relics_obtained":["Self Forming Clay"],"max_hp_gain":0,"max_hp_loss":0,"event_name":"Big Fish","floor":4,"gold_loss":0,"cards_obtained":["Regret"]},{"cards_removed":["Regret"],"damage_healed":0,"gold_gain":0,"player_choice":"Card Removal","damage_taken":7,"max_hp_gain":0,"max_hp_loss":0,"event_name":"Golden Wing","floor":5,"gold_loss":0},{"damage_healed":0,"gold_gain":0,"player_choice":"Damaged","damage_taken":11,"max_hp_gain":0,"max_hp_loss":0,"event_name":"Wheel of Change","floor":14,"gold_loss":0},{"damage_healed":0,"gold_gain":0,"player_choice":"Obtained Book","damage_taken":21,"max_hp_gain":0,"max_hp_loss":0,"event_name":"Cursed Tome","floor":28,"gold_loss":0},{"damage_healed":0,"gold_gain":0,"player_choice":"Upgrade","damage_taken":0,"max_hp_gain":0,"max_hp_loss":0,"event_name":"Designer","floor":31,"gold_loss":50,"cards_upgraded":["Disarm"]},{"damage_healed":0,"gold_gain":0,"player_choice":"Ignored","damage_taken":0,"max_hp_gain":0,"max_hp_loss":0,"event_name":"Tomb of Lord Red Mask","floor":38,"gold_loss":0},{"damage_healed":15,"gold_gain":0,"player_choice":"Writhe","damage_taken":0,"max_hp_gain":0,"max_hp_loss":0,"event_name":"Winding Halls","floor":45,"gold_loss":0,"cards_obtained":["Writhe"]},{"damage_healed":0,"gold_gain":0,"player_choice":"Ignored","damage_taken":0,"max_hp_gain":0,"max_hp_loss":0,"event_name":"SecretPortal","floor":48,"gold_loss":0}],"is_beta":false,"boss_relics":[{"not_picked":["White Beast Statue","Runic Dome"],"picked":"Orrery"},{"not_picked":["Pandora\u0027s Box","Eternal Feather"],"picked":"Busted Crown"}],"items_purged_floors":[20,46],"is_endless":false,"potions_floor_spawned":[1,10,11,12,18,19,27,29,35,36],"killed_by":"Shield and Spear","ascension_level":20}