{"gold_per_floor":[210,210,230,305,328,356,356,384,384,64,64,80,95,50,50,148,148,163,175,175,3,22,22,122,122,122,145,162,162,60,60,60,155,155,175,189,189,64,64,64,64],"floor_reached":41,"playtime":2758,"items_purged":["Defend_B","Defend_B","Strike_B"],"score":415,"play_id":"9064eac4-dbc7-4262-80eb-67e583e91d1a","local_time":"20180930172343","is_ascension_mode":true,"campfire_choices":[{"floor":7,"key":"REST"},{"data":"Steam","floor":15,"key":"SMITH"},{"data":"Go for the Eyes","floor":23,"key":"SMITH"},{"data":"Sweeping Beam","floor":29,"key":"SMITH"},{"data":"Machine Learning","floor":32,"key":"SMITH"},{"data":"Electrodynamics","floor":40,"key":"SMITH"}],"neow_cost":"NONE","seed_source_timestamp":75947588261505,"circlet_count":0,"master_deck":["Zap+1","Dualcast","Go for the Eyes+1","Stack+1","Steam+1","Steam+1","Tempest+1","Leap+1","Leap+1","Machine Learning+1","Hologram+1","Melter","Blizzard","Sweeping Beam+1","Bandage Up+1","Electrodynamics+1","Ball Lightning","Double Energy+1"],"relics":["Cracked Core","Juzu Bracelet","Ancient Tea Set","Bird Faced Urn","Toxic Egg 2","Lee\u0027s Waffle","Empty Cage","Shuriken","War Paint","Nuclear Battery"],"potions_floor_usage":[8,33,41,41],"damage_taken":[{"damage":8,"enemies":"Jaw Worm","floor":1,"turns":3},{"damage":12,"enemies":"Small Slimes","floor":3,"turns":2},{"damage":39,"enemies":"Gremlin Nob","floor":6,"turns":4},{"damage":11,"enemies":"Lagavulin","floor":8,"turns":8},{"damage":1,"enemies":"2 Louse","floor":12,"turns":2},{"damage":0,"enemies":"Large Slime","floor":13,"turns":4},{"damage":50,"enemies":"Hexaghost","floor":16,"turns":16},{"damage":12,"enemies":"Shell Parasite","floor":18,"turns":9},{"damage":6,"enemies":"Spheric Guardian","floor":19,"turns":4},{"damage":25,"enemies":"Chosen and Byrds","floor":22,"turns":7},{"damage":4,"enemies":"Snecko","floor":28,"turns":8},{"damage":67,"enemies":"Champ","floor":33,"turns":18},{"damage":0,"enemies":"3 Shapes","floor":35,"turns":3},{"damage":0,"enemies":"Orb Walker","floor":36,"turns":3},{"damage":101,"enemies":"Giant Head","floor":41,"turns":11}],"seed_played":"795053616891076848","potions_obtained":[{"floor":6,"key":"AttackPotion"},{"floor":8,"key":"SmokeBomb"},{"floor":13,"key":"EssenceOfSteel"},{"floor":18,"key":"Dexterity Potion"},{"floor":36,"key":"Poison Potion"}],"is_trial":false,"path_per_floor":["M","?","M","?","T","E","R","E","T","$","?","M","M","$","R","B",null,"M","M","?","$","M","R","?","?","T","T","M","R","$","?","R","B",null,"M","M","?","$","?","R"],"character_chosen":"DEFECT","items_purchased":["Steam+1","Lee\u0027s Waffle","Leap+1","Melter","Bandage Up+1"],"campfire_rested":1,"item_purchase_floors":[10,10,14,21,30],"current_hp_per_floor":[67,60,48,41,41,2,24,13,13,82,82,81,81,81,81,31,82,72,68,68,68,45,45,45,92,92,92,88,88,88,88,88,25,92,92,92,92,92,87,87,0],"gold":64,"neow_bonus":"HUNDRED_GOLD","is_prod":false,"is_daily":false,"chose_seed":false,"campfire_upgraded":5,"win_rate":0,"timestamp":1538321023,"path_taken":["M","?","?","?","?","E","R","E","T","?","?","M","M","$","R","BOSS","M","M","?","$","M","R","?","?","T","?","M","R","$","?","R","BOSS","M","M","?","$","?","R","E"],"build_version":"2018-09-27","purchased_purges":3,"victory":false,"max_hp_per_floor":[75,75,75,75,75,75,75,75,75,82,82,82,82,82,82,82,82,82,82,82,82,82,82,82,92,92,92,92,92,92,92,92,92,92,92,92,92,92,87,87,87],"card_choices":[{"not_picked":["Compile Driver","Stack"],"picked":"Go for the Eyes","floor":1},{"not_picked":["Compile Driver","Sunder","Coolheaded"],"picked":"SKIP","floor":3},{"not_picked":["Rainbow","Go for the Eyes"],"picked":"Stack","floor":6},{"not_picked":["Streamline","Multi-Cast"],"picked":"Steam","floor":8},{"not_picked":["Stack+1","Static Discharge"],"picked":"Tempest+1","floor":12},{"not_picked":["Cold Snap","Hologram+1"],"picked":"Leap+1","floor":13},{"not_picked":["Amplify+1","Core Surge"],"picked":"Machine Learning","floor":16},{"not_picked":["Turbo+1","Redo+1"],"picked":"Hologram+1","floor":18},{"not_picked":["Rip and Tear","Gash","Sunder"],"picked":"SKIP","floor":19},{"not_picked":["Beam Cell+1","Turbo+1"],"picked":"Blizzard","floor":22},{"not_picked":["Rebound","Blizzard"],"picked":"Sweeping Beam","floor":28},{"not_picked":["Amplify+1","Buffer"],"picked":"Electrodynamics","floor":33},{"not_picked":["Streamline","Rebound+1"],"picked":"Ball Lightning","floor":35},{"not_picked":["Lockon+1","Aggregate+1"],"picked":"Double Energy+1","floor":36}],"player_experience":98323,"relics_obtained":[{"floor":5,"key":"Juzu Bracelet"},{"floor":6,"key":"Ancient Tea Set"},{"floor":8,"key":"Bird Faced Urn"},{"floor":9,"key":"Toxic Egg 2"},{"floor":26,"key":"Shuriken"},{"floor":27,"key":"War Paint"}],"event_choices":[{"event_name":"Golden Wing","player_choice":"Card Removal","floor":2,"damage_taken":0},{"event_name":"FaceTrader","player_choice":"Touch","floor":4,"damage_taken":0},{"event_name":"Transmorgrifier","player_choice":"Transform","floor":11,"damage_taken":0},{"event_name":"Ghosts","player_choice":"Ignored","floor":20,"damage_taken":0},{"event_name":"Golden Shrine","player_choice":"Pray","floor":24,"damage_taken":0},{"event_name":"Bonfire Elementals","player_choice":"RARE","floor":25,"damage_taken":0},{"event_name":"Vampires","player_choice":"Ignored","floor":31,"damage_taken":0},{"event_name":"Purifier","player_choice":"One Purge","floor":37,"damage_taken":0},{"event_name":"Winding Halls","player_choice":"Max HP","floor":39,"damage_taken":0}],"is_beta":false,"boss_relics":[{"not_picked":["Busted Crown","Tiny House"],"picked":"Empty Cage"},{"not_picked":["White Beast Statue","Pandora\u0027s Box"],"picked":"Nuclear Battery"}],"items_purged_floors":[10,21,38],"is_endless":false,"potions_floor_spawned":[6,8,13,18,22,28,36],"killed_by":"Giant Head","ascension_level":1}