{"gold_per_floor":[114,264,264,85,99,99,119,152,152,152,2,2,22,22],"floor_reached":14,"playtime":466,"items_purged":["Doubt","Strike_G"],"score":176,"play_id":"fc417a82-d33e-43c5-9d5d-28d979f18401","local_time":"20190423200412","is_ascension_mode":true,"campfire_choices":[{"data":"Skewer","floor":6,"key":"SMITH"}],"neow_cost":"CURSE","seed_source_timestamp":250959477291400,"circlet_count":0,"master_deck":["AscendersBane","Defend_G","Defend_G","Defend_G","Defend_G","Strike_G","Strike_G","Strike_G","Survivor","Neutralize","Clumsy","Well Laid Plans","Prepared","Cloak And Dagger","Footwork","Backflip","Skewer+1","Deflect","Corpse Explosion","Cloak And Dagger"],"relics":["Ring of the Snake","Golden Idol","Singing Bowl","Shuriken","Unceasing Top"],"potions_floor_usage":[14,14],"damage_taken":[{"damage":0,"enemies":"Small Slimes","floor":1,"turns":4},{"damage":0,"enemies":"2 Louse","floor":5,"turns":2},{"damage":0,"enemies":"Cultist","floor":7,"turns":3},{"damage":28,"enemies":"3 Sentries","floor":8,"turns":11},{"damage":2,"enemies":"Blue Slaver","floor":13,"turns":6},{"damage":30,"enemies":"Lagavulin Event","floor":14,"turns":8}],"seed_played":"-503604879458430047","potions_obtained":[{"floor":5,"key":"EssenceOfSteel"},{"floor":7,"key":"Energy Potion"}],"is_trial":false,"path_per_floor":["M","?","?","$","M","R","M","E","T","?","$","?","M","?"],"character_chosen":"THE_SILENT","items_purchased":["Footwork","Backflip","Cloak And Dagger"],"campfire_rested":0,"item_purchase_floors":[4,4,11],"current_hp_per_floor":[59,59,59,59,59,59,59,31,31,20,20,20,20,0],"gold":22,"neow_bonus":"TRANSFORM_TWO_CARDS","is_prod":false,"is_daily":false,"chose_seed":false,"campfire_upgraded":1,"win_rate":0,"timestamp":1556042652,"path_taken":["M","?","?","$","M","R","M","E","T","?","$","?","?","?"],"build_version":"2019-01-23","purchased_purges":2,"victory":false,"max_hp_per_floor":[66,66,60,60,60,60,60,60,60,60,60,60,62,62],"card_choices":[{"not_picked":["Deflect","Dagger Spray"],"picked":"Cloak And Dagger","floor":1},{"not_picked":["Infinite Blades","Poisoned Stab"],"picked":"Skewer","floor":5},{"not_picked":["Poisoned Stab","Flying Knee"],"picked":"Deflect","floor":7},{"not_picked":["Predator","All Out Attack"],"picked":"Corpse Explosion","floor":8},{"not_picked":["Skewer","All Out Attack","Outmaneuver"],"picked":"Singing Bowl","floor":13}],"player_experience":592215,"relics_obtained":[{"floor":8,"key":"Singing Bowl"},{"floor":9,"key":"Shuriken"}],"event_choices":[{"damage_healed":0,"gold_gain":150,"player_choice":"AGREE","damage_taken":0,"max_hp_gain":0,"max_hp_loss":0,"event_name":"Liars Game","floor":2,"gold_loss":0,"cards_obtained":["Doubt"]},{"damage_healed":0,"gold_gain":0,"player_choice":"Lose Max HP","damage_taken":0,"relics_obtained":["Golden Idol"],"max_hp_gain":0,"max_hp_loss":6,"event_name":"Golden Idol","floor":3,"gold_loss":0},{"damage_healed":0,"gold_gain":0,"player_choice":"Success","damage_taken":11,"relics_obtained":["Unceasing Top"],"max_hp_gain":0,"max_hp_loss":0,"event_name":"Scrap Ooze","floor":10,"gold_loss":0},{"damage_healed":0,"gold_gain":0,"player_choice":"Got Potions","damage_taken":0,"max_hp_gain":0,"max_hp_loss":0,"event_name":"Lab","floor":12,"gold_loss":0},{"damage_healed":0,"gold_gain":0,"player_choice":"Searched \u00271\u0027 times","damage_taken":0,"max_hp_gain":0,"max_hp_loss":0,"event_name":"Dead Adventurer","floor":14,"gold_loss":0}],"is_beta":false,"boss_relics":[],"items_purged_floors":[4,11],"is_endless":false,"potions_floor_spawned":[5,7],"killed_by":"Lagavulin Event","ascension_level":20}