{"gold_per_floor":[116,116,116,137,155,191,191,216,241,241,241],"floor_reached":11,"playtime":1038,"items_purged":[],"score":84,"play_id":"bad78663-9b09-4245-b1e8-9e0128d19967","local_time":"20181117212557","is_ascension_mode":true,"campfire_choices":[{"data":"Burst","floor":7.0,"key":"SMITH"},{"data":"Footwork","floor":10,"key":"SMITH"}],"neow_cost":"NONE","seed_source_timestamp":0,"circlet_count":0,"master_deck":["Defend_G","Defend_G","Defend_G","Defend_G","Defend_G","Strike_G","Strike_G+1","Strike_G+1","Strike_G","Strike_G","Survivor","Neutralize","Footwork+1","Injury","Backflip","Prepared","Burst+1","Setup"],"special_seed":0,"relics":["Ring of the Snake","Golden Idol","Ancient Tea Set","Anchor"],"potions_floor_usage":[11,11],"damage_taken":[{"damage":5.0,"enemies":"Jaw Worm","floor":1.0,"turns":6.0},{"damage":0.0,"enemies":"Small Slimes","floor":4.0,"turns":3.0},{"damage":0.0,"enemies":"2 Louse","floor":5.0,"turns":3.0},{"damage":19.0,"enemies":"3 Sentries","floor":6.0,"turns":13.0},{"damage":0,"enemies":"2 Fungi Beasts","floor":8,"turns":4},{"damage":43,"enemies":"Gremlin Nob","floor":11,"turns":6}],"seed_played":"4333969497596306322","potions_obtained":[{"floor":1.0,"key":"PowerPotion"},{"floor":6.0,"key":"Weak Potion"},{"floor":8,"key":"SpeedPotion"}],"is_trial":false,"path_per_floor":["M","?","?","M","M","E","R","M","T","R","E"],"character_chosen":"THE_SILENT","items_purchased":[],"campfire_rested":0,"item_purchase_floors":[],"current_hp_per_floor":[72,57,57,57,57,38,38,38,38,38,0],"gold":241,"neow_bonus":"TEN_PERCENT_HP_BONUS","is_prod":false,"is_daily":false,"chose_seed":false,"campfire_upgraded":2,"win_rate":0,"timestamp":1542511557,"path_taken":["M","?","?","?","M","E","R","M","T","R","E"],"build_version":"2018-11-15","purchased_purges":0,"victory":false,"max_hp_per_floor":[77,77,77,77,77,77,77,77,77,77,77],"card_choices":[{"not_picked":["Flechettes","Prepared"],"picked":"Footwork","floor":1.0},{"not_picked":["Deflect","Catalyst"],"picked":"Backflip","floor":4.0},{"not_picked":["PiercingWail","Tactician"],"picked":"Prepared","floor":5.0},{"not_picked":["Deadly Poison","Tactician"],"picked":"Burst","floor":6.0},{"not_picked":["Cloak And Dagger","Finisher"],"picked":"Setup","floor":8}],"player_experience":214156,"relics_obtained":[{"floor":6.0,"key":"Ancient Tea Set"},{"floor":9,"key":"Anchor"}],"event_choices":[{"damage_healed":0.0,"max_hp_gain":0.0,"max_hp_loss":0.0,"gold_gain":0.0,"event_name":"Shining Light","player_choice":"Entered Light","floor":2.0,"gold_loss":0.0,"damage_taken":15.0,"cards_upgraded":["Strike_G","Strike_G"]},{"damage_healed":0.0,"max_hp_gain":0.0,"max_hp_loss":0.0,"gold_gain":0.0,"event_name":"Golden Idol","player_choice":"Take Wound","floor":3.0,"gold_loss":0.0,"damage_taken":0.0,"relics_obtained":["Golden Idol"],"cards_obtained":["Injury"]}],"is_beta":false,"boss_relics":[],"items_purged_floors":[],"is_endless":false,"potions_floor_spawned":[1,6,8],"killed_by":"Gremlin Nob","ascension_level":3}