{"gold_per_floor":[218,236,250,27,177,177,177,187,264,264,264,276,194,194,194,268,268,288,306,306,318,318,318,318,318,342,342,134,134,145,195,195,195],"floor_reached":33,"playtime":1142,"items_purged":["Doubt","Strike_B"],"score":450,"play_id":"904cbb24-d031-4a02-bfe0-01a692f05438","local_time":"20190315010950","is_ascension_mode":true,"campfire_choices":[{"data":"Hologram","floor":6.0,"key":"SMITH"},{"floor":15.0,"key":"REST"},{"floor":23.0,"key":"REST"},{"data":"Self Repair","floor":25.0,"key":"SMITH"},{"data":"Capacitor","floor":27.0,"key":"SMITH"},{"floor":32.0,"key":"REST"}],"neow_cost":"NONE","seed_source_timestamp":98929995553500,"circlet_count":0,"master_deck":["AscendersBane","Strike_B","Strike_B+1","Strike_B","Defend_B","Defend_B","Defend_B","Defend_B","Zap+1","Dualcast","Glacier","Hologram+1","Self Repair","Self Repair+1","Capacitor+1","Seek","Blizzard+1","Rebound"],"special_seed":0,"relics":["Cracked Core","Membership Card","Mercury Hourglass","Happy Flower","Omamori","Nuclear Battery","MutagenicStrength","DataDisk","Thread and Needle"],"potions_floor_usage":[33],"damage_taken":[{"damage":1.0,"enemies":"Cultist","floor":1.0,"turns":3.0},{"damage":0.0,"enemies":"Jaw Worm","floor":2.0,"turns":5.0},{"damage":0.0,"enemies":"2 Louse","floor":3.0,"turns":3.0},{"damage":0.0,"enemies":"Gremlin Nob","floor":7.0,"turns":1.0},{"damage":23.0,"enemies":"Large Slime","floor":8.0,"turns":12.0},{"damage":3.0,"enemies":"Blue Slaver","floor":12.0,"turns":4.0},{"damage":31.0,"enemies":"Hexaghost","floor":16.0,"turns":12.0},{"damage":22.0,"enemies":"Spheric Guardian","floor":18.0,"turns":6.0},{"damage":17.0,"enemies":"Shell Parasite","floor":19.0,"turns":11.0},{"damage":36.0,"enemies":"Snake Plant","floor":21.0,"turns":7.0},{"damage":21.0,"enemies":"Colosseum Slavers","floor":22.0,"turns":6.0},{"damage":24.0,"enemies":"3 Cultists","floor":30.0,"turns":6.0},{"damage":59,"enemies":"Automaton","floor":33,"turns":10}],"seed_played":"-2589376191527321915","potions_obtained":[{"floor":1.0,"key":"Dexterity Potion"},{"floor":3.0,"key":"SmokeBomb"},{"floor":16.0,"key":"PowerPotion"},{"floor":18.0,"key":"Weak Potion"},{"floor":30.0,"key":"AttackPotion"}],"is_trial":false,"path_per_floor":["M","M","M","$","?","R","E","M","T","?","?","M","$","T","R","B",null,"M","M","?","M","?","R","?","R","T","R","$","?","M","?","R","B"],"character_chosen":"DEFECT","items_purchased":["Membership Card","Capacitor","Thread and Needle"],"campfire_rested":3,"item_purchase_floors":[4,13,28],"current_hp_per_floor":[63,63,63,63,63,63,63,47,47,26,21,25,25,25,46,29,61,53,50,50,28,21,42,42,42,42,42,42,42,35,35,56,0],"gold":195,"neow_bonus":"HUNDRED_GOLD","is_prod":false,"is_daily":false,"chose_seed":false,"campfire_upgraded":3,"win_rate":0,"timestamp":1552608590,"path_taken":["M","M","?","$","?","R","E","M","T","?","?","M","$","?","R","BOSS","M","M","?","?","?","R","?","R","T","R","$","?","M","?","R","BOSS"],"build_version":"2019-01-23","purchased_purges":2,"victory":false,"max_hp_per_floor":[71,71,71,71,71,71,71,71,71,71,71,71,71,71,71,71,71,71,71,71,71,71,71,71,71,71,71,71,71,71,71,71,71],"card_choices":[{"not_picked":["Beam Cell","Auto Shields"],"picked":"Glacier","floor":1.0},{"not_picked":["Static Discharge","Steam"],"picked":"Hologram","floor":2.0},{"not_picked":["Turbo","Go for the Eyes"],"picked":"Self Repair","floor":3.0},{"not_picked":["Cold Snap","Ball Lightning","Beam Cell"],"picked":"SKIP","floor":8.0},{"not_picked":["Tempest","Doom and Gloom"],"picked":"Self Repair","floor":12.0},{"not_picked":["Fission","Multi-Cast"],"picked":"Seek","floor":16.0},{"not_picked":["Rip and Tear","Reprogram","Stack"],"picked":"SKIP","floor":18.0},{"not_picked":["Sweeping Beam","Steam"],"picked":"Blizzard","floor":19.0},{"not_picked":["Ball Lightning","Go for the Eyes"],"picked":"Rebound","floor":21.0},{"not_picked":["Beam Cell","Ball Lightning","Reprogram"],"picked":"SKIP","floor":30.0}],"player_experience":482897,"relics_obtained":[{"floor":9.0,"key":"Mercury Hourglass"},{"floor":14.0,"key":"Omamori"},{"floor":26.0,"key":"DataDisk"}],"event_choices":[{"damage_healed":0.0,"max_hp_gain":0.0,"max_hp_loss":0.0,"gold_gain":150.0,"event_name":"Liars Game","player_choice":"AGREE","floor":5.0,"gold_loss":0.0,"damage_taken":0.0,"cards_obtained":["Doubt"]},{"damage_healed":0.0,"max_hp_gain":0.0,"max_hp_loss":0.0,"gold_gain":0.0,"event_name":"Shining Light","player_choice":"Entered Light","floor":10.0,"gold_loss":0.0,"damage_taken":21.0,"cards_upgraded":["Zap","Strike_B"]},{"damage_healed":0.0,"max_hp_gain":0.0,"max_hp_loss":0.0,"gold_gain":0.0,"event_name":"Scrap Ooze","player_choice":"Success","floor":11.0,"gold_loss":0.0,"damage_taken":5.0,"relics_obtained":["Happy Flower"]},{"damage_healed":0.0,"max_hp_gain":0.0,"max_hp_loss":0.0,"gold_gain":0.0,"event_name":"Upgrade Shrine","player_choice":"Upgraded","floor":20.0,"gold_loss":0.0,"damage_taken":0.0,"cards_upgraded":["Blizzard"]},{"damage_healed":0.0,"max_hp_gain":0.0,"max_hp_loss":0.0,"gold_gain":0.0,"event_name":"Colosseum","player_choice":"Fight","floor":22.0,"gold_loss":0.0,"damage_taken":0.0},{"damage_healed":0.0,"max_hp_gain":0.0,"max_hp_loss":0.0,"gold_gain":0.0,"event_name":"Colosseum","player_choice":"Fled From Nobs","floor":22.0,"gold_loss":0.0,"damage_taken":0.0},{"damage_healed":0.0,"max_hp_gain":0.0,"max_hp_loss":0.0,"gold_gain":0.0,"event_name":"Drug Dealer","player_choice":"Inject Mutagens","floor":24.0,"gold_loss":0.0,"damage_taken":0.0,"relics_obtained":["MutagenicStrength"]},{"damage_healed":0.0,"max_hp_gain":0.0,"max_hp_loss":0.0,"gold_gain":0.0,"event_name":"Vampires","player_choice":"Ignored","floor":29.0,"gold_loss":0.0,"damage_taken":0.0},{"damage_healed":0.0,"max_hp_gain":0.0,"max_hp_loss":0.0,"gold_gain":100.0,"event_name":"The Joust","player_choice":"Bet on Murderer","floor":31.0,"gold_loss":50.0,"damage_taken":0.0}],"is_beta":false,"boss_relics":[{"not_picked":["Philosopher\u0027s Stone","Orrery"],"picked":"Nuclear Battery"}],"items_purged_floors":[13,28],"is_endless":false,"potions_floor_spawned":[1,3,7,16,18,30],"killed_by":"Automaton","ascension_level":17}