{"gold_per_floor":[219,237,17,37,54,54,54,129,129,162,173,192,14,31,31,133,133,143,159,171,186,186],"floor_reached":22,"playtime":3565,"items_purged":["Defend_G","Strike_G"],"score":192,"play_id":"e9f32c57-8182-41df-ace5-4676d49273f8","local_time":"20180926202222","is_ascension_mode":false,"campfire_choices":[{"data":"Neutralize","floor":6,"key":"SMITH"},{"floor":15,"key":"REST"}],"neow_cost":"NONE","seed_source_timestamp":450233418577624,"circlet_count":0,"master_deck":["Defend_G","Defend_G","Defend_G","Defend_G+1","Strike_G","Strike_G","Strike_G+1","Strike_G","Survivor","Neutralize+1","PiercingWail+1","Backflip","Enlightenment+1","Deflect","Flying Knee","Dodge and Roll","Noxious Fumes","Bane","Crippling Poison","Adrenaline","Flying Knee","Bane","Predator","PiercingWail","Deadly Poison","Blur","Catalyst","Footwork+1"],"relics":["Ring of the Snake","War Paint","Pear","Orrery"],"potions_floor_usage":[10,16,16,19,22],"damage_taken":[{"damage":0,"enemies":"2 Louse","floor":1,"turns":4},{"damage":0,"enemies":"Jaw Worm","floor":2,"turns":5},{"damage":0,"enemies":"Small Slimes","floor":4,"turns":4},{"damage":6,"enemies":"Looter","floor":5,"turns":3},{"damage":12,"enemies":"3 Sentries","floor":10,"turns":12},{"damage":9,"enemies":"Lots of Slimes","floor":11,"turns":4},{"damage":0,"enemies":"Blue Slaver","floor":12,"turns":4},{"damage":1,"enemies":"Gremlin Gang","floor":14,"turns":6},{"damage":10,"enemies":"The Guardian","floor":16,"turns":12},{"damage":15,"enemies":"3 Byrds","floor":18,"turns":6},{"damage":0,"enemies":"Chosen","floor":19,"turns":5},{"damage":18,"enemies":"Snake Plant","floor":20,"turns":6},{"damage":34,"enemies":"Shelled Parasite and Fungi","floor":21,"turns":11},{"damage":18,"enemies":"3 Cultists","floor":22,"turns":4}],"seed_played":"8267491194807581585","potions_obtained":[{"floor":2,"key":"AttackPotion"},{"floor":4,"key":"GhostInAJar"},{"floor":12,"key":"Block Potion"},{"floor":14,"key":"Ancient Potion"},{"floor":16,"key":"SpeedPotion"},{"floor":19,"key":"LiquidBronze"},{"floor":20,"key":"FearPotion"}],"is_trial":false,"path_per_floor":["M","M","$","M","M","R","?","?","T","E","M","M","$","M","R","B",null,"M","M","M","M"],"character_chosen":"THE_SILENT","items_purchased":["Enlightenment","Deflect","Crippling Poison"],"campfire_rested":1,"item_purchase_floors":[3,3,13],"current_hp_per_floor":[70,70,70,70,64,64,50,43,43,41,32,32,32,31,55,45,80,65,65,47,13,0],"gold":186,"neow_bonus":"HUNDRED_GOLD","is_prod":false,"is_daily":false,"chose_seed":false,"campfire_upgraded":1,"win_rate":0.0,"timestamp":1537986142,"path_taken":["M","M","$","M","M","R","?","?","T","E","?","?","$","M","R","BOSS","M","M","M","M","M"],"build_version":"2018-09-20","purchased_purges":2,"victory":false,"max_hp_per_floor":[70,70,70,70,70,70,70,70,70,80,80,80,80,80,80,80,80,80,80,80,80,80],"card_choices":[{"not_picked":["Outmaneuver","Dagger Throw"],"picked":"PiercingWail","floor":1},{"not_picked":["Escape Plan","Blade Dance"],"picked":"Backflip","floor":2},{"not_picked":["Expertise","Dagger Spray"],"picked":"Flying Knee","floor":4},{"not_picked":["Flying Knee","Adrenaline"],"picked":"Dodge and Roll","floor":5},{"not_picked":["Bane","Tactician"],"picked":"Noxious Fumes","floor":10},{"not_picked":["Dagger Throw","Choke"],"picked":"Bane","floor":11},{"not_picked":["Skewer","Quick Slash","Sucker Punch"],"picked":"SKIP","floor":12},{"not_picked":["Sucker Punch","Riddle With Holes","Calculated Gamble"],"picked":"SKIP","floor":14},{"not_picked":["Burst","Bullet Time"],"picked":"Adrenaline","floor":16},{"not_picked":["Caltrops","Heel Hook"],"picked":"Flying Knee","floor":17},{"not_picked":["Dagger Spray","Poisoned Stab"],"picked":"Bane","floor":17},{"not_picked":["Dagger Spray","Sucker Punch"],"picked":"Predator","floor":17},{"not_picked":["Dagger Spray","Tools of the Trade"],"picked":"PiercingWail","floor":17},{"not_picked":["Sucker Punch+1","Poisoned Stab"],"picked":"Deadly Poison","floor":18},{"not_picked":["Deflect","Flying Knee"],"picked":"Blur","floor":19},{"not_picked":["Underhanded Strike+1","Quick Slash+1"],"picked":"Catalyst","floor":20},{"not_picked":["Calculated Gamble","PiercingWail"],"picked":"Footwork+1","floor":21}],"player_experience":25212,"relics_obtained":[{"floor":9,"key":"War Paint"},{"floor":10,"key":"Pear"}],"event_choices":[{"event_name":"Shining Light","player_choice":"Entered Light","floor":7,"damage_taken":0},{"event_name":"FaceTrader","player_choice":"Touch","floor":8,"damage_taken":0}],"is_beta":false,"boss_relics":[{"not_picked":["Cursed Key","Ring of the Serpent"],"picked":"Orrery"}],"items_purged_floors":[3,13],"is_endless":false,"potions_floor_spawned":[2,4,12,14,16,19,20],"killed_by":"3 Cultists","ascension_level":0}