{"gold_per_floor":[116,136,151,151,151,151,183,183,183,200,232,57,71,98,98,197,197,216,229,229,144,144,169,169,204,204,204,5,20,20,34,34,135,135,152,152,152,81,100,100,132,132,159,173,173,199,0,14,14,14],"floor_reached":50,"playtime":2774,"items_purged":["Strike_G"],"score":859,"play_id":"e7029a82-1bf4-4810-8afa-4264aa5750e5","local_time":"20190402181416","is_ascension_mode":true,"campfire_choices":[{"data":"Dash","floor":6,"key":"SMITH"},{"data":"Envenom","floor":15,"key":"SMITH"},{"data":"Blade Dance","floor":24,"key":"SMITH"},{"data":"Footwork","floor":27,"key":"SMITH"},{"data":"Cloak And Dagger","floor":30,"key":"SMITH"},{"data":"Dodge and Roll","floor":32,"key":"SMITH"},{"data":"Blur","floor":40,"key":"SMITH"},{"data":"Defend_G","floor":45,"key":"SMITH"},{"data":"Defend_G","floor":49,"key":"SMITH"}],"neow_cost":"NONE","seed_source_timestamp":759295211420867,"circlet_count":0,"master_deck":["AscendersBane","Defend_G+1","Defend_G","Defend_G","Defend_G+1","Defend_G","Survivor","Neutralize+1","Dash+1","Masterful Stab","Backstab+1","Endless Agony+1","Envenom+1","Bane+1","Dodge and Roll+1","Footwork+1","Die Die Die+1","Cloak And Dagger+1","Slice+1","PiercingWail","Bite+1","Bite+1","Bite+1","Bite+1","Bite+1","Blade Dance+1","Die Die Die+1","Slice+1","Noxious Fumes+1","Blur+1","Infinite Blades","Blur+1","Leg Sweep+1"],"relics":["Ring of the Snake","Juzu Bracelet","Meat on the Bone","Molten Egg 2","Shuriken","Potion Belt","Dream Catcher","Eternal Feather","Bag of Marbles","Bronze Scales","Snake Skull","Mummified Hand","Sling","WristBlade","Orichalcum","Bottled Tornado","Omamori","Frozen Egg 2","Red Mask"],"potions_floor_usage":[16,25,33,41,48,50],"damage_taken":[{"damage":7,"enemies":"Small Slimes","floor":1,"turns":5},{"damage":0,"enemies":"2 Louse","floor":2,"turns":2},{"damage":0,"enemies":"Cultist","floor":3,"turns":5},{"damage":27,"enemies":"3 Sentries","floor":7,"turns":12},{"damage":0,"enemies":"Exordium Wildlife","floor":10,"turns":2},{"damage":13,"enemies":"Gremlin Nob","floor":11,"turns":4},{"damage":0,"enemies":"Lots of Slimes","floor":13,"turns":3},{"damage":6,"enemies":"3 Sentries","floor":14,"turns":6},{"damage":13,"enemies":"Slime Boss","floor":16,"turns":9},{"damage":12,"enemies":"3 Byrds","floor":18,"turns":6},{"damage":8,"enemies":"2 Thieves","floor":19,"turns":4},{"damage":12,"enemies":"Slavers","floor":23,"turns":6},{"damage":17,"enemies":"Book of Stabbing","floor":25,"turns":3},{"damage":0,"enemies":"Snake Plant","floor":29,"turns":2},{"damage":0,"enemies":"Chosen and Byrds","floor":31,"turns":3},{"damage":32,"enemies":"Champ","floor":33,"turns":8},{"damage":20,"enemies":"3 Shapes","floor":35,"turns":2},{"damage":0,"enemies":"3 Darklings","floor":39,"turns":2},{"damage":21,"enemies":"Nemesis","floor":41,"turns":4},{"damage":7,"enemies":"4 Shapes","floor":44,"turns":5},{"damage":26,"enemies":"Reptomancer","floor":46,"turns":6},{"damage":12,"enemies":"Transient","floor":48,"turns":5},{"damage":55,"enemies":"Awakened One","floor":50,"turns":5}],"seed_played":"1257036259402199654","potions_obtained":[{"floor":1,"key":"Dexterity Potion"},{"floor":11,"key":"Swift Potion"},{"floor":14,"key":"SteroidPotion"},{"floor":16,"key":"Poison Potion"},{"floor":18,"key":"Swift Potion"},{"floor":23,"key":"Regen Potion"},{"floor":29,"key":"GhostInAJar"},{"floor":33,"key":"Poison Potion"},{"floor":41,"key":"Explosive Potion"}],"is_trial":false,"path_per_floor":["M","M","M","?","?","R","E","?","T","M","E","$","M","E","R","B",null,"M","M","?","?","?","E","R","E","T","R","$","M","R","M","R","B",null,"M","?","?","$","M","R","E","T","T","M","R","E","?","M","R","B"],"character_chosen":"THE_SILENT","items_purchased":["Bane+1","GhostInAJar","Sling","Blur"],"campfire_rested":0,"item_purchase_floors":[12,12,28,38],"current_hp_per_floor":[56,56,56,56,56,56,41,64,64,64,51,51,51,45,45,44,64,52,44,44,44,44,44,49,38,38,49,49,49,49,49,49,39,47,35,35,35,35,38,47,35,35,35,34,47,30,30,33,47,0],"gold":14,"neow_bonus":"RANDOM_COMMON_RELIC","is_prod":false,"is_daily":false,"chose_seed":false,"campfire_upgraded":9,"win_rate":0,"timestamp":1554221656,"path_taken":["M","M","M","?","?","R","E","?","T","M","E","$","M","E","R","BOSS","M","M","?","?","?","E","R","E","T","R","$","M","R","M","R","BOSS","M","?","?","$","M","R","E","?","T","M","R","E","?","M","R","BOSS"],"build_version":"2019-01-23","purchased_purges":1,"victory":false,"max_hp_per_floor":[70,70,70,70,70,70,70,70,70,70,70,70,70,70,70,70,70,70,70,70,70,49,49,49,49,49,49,49,49,49,49,49,49,49,49,47,47,47,47,47,47,47,47,47,47,47,47,47,47,47],"card_choices":[{"not_picked":["Predator","Quick Slash","PiercingWail"],"picked":"SKIP","floor":1},{"not_picked":["All Out Attack","PiercingWail"],"picked":"Dash","floor":2},{"not_picked":["Poisoned Stab","Prepared"],"picked":"Masterful Stab","floor":3},{"not_picked":["Expertise","Underhanded Strike"],"picked":"Backstab","floor":7},{"not_picked":["Deflect","Acrobatics"],"picked":"Endless Agony+1","floor":10},{"not_picked":["Dodge and Roll","Catalyst"],"picked":"Envenom","floor":11},{"not_picked":["Accuracy","Flying Knee+1"],"picked":"Dodge and Roll","floor":13},{"not_picked":["Bouncing Flask","Night Terror"],"picked":"Footwork","floor":14},{"not_picked":["Unload+1","Malaise"],"picked":"Die Die Die+1","floor":16},{"not_picked":["Acrobatics+1","Choke+1"],"picked":"Cloak And Dagger","floor":18},{"not_picked":["Outmaneuver+1","Masterful Stab+1"],"picked":"Slice+1","floor":19},{"not_picked":["Choke+1","Finisher+1"],"picked":"Blade Dance","floor":23},{"not_picked":["Dagger Spray+1","Flechettes+1"],"picked":"Die Die Die+1","floor":25},{"not_picked":["Poisoned Stab+1","Flying Knee+1"],"picked":"Slice+1","floor":29},{"not_picked":["Eviscerate+1","Caltrops","Flechettes+1"],"picked":"SKIP","floor":31},{"not_picked":["Blade Dance","Caltrops"],"picked":"Noxious Fumes+1","floor":35},{"not_picked":["Flying Knee+1","Dagger Spray+1"],"picked":"Infinite Blades","floor":39},{"not_picked":["Prepared+1","Dagger Throw+1","Distraction"],"picked":"SKIP","floor":41},{"not_picked":["Flying Knee+1","Underhanded Strike+1","Doppelganger"],"picked":"SKIP","floor":44},{"not_picked":["Dash+1","Masterful Stab+1"],"picked":"Blur+1","floor":46},{"not_picked":["Riddle With Holes+1","Quick Slash+1"],"picked":"Leg Sweep+1","floor":48}],"player_experience":414867,"relics_obtained":[{"floor":7,"key":"Molten Egg 2"},{"floor":9,"key":"Shuriken"},{"floor":11,"key":"Potion Belt"},{"floor":14,"key":"Dream Catcher"},{"floor":23,"key":"Bronze Scales"},{"floor":25,"key":"Snake Skull"},{"floor":26,"key":"Mummified Hand"},{"floor":41,"key":"Orichalcum"},{"floor":42,"key":"Bottled Tornado"},{"floor":43,"key":"Omamori"},{"floor":46,"key":"Frozen Egg 2"}],"event_choices":[{"damage_healed":0,"gold_gain":0,"player_choice":"Grow","damage_taken":0,"max_hp_gain":0,"max_hp_loss":0,"event_name":"Living Wall","floor":4,"gold_loss":0,"cards_upgraded":["Neutralize"]},{"damage_healed":0,"gold_gain":0,"player_choice":"Gave Potion","damage_taken":0,"relics_obtained":["Meat on the Bone"],"max_hp_gain":0,"max_hp_loss":0,"event_name":"WeMeetAgain","floor":5,"gold_loss":0},{"damage_healed":23,"gold_gain":0,"player_choice":"Banana","damage_taken":0,"max_hp_gain":0,"max_hp_loss":0,"event_name":"Big Fish","floor":8,"gold_loss":0},{"damage_healed":0,"gold_gain":0,"cards_transformed":["Strike_G"],"player_choice":"Transformed","damage_taken":0,"max_hp_gain":0,"max_hp_loss":0,"event_name":"Transmorgrifier","floor":20,"gold_loss":0,"cards_obtained":["PiercingWail"]},{"damage_healed":0,"gold_gain":0,"player_choice":"Obtained Relic","damage_taken":0,"relics_obtained":["Bag of Marbles"],"max_hp_gain":0,"max_hp_loss":0,"event_name":"Addict","floor":21,"gold_loss":85},{"damage_healed":0,"gold_gain":0,"player_choice":"Became a vampire","damage_taken":0,"max_hp_gain":0,"max_hp_loss":21,"event_name":"Vampires","floor":22,"gold_loss":0,"cards_obtained":["Bite","Bite","Bite","Bite","Bite"]},{"damage_healed":0,"gold_gain":0,"player_choice":"Max HP","damage_taken":0,"max_hp_gain":0,"max_hp_loss":2,"event_name":"Winding Halls","floor":36,"gold_loss":0},{"damage_healed":0,"gold_gain":0,"player_choice":"Ignored","damage_taken":0,"max_hp_gain":0,"max_hp_loss":0,"event_name":"Mysterious Sphere","floor":37,"gold_loss":0},{"damage_healed":0,"gold_gain":0,"player_choice":"Paid","damage_taken":0,"relics_obtained":["Red Mask"],"max_hp_gain":0,"max_hp_loss":0,"event_name":"Tomb of Lord Red Mask","floor":47,"gold_loss":199}],"is_beta":false,"boss_relics":[{"not_picked":["Busted Crown","Philosopher\u0027s Stone"],"picked":"Eternal Feather"},{"not_picked":["Velvet Choker","HoveringKite"],"picked":"WristBlade"}],"items_purged_floors":[12],"is_endless":false,"potions_floor_spawned":[1,11,14,16,18,23,29,33,41,44,46],"killed_by":"Awakened One","ascension_level":10}