{"gold_per_floor":[119,135,135,135,152,182,182,192,215,215,215,17,32,55,55,176,176,195,120,144,324,69,69,83,83,83,104,104,119,137,87,87,206,206,220,345,345,100,119,139,139,164,164,187,187,211,211,257,257,257],"floor_reached":51,"playtime":1177,"items_purged":[],"score":701,"play_id":"5aac4c16-9bdb-47b7-b5f6-d43aa1a7dd70","local_time":"20190509225547","is_ascension_mode":false,"campfire_choices":[{"data":"Shockwave","floor":7,"key":"SMITH"},{"data":"Iron Wave","floor":10,"key":"SMITH"},{"floor":15,"key":"REST"},{"floor":23,"key":"REST"},{"data":"Spot Weakness","floor":25,"key":"SMITH"},{"data":"Heavy Blade","floor":28,"key":"SMITH"},{"data":"Heavy Blade","floor":32,"key":"SMITH"},{"floor":47,"key":"REST"},{"floor":49,"key":"REST"}],"neow_cost":"NONE","seed_source_timestamp":271854842597094,"circlet_count":0,"master_deck":["Strike_R","Strike_R","Strike_R","Strike_R","Strike_R","Defend_R","Defend_R","Bash","Iron Wave+1","Clothesline","Shockwave+1","Spot Weakness+1","Reaper","Shrug It Off","Whirlwind+1","Uppercut+1","Heavy Blade+1","Heavy Blade+1","Power Through","Demon Form","Headbutt+1","Twin Strike","Sword Boomerang+1","Writhe"],"relics":["Burning Blood","NeowsBlessing","Orichalcum","Potion Belt","Anchor","Golden Idol","HandDrill","Mark of Pain","Bottled Lightning","Smiling Mask","Cursed Key","Pocketwatch","Gremlin Horn","Dream Catcher"],"potions_floor_usage":[14,29,33,44],"damage_taken":[{"damage":0,"enemies":"Small Slimes","floor":1,"turns":1},{"damage":0,"enemies":"Cultist","floor":2,"turns":1},{"damage":0,"enemies":"2 Louse","floor":5,"turns":1},{"damage":29,"enemies":"3 Sentries","floor":6,"turns":10},{"damage":4,"enemies":"2 Fungi Beasts","floor":8,"turns":3},{"damage":4,"enemies":"Red Slaver","floor":13,"turns":3},{"damage":31,"enemies":"Gremlin Gang","floor":14,"turns":5},{"damage":25,"enemies":"Hexaghost","floor":16,"turns":10},{"damage":19,"enemies":"3 Byrds","floor":18,"turns":6},{"damage":21,"enemies":"Spheric Guardian","floor":20,"turns":5},{"damage":12,"enemies":"Snake Plant","floor":24,"turns":3},{"damage":1,"enemies":"Cultist and Chosen","floor":27,"turns":4},{"damage":8,"enemies":"Shelled Parasite and Fungi","floor":29,"turns":2},{"damage":10,"enemies":"Centurion and Healer","floor":30,"turns":3},{"damage":48,"enemies":"Champ","floor":33,"turns":9},{"damage":7,"enemies":"3 Shapes","floor":35,"turns":3},{"damage":21,"enemies":"Mind Bloom Boss Battle","floor":36,"turns":5},{"damage":0,"enemies":"Orb Walker","floor":39,"turns":2},{"damage":14,"enemies":"Jaw Worm Horde","floor":40,"turns":4},{"damage":0,"enemies":"Transient","floor":42,"turns":5},{"damage":37,"enemies":"Maw","floor":44,"turns":8},{"damage":14,"enemies":"4 Shapes","floor":46,"turns":1},{"damage":64,"enemies":"Awakened One","floor":50,"turns":7}],"seed_played":"-7740813032026518343","potions_obtained":[{"floor":2,"key":"GamblersBrew"},{"floor":5,"key":"FearPotion"},{"floor":6,"key":"SteroidPotion"},{"floor":13,"key":"SpeedPotion"},{"floor":16,"key":"SkillPotion"},{"floor":18,"key":"Ancient Potion"},{"floor":30,"key":"Weak Potion"},{"floor":36,"key":"Energy Potion"},{"floor":44,"key":"Fruit Juice"}],"is_trial":false,"path_per_floor":["M","M","?","?","M","E","R","M","T","R","?","$","M","M","R","B",null,"M","?","M","?","$","R","M","R","T","M","R","M","M","?","R","B",null,"M","?","?","$","M","M","?","M","T","M","?","M","R","T","R","B",null],"character_chosen":"IRONCLAD","items_purchased":["HandDrill","Bottled Lightning","Gremlin Horn"],"campfire_rested":4,"item_purchase_floors":[12,22,38],"current_hp_per_floor":[80,80,85,85,85,62,62,64,64,64,43,43,45,20,45,26,85,82,82,67,43,43,68,62,62,62,67,67,65,81,81,81,39,85,84,69,69,69,75,68,68,74,74,48,48,40,67,67,90,32],"gold":257,"neow_bonus":"THREE_ENEMY_KILL","is_prod":false,"is_daily":false,"chose_seed":false,"campfire_upgraded":5,"win_rate":0,"timestamp":1557456947,"path_taken":["M","M","?","?","?","E","R","M","T","R","?","$","M","M","R","BOSS","M","?","M","?","$","R","?","R","T","M","R","M","?","?","R","BOSS","M","?","?","$","M","M","?","?","T","M","?","M","R","?","R","BOSS"],"build_version":"2019-01-23","purchased_purges":0,"victory":true,"max_hp_per_floor":[80,80,85,85,85,85,85,85,85,85,85,85,85,85,85,85,85,85,85,85,85,85,85,85,85,85,85,85,85,85,85,85,85,85,85,85,85,85,85,85,85,85,85,90,90,90,90,90,90,90],"card_choices":[{"not_picked":["Armaments","Warcry"],"picked":"Iron Wave","floor":1},{"not_picked":["Warcry","Spot Weakness"],"picked":"Clothesline","floor":2},{"not_picked":["Feel No Pain","Havoc","Rage"],"picked":"SKIP","floor":5},{"not_picked":["Feel No Pain","Corruption"],"picked":"Shockwave","floor":6},{"not_picked":["Seeing Red","Metallicize","Combust"],"picked":"SKIP","floor":8},{"not_picked":["Anger","Warcry"],"picked":"Spot Weakness","floor":13},{"not_picked":["Combust","Sentinel","Rupture"],"picked":"SKIP","floor":14},{"not_picked":["Double Tap","Juggernaut"],"picked":"Reaper","floor":16},{"not_picked":["Wild Strike","Body Slam"],"picked":"Shrug It Off","floor":18},{"not_picked":["Iron Wave","Feel No Pain"],"picked":"Whirlwind+1","floor":20},{"not_picked":["Corruption","Shrug It Off"],"picked":"Uppercut+1","floor":24},{"not_picked":["Searing Blow","Brutality"],"picked":"Heavy Blade","floor":27},{"not_picked":["Heavy Blade","Clash","Iron Wave"],"picked":"SKIP","floor":29},{"not_picked":["Clash","Iron Wave"],"picked":"Heavy Blade","floor":29},{"not_picked":["True Grit","Clash+1"],"picked":"Power Through","floor":30},{"not_picked":["Exhume","Reaper"],"picked":"Demon Form","floor":33},{"not_picked":["Cleave","Armaments+1"],"picked":"Headbutt+1","floor":35},{"not_picked":["Uppercut+1","Clash"],"picked":"Twin Strike","floor":36},{"not_picked":["Iron Wave+1","Flex","Flame Barrier"],"picked":"SKIP","floor":39},{"not_picked":["Dropkick+1","Thunderclap"],"picked":"Sword Boomerang+1","floor":40},{"not_picked":["Corruption+1","Anger","Thunderclap"],"picked":"SKIP","floor":42},{"not_picked":["Double Tap","Pommel Strike+1","Iron Wave"],"picked":"SKIP","floor":44},{"not_picked":["Dual Wield","Reckless Charge+1","Twin Strike"],"picked":"SKIP","floor":46}],"player_experience":112239,"relics_obtained":[{"floor":4,"key":"Orichalcum"},{"floor":6,"key":"Potion Belt"},{"floor":9,"key":"Anchor"},{"floor":26,"key":"Smiling Mask"},{"floor":36,"key":"Pocketwatch"},{"floor":48,"key":"Dream Catcher"}],"event_choices":[{"damage_healed":0,"gold_gain":0,"player_choice":"Donut","damage_taken":0,"max_hp_gain":5,"max_hp_loss":0,"event_name":"Big Fish","floor":3,"gold_loss":0},{"damage_healed":0,"gold_gain":0,"player_choice":"Relic","damage_taken":0,"max_hp_gain":0,"max_hp_loss":0,"event_name":"Wheel of Change","floor":4,"gold_loss":0},{"damage_healed":0,"gold_gain":0,"player_choice":"Take Damage","damage_taken":21,"relics_obtained":["Golden Idol"],"max_hp_gain":0,"max_hp_loss":0,"event_name":"Golden Idol","floor":11,"gold_loss":0},{"cards_removed":["Defend_R"],"damage_healed":0,"gold_gain":0,"player_choice":"Gave Gold","damage_taken":0,"max_hp_gain":0,"max_hp_loss":0,"event_name":"Beggar","floor":19,"gold_loss":75},{"damage_healed":0,"gold_gain":180,"player_choice":"GOLD GOLD ","damage_taken":24,"max_hp_gain":0,"max_hp_loss":0,"event_name":"Knowing Skull","floor":21,"potions_obtained":[],"gold_loss":0,"cards_obtained":[]},{"damage_healed":0,"gold_gain":0,"player_choice":"Bet on Murderer","damage_taken":0,"max_hp_gain":0,"max_hp_loss":0,"event_name":"The Joust","floor":31,"gold_loss":50},{"damage_healed":0,"gold_gain":0,"player_choice":"Fight","damage_taken":0,"max_hp_gain":0,"max_hp_loss":0,"event_name":"MindBloom","floor":36,"gold_loss":0},{"cards_removed":["Defend_R"],"damage_healed":0,"gold_gain":0,"player_choice":"Removed Skill","damage_taken":0,"max_hp_gain":0,"max_hp_loss":0,"event_name":"Falling","floor":37,"gold_loss":0},{"damage_healed":0,"gold_gain":0,"player_choice":"Ignored","damage_taken":0,"max_hp_gain":0,"max_hp_loss":0,"event_name":"The Moai Head","floor":41,"gold_loss":0},{"damage_healed":0,"gold_gain":0,"player_choice":"Ignored","damage_taken":0,"max_hp_gain":0,"max_hp_loss":0,"event_name":"Tomb of Lord Red Mask","floor":45,"gold_loss":0}],"is_beta":false,"boss_relics":[{"not_picked":["White Beast Statue","Coffee Dripper"],"picked":"Mark of Pain"},{"not_picked":["Black Blood","Astrolabe"],"picked":"Cursed Key"}],"items_purged_floors":[],"is_endless":false,"potions_floor_spawned":[2,5,6,13,16,18,27,30,36,44],"ascension_level":0}