{"gold_per_floor":[13,28,28,41,55,55,55,70,70,70,70,81,101,26,26,100,100,110,129,3,3,3,3,3],"floor_reached":24,"playtime":964,"items_purged":["Regret","Strike_B"],"score":376,"play_id":"79d5cca4-f969-47c4-9ac5-bc6c261620a7","local_time":"20190410130826","is_ascension_mode":true,"campfire_choices":[{"data":"Fission","floor":6,"key":"SMITH"},{"data":"Tempest","floor":11,"key":"SMITH"},{"floor":15,"key":"REST"},{"floor":23,"key":"REST"}],"neow_cost":"NO_GOLD","seed_source_timestamp":1052962122574038,"circlet_count":0,"master_deck":["AscendersBane","Defend_B","Defend_B","Defend_B","Defend_B","Zap+1","Dualcast","Fission+1","Tempest+1","Coolheaded","Steam","Ball Lightning","All For One","Steam","Cold Snap","Defragment","Beam Cell"],"relics":["Cracked Core","Girya","Ice Cream","Cursed Key","Nilry\u0027s Codex"],"potions_floor_usage":[4,16,24],"damage_taken":[{"damage":3,"enemies":"Small Slimes","floor":1,"turns":3},{"damage":2,"enemies":"Cultist","floor":2,"turns":4},{"damage":0,"enemies":"Jaw Worm","floor":4,"turns":3},{"damage":30,"enemies":"Lots of Slimes","floor":5,"turns":7},{"damage":2,"enemies":"Blue Slaver","floor":8,"turns":3},{"damage":13,"enemies":"2 Fungi Beasts","floor":12,"turns":3},{"damage":0,"enemies":"Looter","floor":13,"turns":2},{"damage":14,"enemies":"The Guardian","floor":16,"turns":12},{"damage":4,"enemies":"3 Byrds","floor":18,"turns":4},{"damage":0,"enemies":"Spheric Guardian","floor":19,"turns":3},{"damage":61,"enemies":"Slavers","floor":24,"turns":4}],"seed_played":"-1311949662204147875","potions_obtained":[{"floor":1,"key":"Strength Potion"},{"floor":8,"key":"Weak Potion"},{"floor":13,"key":"Ancient Potion"},{"floor":18,"key":"SkillPotion"}],"is_trial":false,"path_per_floor":["M","M","?","M","M","R","?","M","T","?","R","M","M","$","R","B",null,"M","M","$","?","?","R","E"],"character_chosen":"DEFECT","items_purchased":["Cold Snap"],"campfire_rested":2,"item_purchase_floors":[20],"current_hp_per_floor":[61,59,59,59,29,29,29,27,27,27,27,14,14,14,35,21,59,55,55,55,34,34,55,0],"gold":3,"neow_bonus":"THREE_RARE_CARDS","is_prod":false,"is_daily":false,"chose_seed":false,"campfire_upgraded":2,"win_rate":0,"timestamp":1554869306,"path_taken":["M","M","?","?","M","R","?","?","T","?","R","M","M","$","R","BOSS","M","M","$","?","?","R","E"],"build_version":"2019-01-23","purchased_purges":2,"victory":false,"max_hp_per_floor":[71,71,71,71,71,71,71,71,71,71,71,71,71,71,71,71,71,71,71,71,71,71,71,71],"card_choices":[{"not_picked":["Amplify","Creative AI"],"picked":"Fission","floor":0},{"not_picked":["Hello World","Streamline","Stack"],"picked":"SKIP","floor":1},{"not_picked":["Capacitor","Auto Shields"],"picked":"Tempest","floor":2},{"not_picked":["Leap","Go for the Eyes"],"picked":"Coolheaded","floor":4},{"not_picked":["Beam Cell","Force Field"],"picked":"Steam","floor":5},{"not_picked":["Reinforced Body","Scrape"],"picked":"Ball Lightning","floor":8},{"not_picked":["Redo","Tempest","Beam Cell"],"picked":"SKIP","floor":12},{"not_picked":["Doom and Gloom","Barrage","Melter"],"picked":"SKIP","floor":13},{"not_picked":["Hyperbeam","Multi-Cast"],"picked":"All For One","floor":16},{"not_picked":["Barrage+1","Melter"],"picked":"Steam","floor":18},{"not_picked":["Recycle+1","Cold Snap","Ball Lightning"],"picked":"SKIP","floor":19}],"player_experience":882381,"relics_obtained":[{"floor":9,"key":"Girya"},{"floor":21,"key":"Nilry\u0027s Codex"}],"event_choices":[{"cards_removed":["Strike_B"],"damage_healed":0,"gold_gain":0,"player_choice":"Purged","damage_taken":0,"max_hp_gain":0,"max_hp_loss":0,"event_name":"Purifier","floor":3,"gold_loss":0},{"damage_healed":0,"gold_gain":0,"player_choice":"Forge","damage_taken":0,"max_hp_gain":0,"max_hp_loss":0,"event_name":"Accursed Blacksmith","floor":7,"gold_loss":0,"cards_upgraded":["Zap"]},{"damage_healed":0,"gold_gain":0,"player_choice":"Box","damage_taken":0,"relics_obtained":["Ice Cream"],"max_hp_gain":0,"max_hp_loss":0,"event_name":"Big Fish","floor":10,"gold_loss":0,"cards_obtained":["Regret"]},{"damage_healed":0,"gold_gain":0,"player_choice":"Obtained Book","damage_taken":21,"max_hp_gain":0,"max_hp_loss":0,"event_name":"Cursed Tome","floor":21,"gold_loss":0},{"damage_healed":0,"gold_gain":0,"cards_transformed":["Strike_B","Strike_B"],"player_choice":"Became Test Subject","damage_taken":0,"max_hp_gain":0,"max_hp_loss":0,"event_name":"Drug Dealer","floor":22,"gold_loss":0,"cards_obtained":["Defragment","Beam Cell"]}],"is_beta":false,"boss_relics":[{"not_picked":["Calling Bell","Orrery"],"picked":"Cursed Key"}],"items_purged_floors":[14,20],"is_endless":false,"potions_floor_spawned":[1,8,13,18],"killed_by":"Slavers","ascension_level":20}