{"gold_per_floor":[111,130,305,305,316,316,350,369,438,438],"floor_reached":10,"playtime":393,"items_purged":[],"score":75,"play_id":"b9b04d7f-1ee1-4fd2-a63a-16a00a372f7e","local_time":"20181008212415","is_ascension_mode":true,"campfire_choices":[{"data":"Capacitor","floor":6,"key":"SMITH"}],"neow_cost":"TEN_PERCENT_HP_LOSS","seed_source_timestamp":783960333656005,"circlet_count":0,"master_deck":["Strike_B","Strike_B","Strike_B","Strike_B","Defend_B","Defend_B","Defend_B","Defend_B","Zap","Dualcast","Auto Shields","Capacitor+1","Doubt","Barrage","Cold Snap"],"relics":["Cracked Core","Pocketwatch","Prayer Wheel","The Courier"],"potions_floor_usage":[7],"damage_taken":[{"damage":2,"enemies":"Jaw Worm","floor":1,"turns":3},{"damage":7,"enemies":"2 Louse","floor":2,"turns":3},{"damage":1,"enemies":"Cultist","floor":5,"turns":4},{"damage":48,"enemies":"Gremlin Nob","floor":7,"turns":5},{"damage":5,"enemies":"Blue Slaver","floor":8,"turns":5},{"damage":8,"enemies":"Gremlin Gang","floor":10,"turns":2}],"seed_played":"-6745470711654456691","potions_obtained":[{"floor":1,"key":"FairyPotion"},{"floor":4,"key":"LiquidBronze"},{"floor":4,"key":"Weak Potion"}],"is_trial":false,"path_per_floor":["M","M","?","?","M","R","E","M","T"],"character_chosen":"DEFECT","items_purchased":[],"campfire_rested":0,"item_purchase_floors":[],"current_hp_per_floor":[66,59,59,59,58,58,10,5,5,6],"gold":438,"neow_bonus":"ONE_RARE_RELIC","is_prod":false,"is_daily":false,"chose_seed":false,"campfire_upgraded":1,"win_rate":0,"timestamp":1539026655,"path_taken":["M","M","?","?","M","R","E","?","T","?"],"build_version":"2018-10-04v2","purchased_purges":0,"victory":false,"max_hp_per_floor":[68,68,68,68,68,68,68,68,68,68],"card_choices":[{"not_picked":["Steam","Storm"],"picked":"Auto Shields","floor":1},{"not_picked":["Steam Power","Redo"],"picked":"Capacitor","floor":2},{"not_picked":["Lockon","Streamline","Rip and Tear"],"picked":"SKIP","floor":5},{"not_picked":["Stack","BootSequence"],"picked":"Barrage","floor":7},{"not_picked":["Steam","Gash"],"picked":"Cold Snap","floor":8},{"not_picked":["Consume","Fission","Double Energy"],"picked":"SKIP","floor":8}],"player_experience":153701,"relics_obtained":[{"floor":7,"key":"Prayer Wheel"},{"floor":9,"key":"The Courier"}],"event_choices":[{"event_name":"Liars Game","player_choice":"agreed","floor":3,"damage_taken":0},{"event_name":"The Lab","player_choice":"Got Potions","floor":4,"damage_taken":0}],"is_beta":false,"boss_relics":[],"items_purged_floors":[],"is_endless":false,"potions_floor_spawned":[1,5],"killed_by":"Gremlin Gang","ascension_level":2}