{"gold_per_floor":[109,34,109,259,534,534,563,563,563,583,583,602,622,640,640,640],"floor_reached":16,"playtime":331,"items_purged":["Strike_R"],"score":195,"play_id":"b09c0456-37ca-4b2d-a53c-300d2f09a44b","local_time":"20190320205601","is_ascension_mode":true,"campfire_choices":[{"data":"Bash","floor":6.0,"key":"SMITH"},{"floor":8.0,"key":"REST"},{"floor":11.0,"key":"REST"},{"floor":15,"key":"REST"}],"neow_cost":"PERCENT_DAMAGE","seed_source_timestamp":603511880982400,"circlet_count":0,"master_deck":["AscendersBane","Strike_R","Strike_R","Strike_R","Defend_R","Defend_R","Defend_R","Bash+1","Headbutt","Doubt","Regret","Battle Trance","Fire Breathing","Demon Form","Fire Breathing"],"special_seed":0,"relics":["Burning Blood","Mummified Hand","Question Card"],"potions_floor_usage":[14,16],"damage_taken":[{"damage":7.0,"enemies":"Cultist","floor":1.0,"turns":4.0},{"damage":35.0,"enemies":"Gremlin Nob","floor":7.0,"turns":4.0},{"damage":12.0,"enemies":"Small Slimes","floor":10.0,"turns":3.0},{"damage":14.0,"enemies":"2 Louse","floor":12.0,"turns":3.0},{"damage":20.0,"enemies":"Red Slaver","floor":13.0,"turns":3.0},{"damage":13,"enemies":"Exordium Wildlife","floor":14,"turns":3},{"damage":41,"enemies":"Hexaghost","floor":16,"turns":7}],"seed_played":"7914223054764690235","potions_obtained":[{"floor":1.0,"key":"Energy Potion"},{"floor":12.0,"key":"GamblersBrew"},{"floor":13.0,"key":"EssenceOfSteel"}],"is_trial":false,"path_per_floor":["M","$","?","?","?","R","E","R","T","M","R","M","M","M","R","B"],"character_chosen":"IRONCLAD","items_purchased":[],"campfire_rested":3,"item_purchase_floors":[],"current_hp_per_floor":[49,49,38,38,38,38,9,31,31,25,47,39,25,18,40,0],"gold":640,"neow_bonus":"REMOVE_TWO","is_prod":false,"is_daily":false,"chose_seed":false,"campfire_upgraded":1,"win_rate":0,"timestamp":1553111761,"path_taken":["M","?","?","?","?","R","E","R","T","M","R","M","?","M","R","BOSS"],"build_version":"2019-01-23","purchased_purges":1,"victory":false,"max_hp_per_floor":[75,75,75,75,75,75,75,75,75,75,75,75,75,75,75,75],"card_choices":[{"not_picked":["Bloodletting","Pommel Strike"],"picked":"Headbutt","floor":1.0},{"not_picked":["Shockwave","Shrug It Off"],"picked":"Battle Trance","floor":7.0},{"not_picked":["Thunderclap","Headbutt","Flex"],"picked":"Fire Breathing","floor":10.0},{"not_picked":["Headbutt","Disarm","Havoc"],"picked":"Demon Form","floor":12.0},{"not_picked":["Intimidate","Body Slam","Perfected Strike"],"picked":"Fire Breathing","floor":13.0},{"not_picked":["Sword Boomerang","Armaments","Twin Strike","Warcry"],"picked":"SKIP","floor":14}],"player_experience":493259,"relics_obtained":[{"floor":7.0,"key":"Mummified Hand"},{"floor":9.0,"key":"Question Card"}],"event_choices":[{"damage_healed":0.0,"max_hp_gain":0.0,"max_hp_loss":0.0,"gold_gain":75.0,"event_name":"World of Goop","player_choice":"Gather Gold","floor":3.0,"gold_loss":0.0,"damage_taken":11.0},{"damage_healed":0.0,"max_hp_gain":0.0,"max_hp_loss":0.0,"gold_gain":150.0,"event_name":"Liars Game","player_choice":"AGREE","floor":4.0,"gold_loss":0.0,"damage_taken":0.0,"cards_obtained":["Doubt"]},{"damage_healed":0.0,"max_hp_gain":0.0,"max_hp_loss":0.0,"gold_gain":275.0,"event_name":"Golden Shrine","player_choice":"Desecrate","floor":5.0,"gold_loss":0.0,"damage_taken":0.0,"cards_obtained":["Regret"]}],"is_beta":false,"boss_relics":[],"items_purged_floors":[2],"is_endless":false,"potions_floor_spawned":[1,12,13],"killed_by":"Hexaghost","ascension_level":19}