{"gold_per_floor":[367,380,345,345,23,23,54,54,54,85,85,99,132,144,144,144],"floor_reached":16,"playtime":573,"items_purged":[],"score":236,"play_id":"ff67fc6a-f4eb-4fda-a7f6-2c9e678fb265","local_time":"20190425145829","is_ascension_mode":true,"campfire_choices":[{"data":"Combust","floor":6,"key":"SMITH"},{"floor":8,"key":"REST"},{"floor":11,"key":"REST"},{"data":"Shockwave","floor":15,"key":"SMITH"}],"neow_cost":"PERCENT_DAMAGE","seed_source_timestamp":1878433967149,"circlet_count":0,"master_deck":["AscendersBane","Strike_R","Strike_R","Strike_R","Strike_R","Strike_R","Defend_R+1","Defend_R+1","Defend_R+1","Defend_R","Bash+1","Clothesline","Combust+1","Rupture","Iron Wave","Pommel Strike","Shockwave+1"],"relics":["Burning Blood","Turnip","War Paint","Meat on the Bone","Art of War","Omamori"],"potions_floor_usage":[13,13,14,16],"damage_taken":[{"damage":2,"enemies":"2 Louse","floor":1,"turns":4},{"damage":12,"enemies":"Small Slimes","floor":2,"turns":3},{"damage":24,"enemies":"Gremlin Nob","floor":7,"turns":4},{"damage":37,"enemies":"Lagavulin","floor":10,"turns":7},{"damage":0,"enemies":"Jaw Worm","floor":12,"turns":3},{"damage":8,"enemies":"Gremlin Nob","floor":13,"turns":3},{"damage":6,"enemies":"Gremlin Gang","floor":14,"turns":4},{"damage":55,"enemies":"Hexaghost","floor":16,"turns":9}],"seed_played":"-4994920820177171962","potions_obtained":[{"floor":10,"key":"Poison Potion"},{"floor":12,"key":"SneckoOil"},{"floor":13,"key":"SteroidPotion"},{"floor":14,"key":"GamblersBrew"}],"is_trial":false,"path_per_floor":["M","M","?","?","$","R","E","R","T","E","R","M","E","M","R","B"],"character_chosen":"IRONCLAD","items_purchased":["Turnip"],"campfire_rested":2,"item_purchase_floors":[5],"current_hp_per_floor":[54,48,66,43,43,43,25,47,47,28,50,56,54,54,54,0],"gold":144,"neow_bonus":"TWO_FIFTY_GOLD","is_prod":false,"is_daily":false,"chose_seed":false,"campfire_upgraded":2,"win_rate":0,"timestamp":1556171909,"path_taken":["M","M","?","?","$","R","E","R","T","E","R","M","E","M","R","BOSS"],"build_version":"2019-01-23","purchased_purges":0,"victory":false,"max_hp_per_floor":[75,75,75,75,75,75,75,75,75,75,75,75,75,75,75,75],"card_choices":[{"not_picked":["Twin Strike","Iron Wave"],"picked":"Clothesline","floor":1},{"not_picked":["Clash","Hemokinesis"],"picked":"Combust","floor":2},{"not_picked":["Clash","Cleave"],"picked":"Rupture","floor":7},{"not_picked":["Bludgeon","Fiend Fire"],"picked":"Iron Wave","floor":10},{"not_picked":["Iron Wave","Bloodletting"],"picked":"Pommel Strike","floor":12},{"not_picked":["Rage","Pommel Strike","Havoc"],"picked":"SKIP","floor":13},{"not_picked":["Blood for Blood","Entrench"],"picked":"Shockwave","floor":14}],"player_experience":1085971,"relics_obtained":[{"floor":7,"key":"War Paint"},{"floor":9,"key":"Meat on the Bone"},{"floor":10,"key":"Art of War"},{"floor":13,"key":"Omamori"}],"event_choices":[{"damage_healed":18,"gold_gain":0,"player_choice":"Healed","damage_taken":0,"max_hp_gain":0,"max_hp_loss":0,"event_name":"The Cleric","floor":3,"gold_loss":35},{"damage_healed":0,"gold_gain":0,"player_choice":"Entered Light","damage_taken":23,"max_hp_gain":0,"max_hp_loss":0,"event_name":"Shining Light","floor":4,"gold_loss":0,"cards_upgraded":["Defend_R","Bash"]}],"is_beta":false,"boss_relics":[],"items_purged_floors":[],"is_endless":false,"potions_floor_spawned":[10,12,13,14],"killed_by":"Hexaghost","ascension_level":20}