{"gold_per_floor":[118,137,194,194,214,214,247,247,270,270,294,315,315,328,328,417,417,317,317,77,77,77,77,77,77,77,77,77,77,77,77,77,77],"floor_reached":33,"playtime":1852,"items_purged":["Strike_G"],"score":584,"play_id":"22b37a8d-fa77-4e24-bc51-79786f9fac5c","local_time":"20190423210239","is_ascension_mode":true,"campfire_choices":[{"data":"Neutralize","floor":6,"key":"SMITH"},{"data":"Venomology","floor":8,"key":"SMITH"},{"data":"Footwork","floor":15,"key":"SMITH"},{"data":"Prepared","floor":25,"key":"SMITH"},{"floor":27,"key":"REST"},{"floor":32,"key":"REST"}],"neow_cost":"NONE","seed_source_timestamp":390278980078053,"circlet_count":0,"master_deck":["AscendersBane","Defend_G","Defend_G","Defend_G","Defend_G","Defend_G","Strike_G","Strike_G","Strike_G","Survivor","Neutralize+1","Predator","PiercingWail","Corpse Explosion","Venomology+1","Dagger Spray","Deflect","Footwork+1","Malaise","Prepared+1","Venomology","RitualDagger","Poisoned Stab","Escape Plan+1","Well Laid Plans"],"relics":["Ring of the Snake","Golden Idol","Omamori","Bronze Scales","Darkstone Periapt","Ectoplasm","Juzu Bracelet","The Courier","Toxic Egg 2","Blood Vial"],"potions_floor_usage":[7,7,12,14,16,16,16,23,23,23,24,28,29,29,33,33,33,33],"damage_taken":[{"damage":2,"enemies":"2 Louse","floor":1,"turns":3},{"damage":3,"enemies":"Small Slimes","floor":2,"turns":4},{"damage":1,"enemies":"Cultist","floor":5,"turns":4},{"damage":21,"enemies":"Lagavulin","floor":7,"turns":8},{"damage":0,"enemies":"Looter","floor":11,"turns":4},{"damage":2,"enemies":"Gremlin Gang","floor":12,"turns":3},{"damage":3,"enemies":"Lots of Slimes","floor":14,"turns":3},{"damage":16,"enemies":"The Guardian","floor":16,"turns":16},{"damage":9,"enemies":"2 Thieves","floor":18,"turns":4},{"damage":7,"enemies":"3 Byrds","floor":19,"turns":3},{"damage":10,"enemies":"Gremlin Leader","floor":23,"turns":6},{"damage":1,"enemies":"3 Cultists","floor":24,"turns":4},{"damage":13,"enemies":"Snecko","floor":28,"turns":7},{"damage":12,"enemies":"Shelled Parasite and Fungi","floor":29,"turns":7},{"damage":37,"enemies":"Automaton","floor":33,"turns":14}],"seed_played":"1319121921921181644","potions_obtained":[{"floor":0,"key":"Block Potion"},{"floor":0,"key":"SkillPotion"},{"floor":7,"key":"SpeedPotion"},{"floor":10,"key":"Regen Potion"},{"floor":10,"key":"Fire Potion"},{"floor":14,"key":"SkillPotion"},{"floor":23,"key":"PowerPotion"}],"is_trial":false,"path_per_floor":["M","M","?","?","M","R","E","R","T","?","M","M","?","M","R","B",null,"M","M","$","?","?","E","M","R","T","R","M","M","?","T","R","B"],"character_chosen":"THE_SILENT","items_purchased":["Juzu Bracelet"],"campfire_rested":2,"item_purchase_floors":[20],"current_hp_per_floor":[57,54,54,54,53,53,32,32,32,32,32,30,30,27,27,26,52,43,36,36,36,30,20,19,19,19,37,24,12,12,12,30,0],"gold":77,"neow_bonus":"THREE_SMALL_POTIONS","is_prod":false,"is_daily":false,"chose_seed":false,"campfire_upgraded":4,"win_rate":0,"timestamp":1556020959,"path_taken":["M","M","?","?","M","R","E","R","T","?","?","M","?","?","R","BOSS","M","M","$","?","?","E","M","R","T","R","M","M","?","?","R","BOSS"],"build_version":"2019-01-23","purchased_purges":1,"victory":false,"max_hp_per_floor":[66,66,66,60,60,60,60,60,60,60,60,60,60,60,60,60,60,60,60,60,60,60,60,60,60,60,60,60,60,60,60,60,60],"card_choices":[{"not_picked":["Underhanded Strike","Acrobatics"],"picked":"Predator","floor":1},{"not_picked":["Deadly Poison","Prepared"],"picked":"PiercingWail","floor":2},{"not_picked":["Acrobatics","Deadly Poison"],"picked":"Corpse Explosion","floor":5},{"not_picked":["Dagger Throw","Poisoned Stab"],"picked":"Venomology","floor":7},{"not_picked":["Underhanded Strike","Skewer"],"picked":"Dagger Spray","floor":11},{"not_picked":["Dagger Throw","Calculated Gamble"],"picked":"Deflect","floor":12},{"not_picked":["Blade Dance","Bane"],"picked":"Footwork","floor":14},{"not_picked":["Storm of Steel","Wraith Form v2"],"picked":"Malaise","floor":16},{"not_picked":["Underhanded Strike","Riddle With Holes"],"picked":"Prepared","floor":18},{"not_picked":["Slice","Eviscerate","Distraction"],"picked":"SKIP","floor":19},{"not_picked":["Dagger Throw","Prepared","Sucker Punch"],"picked":"SKIP","floor":23},{"not_picked":["Dagger Throw","Prepared","Sucker Punch"],"picked":"SKIP","floor":23},{"not_picked":["Dagger Throw+1","Deadly Poison"],"picked":"Poisoned Stab","floor":24},{"not_picked":["Grand Finale","Riddle With Holes"],"picked":"Escape Plan+1","floor":28},{"not_picked":["Quick Slash","Deadly Poison+1"],"picked":"Well Laid Plans","floor":29}],"player_experience":1064962,"relics_obtained":[{"floor":7,"key":"Omamori"},{"floor":9,"key":"Bronze Scales"},{"floor":23,"key":"The Courier"},{"floor":26,"key":"Toxic Egg 2"},{"floor":31,"key":"Blood Vial"}],"event_choices":[{"damage_healed":0,"gold_gain":57,"player_choice":"Gained Gold","damage_taken":0,"max_hp_gain":0,"max_hp_loss":0,"event_name":"Golden Wing","floor":3,"gold_loss":0},{"damage_healed":0,"gold_gain":0,"player_choice":"Lose Max HP","damage_taken":0,"relics_obtained":["Golden Idol"],"max_hp_gain":0,"max_hp_loss":6,"event_name":"Golden Idol","floor":4,"gold_loss":0},{"damage_healed":0,"gold_gain":0,"player_choice":"Got Potions","damage_taken":0,"max_hp_gain":0,"max_hp_loss":0,"event_name":"Lab","floor":10,"gold_loss":0},{"damage_healed":0,"gold_gain":0,"player_choice":"Gave Potion","damage_taken":0,"relics_obtained":["Darkstone Periapt"],"max_hp_gain":0,"max_hp_loss":0,"event_name":"WeMeetAgain","floor":13,"gold_loss":0},{"damage_healed":0,"gold_gain":0,"cards_transformed":["Strike_G"],"player_choice":"Transformed","damage_taken":0,"max_hp_gain":0,"max_hp_loss":0,"event_name":"Transmorgrifier","floor":21,"gold_loss":0,"cards_obtained":["Venomology"]},{"damage_healed":0,"gold_gain":0,"player_choice":"Joined the Cult","damage_taken":6,"max_hp_gain":0,"max_hp_loss":0,"event_name":"Nest","floor":22,"gold_loss":0,"cards_obtained":["RitualDagger"]},{"damage_healed":0,"gold_gain":0,"player_choice":"Ignored","damage_taken":0,"max_hp_gain":0,"max_hp_loss":0,"event_name":"Vampires","floor":30,"gold_loss":0}],"is_beta":false,"boss_relics":[{"not_picked":["Pandora\u0027s Box","Black Star"],"picked":"Ectoplasm"}],"items_purged_floors":[20],"is_endless":false,"potions_floor_spawned":[1,7,14,19,23],"killed_by":"Automaton","ascension_level":20}