{"gold_per_floor":[209,220,295,341,360,386,386,386,386,386,401,416,444,321,321,418,418,434,434,452,452,156,189,189,189],"floor_reached":25,"playtime":1413,"items_purged":["Strike_R"],"score":275,"play_id":"f07c815f-16fd-4334-9d8e-ecf6acf18d74","local_time":"20181018213010","is_ascension_mode":true,"campfire_choices":[{"data":"Metallicize","floor":8,"key":"SMITH"},{"data":"Cleave","floor":10,"key":"SMITH"},{"floor":15,"key":"REST"},{"data":"Body Slam","floor":24,"key":"SMITH"}],"neow_cost":"NONE","seed_source_timestamp":212136956349262,"circlet_count":0,"master_deck":["Strike_R","Strike_R","Strike_R","Strike_R","Defend_R+1","Defend_R","Defend_R","Defend_R","Bash","Shrug It Off+1","Inflame+1","Cleave+1","Metallicize+1","Wild Strike","Flame Barrier","Body Slam+1","Heavy Blade","True Grit","Flex"],"relics":["Burning Blood","War Paint","Bag of Marbles","Champion Belt","Mercury Hourglass","Black Star","MutagenicStrength","Bird Faced Urn","Bottled Flame","The Courier"],"potions_floor_usage":[6,23,23],"damage_taken":[{"damage":2,"enemies":"Jaw Worm","floor":1,"turns":3},{"damage":5,"enemies":"2 Louse","floor":2,"turns":3},{"damage":3,"enemies":"Cultist","floor":5,"turns":6},{"damage":40,"enemies":"Lagavulin","floor":6,"turns":7},{"damage":2,"enemies":"Blue Slaver","floor":11,"turns":4},{"damage":0,"enemies":"Large Slime","floor":12,"turns":6},{"damage":19,"enemies":"Gremlin Nob","floor":13,"turns":5},{"damage":14,"enemies":"Slime Boss","floor":16,"turns":8},{"damage":26,"enemies":"Spheric Guardian","floor":18,"turns":6},{"damage":9,"enemies":"Shell Parasite","floor":20,"turns":6},{"damage":34,"enemies":"Book of Stabbing","floor":23,"turns":8},{"damage":38,"enemies":"Chosen and Byrds","floor":25,"turns":4}],"seed_played":"3069805669793724552","potions_obtained":[{"floor":2,"key":"PowerPotion"},{"floor":6,"key":"Ancient Potion"},{"floor":13,"key":"Dexterity Potion"},{"floor":16,"key":"SteroidPotion"}],"is_trial":false,"path_per_floor":["M","M","?","T","M","E","?","R","T","R","M","M","E","$","R","B",null,"M","?","M","?","$","E","R"],"character_chosen":"IRONCLAD","items_purchased":["Heavy Blade","Bird Faced Urn"],"campfire_rested":1,"item_purchase_floors":[14,22],"current_hp_per_floor":[80,80,69,69,72,38,38,38,38,38,42,48,35,35,59,51,80,60,60,57,57,57,33,33,0],"gold":189,"neow_bonus":"HUNDRED_GOLD","is_prod":false,"is_daily":false,"chose_seed":false,"campfire_upgraded":3,"win_rate":0,"timestamp":1539891010,"path_taken":["M","M","?","?","?","E","?","R","T","R","M","M","E","$","R","BOSS","M","?","?","?","$","E","R","M"],"build_version":"2018-10-11","purchased_purges":1,"victory":false,"max_hp_per_floor":[80,80,80,80,80,80,80,80,80,80,80,80,80,80,80,80,80,80,80,80,80,80,80,80,80],"card_choices":[{"not_picked":["Sword Boomerang","Perfected Strike"],"picked":"Shrug It Off","floor":1},{"not_picked":["Clothesline","Warcry"],"picked":"Inflame","floor":2},{"not_picked":["Evolve","Perfected Strike"],"picked":"Cleave","floor":5},{"not_picked":["Heavy Blade","Spot Weakness"],"picked":"Metallicize","floor":6},{"not_picked":["Havoc","Flex"],"picked":"Wild Strike","floor":11},{"not_picked":["Pommel Strike","Shrug It Off"],"picked":"Flame Barrier","floor":12},{"not_picked":["Headbutt","Disarm"],"picked":"Body Slam","floor":13},{"not_picked":["Warcry","Havoc"],"picked":"True Grit","floor":18},{"not_picked":["Feel No Pain+1","Sever Soul"],"picked":"Flex","floor":20},{"not_picked":["Berserk","Burning Pact","Sever Soul"],"picked":"SKIP","floor":23}],"player_experience":207727,"relics_obtained":[{"floor":4,"key":"War Paint"},{"floor":6,"key":"Bag of Marbles"},{"floor":9,"key":"Champion Belt"},{"floor":13,"key":"Mercury Hourglass"},{"floor":23,"key":"Bottled Flame"},{"floor":23,"key":"The Courier"}],"event_choices":[{"event_name":"World of Goop","player_choice":"Gather Gold","floor":3,"damage_taken":0},{"event_name":"Living Wall","player_choice":"Grow","floor":7,"damage_taken":0},{"event_name":"Transmorgrifier","player_choice":"Skipped","floor":19,"damage_taken":0},{"event_name":"Drug Dealer","player_choice":"Inject Mutagens","floor":21,"damage_taken":0}],"is_beta":false,"boss_relics":[{"not_picked":["Runic Dome","Lizard Tail"],"picked":"Black Star"}],"items_purged_floors":[14],"is_endless":false,"potions_floor_spawned":[2,6,13,16,20],"killed_by":"Chosen and Byrds","ascension_level":4}