{"gold_per_floor":[209,222,222,1,1,1,36,36,36,36,36,66,66,80,80,176,176,191,40,56,73,21,21,21,52,52,52,64,64,82,82,82,82],"floor_reached":33,"playtime":1318,"items_purged":["Strike_G"],"score":420,"play_id":"981e436a-3fc9-4ab7-b6aa-5caf1e2e683b","local_time":"20190408100353","is_ascension_mode":true,"campfire_choices":[{"data":"Bane","floor":6,"key":"SMITH"},{"floor":8,"key":"REST"},{"data":"Footwork","floor":10,"key":"SMITH"},{"floor":15,"key":"REST"},{"floor":23,"key":"REST"},{"floor":27,"key":"REST"},{"floor":32,"key":"REST"}],"neow_cost":"NONE","seed_source_timestamp":1249740865922501,"circlet_count":0,"master_deck":["AscendersBane","Defend_G+1","Defend_G+1","Defend_G+1","Defend_G+1","Defend_G+1","Strike_G+1","Strike_G+1","Strike_G+1","Survivor","Neutralize+1","Deadly Poison","Bane+1","Noxious Fumes","Catalyst+1","Footwork+1","After Image","Deflect","Deadly Poison","Deflect"],"relics":["Ring of the Snake","FossilizedHelix","Vajra","Art of War","Black Star","Oddly Smooth Stone","Snake Skull","Nunchaku","Matryoshka"],"potions_floor_usage":[16,16,25,33,33],"damage_taken":[{"damage":1,"enemies":"Jaw Worm","floor":1,"turns":5},{"damage":12,"enemies":"Small Slimes","floor":2,"turns":3},{"damage":26,"enemies":"3 Sentries","floor":7,"turns":8},{"damage":28,"enemies":"Gremlin Nob","floor":12,"turns":4},{"damage":0,"enemies":"2 Louse","floor":14,"turns":2},{"damage":6,"enemies":"The Guardian","floor":16,"turns":8},{"damage":24,"enemies":"3 Byrds","floor":18,"turns":6},{"damage":0,"enemies":"Spheric Guardian","floor":20,"turns":7},{"damage":21,"enemies":"Chosen and Byrds","floor":21,"turns":7},{"damage":20,"enemies":"Slavers","floor":25,"turns":8},{"damage":5,"enemies":"Snake Plant","floor":28,"turns":5},{"damage":10,"enemies":"Shelled Parasite and Fungi","floor":30,"turns":3},{"damage":49,"enemies":"Champ","floor":33,"turns":12}],"seed_played":"-7606526959536357278","potions_obtained":[{"floor":12,"key":"LiquidBronze"},{"floor":14,"key":"SteroidPotion"},{"floor":21,"key":"Explosive Potion"},{"floor":25,"key":"GamblersBrew"}],"is_trial":false,"path_per_floor":["M","M","?","$","?","R","E","R","T","R","?","E","?","M","R","B",null,"M","$","M","M","$","R","?","E","T","R","M","?","M","?","R","B"],"character_chosen":"THE_SILENT","items_purchased":["Noxious Fumes","Catalyst","Oddly Smooth Stone","Fire Potion"],"campfire_rested":5,"item_purchase_floors":[4,4,19,22],"current_hp_per_floor":[62,50,50,50,36,36,10,31,31,31,54,26,26,26,47,41,63,39,39,39,18,18,39,39,19,19,40,35,35,25,25,46,0],"gold":82,"neow_bonus":"HUNDRED_GOLD","is_prod":false,"is_daily":false,"chose_seed":false,"campfire_upgraded":2,"win_rate":0,"timestamp":1554710633,"path_taken":["M","M","?","$","?","R","E","R","T","R","?","E","?","M","R","BOSS","M","?","M","M","$","R","?","E","T","R","M","?","?","?","R","BOSS"],"build_version":"2019-01-23","purchased_purges":1,"victory":false,"max_hp_per_floor":[70,70,70,70,70,70,70,70,70,70,70,70,70,70,70,70,70,70,70,70,70,70,70,70,70,70,70,70,70,70,70,70,70],"card_choices":[{"not_picked":["Setup","Poisoned Stab"],"picked":"Deadly Poison","floor":1},{"not_picked":["Underhanded Strike","PiercingWail"],"picked":"Bane","floor":2},{"not_picked":["PiercingWail","Caltrops"],"picked":"Footwork","floor":7},{"not_picked":["Masterful Stab","Tools of the Trade","Concentrate"],"picked":"SKIP","floor":12},{"not_picked":["Prepared","PiercingWail","Poisoned Stab"],"picked":"SKIP","floor":14},{"not_picked":["A Thousand Cuts","Burst"],"picked":"After Image","floor":16},{"not_picked":["Cloak And Dagger","Slice+1"],"picked":"Deflect","floor":18},{"not_picked":["Outmaneuver","Masterful Stab"],"picked":"Deadly Poison","floor":20},{"not_picked":["Blade Dance","Slice","Dagger Throw"],"picked":"SKIP","floor":21},{"not_picked":["Terror","Sucker Punch","Quick Slash+1"],"picked":"SKIP","floor":25},{"not_picked":["Reflex","Deadly Poison"],"picked":"Deflect","floor":28},{"not_picked":["Slice","Deadly Poison","Poisoned Stab"],"picked":"SKIP","floor":30}],"player_experience":443887,"relics_obtained":[{"floor":7,"key":"FossilizedHelix"},{"floor":9,"key":"Vajra"},{"floor":12,"key":"Art of War"},{"floor":25,"key":"Snake Skull"},{"floor":25,"key":"Nunchaku"},{"floor":26,"key":"Matryoshka"}],"event_choices":[{"cards_removed":["Strike_G"],"damage_healed":0,"gold_gain":0,"player_choice":"Forget","damage_taken":0,"max_hp_gain":0,"max_hp_loss":0,"event_name":"Living Wall","floor":3,"gold_loss":0},{"damage_healed":0,"gold_gain":0,"player_choice":"Entered Light","damage_taken":14,"max_hp_gain":0,"max_hp_loss":0,"event_name":"Shining Light","floor":5,"gold_loss":0,"cards_upgraded":["Strike_G","Defend_G"]},{"damage_healed":23,"gold_gain":0,"player_choice":"Banana","damage_taken":0,"max_hp_gain":0,"max_hp_loss":0,"event_name":"Big Fish","floor":11,"gold_loss":0},{"damage_healed":0,"gold_gain":0,"player_choice":"Upgraded","damage_taken":0,"max_hp_gain":0,"max_hp_loss":0,"event_name":"Upgrade Shrine","floor":13,"gold_loss":0,"cards_upgraded":["Catalyst"]},{"damage_healed":0,"gold_gain":0,"player_choice":"Simplicity","damage_taken":0,"max_hp_gain":0,"max_hp_loss":0,"event_name":"Back to Basics","floor":24,"gold_loss":0,"cards_upgraded":["Defend_G","Defend_G","Defend_G","Defend_G","Strike_G","Strike_G"]},{"damage_healed":0,"gold_gain":0,"player_choice":"Upgraded","damage_taken":0,"max_hp_gain":0,"max_hp_loss":0,"event_name":"Upgrade Shrine","floor":29,"gold_loss":0,"cards_upgraded":["Neutralize"]}],"is_beta":false,"boss_relics":[{"not_picked":["Lizard Tail","Eternal Feather"],"picked":"Black Star"}],"items_purged_floors":[4],"is_endless":false,"potions_floor_spawned":[12,14,21,25],"killed_by":"Champ","ascension_level":11}