{"path_per_floor":["M","M","?","M","?","R","?","R","T","$","M","M","E","M","R","B",null,"M","M","M","M","M","R","M","R","T","?","$","M","M","M","R"],"character_chosen":"THE_SILENT","items_purchased":["Orichalcum","Bane","Deadly Poison","Crippling Poison"],"gold_per_floor":[115,127,202,216,216,216,216,216,216,34,46,62,94,107,107,209,209,225,241,253,273,288,288,298,298,298,223,57,72,90,101,101,101],"floor_reached":33,"campfire_rested":2,"playtime":2141,"item_purchase_floors":[10,10,28,28],"current_hp_per_floor":[70,70,59,59,59,59,47,47,47,47,44,43,25,25,46,23,70,63,63,63,47,46,46,46,46,46,46,46,46,42,35,56,0],"items_purged":["After Image"],"gold":101,"score":255,"play_id":"38d79924-3645-42fe-b43d-42bde3971a39","local_time":"20180606214407","is_prod":false,"is_daily":false,"chose_seed":false,"is_ascension_mode":false,"campfire_upgraded":4,"win_rate":0,"timestamp":1528339447,"campfire_choices":[{"data":"Bane","floor":6,"key":"SMITH"},{"data":"Slice","floor":8,"key":"SMITH"},{"floor":15,"key":"REST"},{"data":"Die Die Die","floor":23,"key":"SMITH"},{"data":"Glass Knife","floor":25,"key":"SMITH"},{"floor":32,"key":"REST"}],"path_taken":["M","M","?","M","?","R","?","R","T","$","M","M","E","M","R","BOSS","M","M","M","M","M","R","M","R","T","?","?","M","M","M","R","BOSS"],"build_version":"2018-05-31","seed_source_timestamp":1288060566496,"purchased_purges":1,"victory":false,"master_deck":["Defend_G","Defend_G","Defend_G","Defend_G","Defend_G","Strike_G","Strike_G","Strike_G","Strike_G","Strike_G","Survivor","Neutralize","Endless Agony+1","Bane+1","Slice+1","Bane","Dagger Spray","Quick Slash","Die Die Die+1","Caltrops+1","Acrobatics+1","Footwork","Glass Knife+1","Deadly Poison","Crippling Poison","Bane","Deadly Poison+1","Noxious Fumes"],"max_hp_per_floor":[70,70,70,70,70,70,70,70,70,70,70,70,70,70,70,70,70,70,70,70,70,70,70,70,70,70,70,70,70,70,70,70,70],"relics":["Ring of the Snake","NeowsBlessing","Potion Belt","Bag of Marbles","Orichalcum","Bag of Preparation","Cursed Key","Juzu Bracelet"],"card_choices":[{"not_picked":["Deadly Poison","Underhanded Strike"],"picked":"Endless Agony","floor":1},{"not_picked":["Riddle With Holes","Deadly Poison"],"picked":"Bane","floor":2},{"not_picked":["Distraction","Sucker Punch"],"picked":"Slice","floor":4},{"not_picked":["Backflip","Underhanded Strike"],"picked":"Dagger Spray","floor":11},{"not_picked":["Bane","Poisoned Stab"],"picked":"After Image","floor":12},{"not_picked":["Outmaneuver","Flechettes","Flying Knee"],"picked":"SKIP","floor":13},{"not_picked":["Bane","Backflip"],"picked":"Quick Slash","floor":14},{"not_picked":["Bullet Time","After Image"],"picked":"Die Die Die","floor":16},{"not_picked":["Prepared","Distraction"],"picked":"Caltrops+1","floor":18},{"not_picked":["Sucker Punch+1","Prepared"],"picked":"Acrobatics+1","floor":19},{"not_picked":["Dagger Throw","Bane"],"picked":"Footwork","floor":20},{"not_picked":["Outmaneuver","Reflex+1"],"picked":"Glass Knife","floor":21},{"not_picked":["Slice","Reflex+1","Prepared"],"picked":"SKIP","floor":22},{"not_picked":["Sucker Punch","Underhanded Strike","Reflex+1"],"picked":"SKIP","floor":24},{"not_picked":["Malaise","Infinite Blades"],"picked":"Bane","floor":29},{"not_picked":["Eviscerate","Bullet Time"],"picked":"Deadly Poison+1","floor":30},{"not_picked":["Bouncing Flask","Distraction"],"picked":"Noxious Fumes","floor":31}],"player_experience":82439,"potions_floor_usage":[13,13,16,19,24,31,33],"damage_taken":[{"damage":0,"enemies":"Small Slimes","floor":1,"turns":1},{"damage":0,"enemies":"2 Louse","floor":2,"turns":1},{"damage":0,"enemies":"Cultist","floor":4,"turns":1},{"damage":3,"enemies":"3 Louse","floor":11,"turns":2},{"damage":1,"enemies":"Blue Slaver","floor":12,"turns":2},{"damage":18,"enemies":"Lagavulin","floor":13,"turns":8},{"damage":0,"enemies":"Exordium Wildlife","floor":14,"turns":3},{"damage":23,"enemies":"Slime Boss","floor":16,"turns":11},{"damage":7,"enemies":"2 Thieves","floor":18,"turns":3},{"damage":0,"enemies":"Spheric Guardian","floor":19,"turns":3},{"damage":0,"enemies":"Centurion and Healer","floor":20,"turns":4},{"damage":16,"enemies":"Snecko","floor":21,"turns":4},{"damage":1,"enemies":"Chosen and Byrds","floor":22,"turns":3},{"damage":0,"enemies":"Snake Plant","floor":24,"turns":2},{"damage":0,"enemies":"Centurion and Healer","floor":29,"turns":1},{"damage":4,"enemies":"Snecko","floor":30,"turns":3},{"damage":7,"enemies":"Chosen and Byrds","floor":31,"turns":3},{"damage":65,"enemies":"Collector","floor":33,"turns":6}],"relics_obtained":[{"floor":9,"key":"Bag of Marbles"},{"floor":13,"key":"Bag of Preparation"},{"floor":26,"key":"Juzu Bracelet"}],"event_choices":[{"event_name":"World of Goop","player_choice":"Gather Gold","floor":3,"damage_taken":0},{"event_name":"Living Wall","player_choice":"Grow","floor":5,"damage_taken":0},{"event_name":"Scrap Ooze","player_choice":"success","floor":7,"damage_taken":12},{"event_name":"Beggar","player_choice":"Gave Gold","floor":27,"damage_taken":0}],"boss_relics":[{"not_picked":["Black Star","Calling Bell"],"picked":"Cursed Key"}],"items_purged_floors":[28],"potions_floor_spawned":[1,12,14,16,20,21,29,31],"seed_played":"-5635318479435508930","killed_by":"Collector","ascension_level":0,"potions_obtained":[{"floor":1,"key":"SpeedPotion"},{"floor":12,"key":"Block Potion"},{"floor":14,"key":"SkillPotion"},{"floor":16,"key":"GhostInAJar"},{"floor":21,"key":"Fire Potion"},{"floor":29,"key":"Explosive Potion"},{"floor":31,"key":"Fire Potion"}],"is_trial":false}