{"gold_per_floor":[110,122,222,241,43,43,74,87,87,99,116,116,16,45,45,148,148,166,166,166,41,51,51,78,93,117,67,78,78,78,78,78,78],"floor_reached":33,"playtime":3433,"items_purged":["Strike_G","Strike_G"],"score":450,"play_id":"d05bc5f7-f518-4f54-bc1a-f7688e34122e","local_time":"20181215145011","is_ascension_mode":true,"campfire_choices":[{"data":"Neutralize","floor":6,"key":"SMITH"},{"data":"Cloak And Dagger","floor":12,"key":"SMITH"},{"data":"Dagger Spray","floor":15,"key":"SMITH"},{"data":"Footwork","floor":23,"key":"SMITH"},{"floor":30,"key":"REST"},{"floor":32,"key":"REST"}],"neow_cost":"NONE","seed_source_timestamp":159418544581154,"circlet_count":0,"master_deck":["AscendersBane","Defend_G","Defend_G","Defend_G","Defend_G","Defend_G","Strike_G","Strike_G","Strike_G","Survivor","Neutralize+1","Dagger Spray+1","Leg Sweep","Sucker Punch","Dagger Spray","Cloak And Dagger+1","Heel Hook","PiercingWail","Well Laid Plans","Quick Slash","Bullet Time","Footwork+1","Footwork+1","Backflip+1","Deflect+1","Cloak And Dagger+1","Cloak And Dagger+1","Backflip"],"relics":["Ring of the Serpent","Pantograph","Thread and Needle","Prayer Wheel","Lantern","Centennial Puzzle"],"potions_floor_usage":[2,7,7,7,11,14,14,14,14,16,22,24,24,33,33],"damage_taken":[{"damage":0,"enemies":"Jaw Worm","floor":1,"turns":5},{"damage":0,"enemies":"Cultist","floor":2,"turns":4},{"damage":0,"enemies":"2 Louse","floor":4,"turns":4},{"damage":6,"enemies":"3 Sentries","floor":7,"turns":6},{"damage":11,"enemies":"2 Fungi Beasts","floor":8,"turns":3},{"damage":0,"enemies":"Looter","floor":10,"turns":3},{"damage":2,"enemies":"Large Slime","floor":11,"turns":7},{"damage":0,"enemies":"Lagavulin","floor":14,"turns":8},{"damage":16,"enemies":"Slime Boss","floor":16,"turns":13},{"damage":12,"enemies":"Spheric Guardian","floor":18,"turns":8},{"damage":0,"enemies":"3 Byrds","floor":22,"turns":4},{"damage":27,"enemies":"Slavers","floor":24,"turns":7},{"damage":2,"enemies":"Centurion and Healer","floor":25,"turns":9},{"damage":1,"enemies":"Shelled Parasite and Fungi","floor":28,"turns":10},{"damage":96,"enemies":"Champ","floor":33,"turns":27}],"seed_played":"3477998901641808142","potions_obtained":[{"floor":0,"key":"EntropicBrew"},{"floor":0,"key":"SkillPotion"},{"floor":0,"key":"Swift Potion"},{"floor":1,"key":"Swift Potion"},{"floor":4,"key":"Regen Potion"},{"floor":8,"key":"Block Potion"},{"floor":11,"key":"EntropicBrew"},{"floor":18,"key":"LiquidBronze"},{"floor":22,"key":"Poison Potion"},{"floor":28,"key":"EssenceOfSteel"}],"is_trial":false,"path_per_floor":["M","M","?","M","$","R","E","M","T","M","M","R","$","E","R","B",null,"M","?","?","$","M","R","E","M","T","$","M","?","R","?","R","B"],"character_chosen":"THE_SILENT","items_purchased":["Dagger Spray","Cloak And Dagger","Fire Potion","Footwork","Explosive Potion","SteroidPotion"],"campfire_rested":2,"item_purchase_floors":[5,5,5,21,21,27],"current_hp_per_floor":[63,63,63,63,63,63,70,59,59,59,57,57,57,57,57,54,66,54,54,41,41,41,41,14,12,12,12,11,11,33,33,55,0],"gold":78,"neow_bonus":"THREE_SMALL_POTIONS","is_prod":false,"is_daily":false,"chose_seed":false,"campfire_upgraded":4,"win_rate":0,"timestamp":1544907011,"path_taken":["M","M","?","M","$","R","E","?","T","M","M","R","$","E","R","BOSS","M","?","?","$","M","R","E","M","T","$","M","?","R","?","R","BOSS"],"build_version":"2018-12-13","purchased_purges":2,"victory":false,"max_hp_per_floor":[70,70,70,70,70,70,70,70,70,70,70,70,70,70,70,70,70,70,70,75,75,75,75,75,75,75,75,75,75,75,75,75,75],"card_choices":[{"not_picked":["Dagger Throw","Dodge and Roll"],"picked":"Dagger Spray","floor":1},{"not_picked":["Cloak And Dagger","Grand Finale"],"picked":"Leg Sweep","floor":2},{"not_picked":["Poisoned Stab","Expertise"],"picked":"Sucker Punch","floor":4},{"not_picked":["Expertise","Finisher"],"picked":"Heel Hook","floor":7},{"not_picked":["Crippling Poison","Distraction"],"picked":"PiercingWail","floor":8},{"not_picked":["Dagger Throw","Noxious Fumes"],"picked":"Well Laid Plans","floor":10},{"not_picked":["Blade Dance","PiercingWail","Riddle With Holes"],"picked":"SKIP","floor":11},{"not_picked":["Dagger Spray","Bouncing Flask"],"picked":"Quick Slash","floor":14},{"not_picked":["Night Terror","Unload"],"picked":"Bullet Time","floor":16},{"not_picked":["Dagger Spray","Distraction+1"],"picked":"Footwork+1","floor":18},{"not_picked":["Prepared","Tactician","Dagger Throw"],"picked":"SKIP","floor":18},{"not_picked":["Corpse Explosion","PiercingWail"],"picked":"Backflip+1","floor":22},{"not_picked":["Sucker Punch","Outmaneuver","PiercingWail"],"picked":"SKIP","floor":22},{"not_picked":["Storm of Steel","Leg Sweep"],"picked":"Deflect+1","floor":24},{"not_picked":["Expertise","Flechettes"],"picked":"Cloak And Dagger+1","floor":25},{"not_picked":["Slice","Heel Hook","Infinite Blades"],"picked":"SKIP","floor":25},{"not_picked":["Backflip","Poisoned Stab"],"picked":"Cloak And Dagger+1","floor":28},{"not_picked":["PiercingWail","Predator"],"picked":"Backflip","floor":28}],"player_experience":308397,"relics_obtained":[{"floor":7,"key":"Pantograph"},{"floor":9,"key":"Thread and Needle"},{"floor":14,"key":"Prayer Wheel"},{"floor":24,"key":"Lantern"},{"floor":26,"key":"Centennial Puzzle"}],"event_choices":[{"damage_healed":0,"gold_gain":100,"player_choice":"Pray","damage_taken":0,"max_hp_gain":0,"max_hp_loss":0,"event_name":"Golden Shrine","floor":3,"gold_loss":0},{"damage_healed":0,"gold_gain":0,"player_choice":"Ignored","damage_taken":0,"max_hp_gain":0,"max_hp_loss":0,"event_name":"Cursed Tome","floor":19,"gold_loss":0},{"damage_healed":0,"gold_gain":0,"player_choice":"Shed Blood","damage_taken":18,"max_hp_gain":5,"max_hp_loss":0,"event_name":"Forgotten Altar","floor":20,"gold_loss":0},{"damage_healed":0,"gold_gain":0,"player_choice":"Ignored","damage_taken":0,"max_hp_gain":0,"max_hp_loss":0,"event_name":"The Mausoleum","floor":29,"gold_loss":0}],"is_beta":false,"boss_relics":[{"not_picked":["Eternal Feather","Runic Pyramid"],"picked":"Ring of the Serpent"}],"items_purged_floors":[5,13],"is_endless":false,"potions_floor_spawned":[1,4,8,11,18,22,28],"killed_by":"Champ","ascension_level":10}