{"gold_per_floor":[118,129,129,129,83,83,100,100],"floor_reached":8,"playtime":272,"items_purged":[],"score":92,"play_id":"66c7845e-801f-49f6-977c-687859ab08cc","local_time":"20190411144206","is_ascension_mode":true,"campfire_choices":[{"data":"Neutralize","floor":6,"key":"SMITH"}],"neow_cost":"TEN_PERCENT_HP_LOSS","seed_source_timestamp":1145674752056651,"circlet_count":0,"master_deck":["AscendersBane","Defend_G","Defend_G","Defend_G","Defend_G","Defend_G","Strike_G","Strike_G","Strike_G","Strike_G","Strike_G","Survivor","Neutralize+1","Malaise","Flying Knee","Predator","Prepared"],"relics":["Ring of the Snake","Dodecahedron"],"potions_floor_usage":[2],"damage_taken":[{"damage":2,"enemies":"2 Louse","floor":1,"turns":5},{"damage":2,"enemies":"Small Slimes","floor":2,"turns":4},{"damage":0,"enemies":"Cultist","floor":7,"turns":4},{"damage":69,"enemies":"Gremlin Nob","floor":8,"turns":6}],"seed_played":"1002633012768076310","potions_obtained":[{"floor":1,"key":"Explosive Potion"},{"floor":7,"key":"Regen Potion"}],"is_trial":false,"path_per_floor":["M","M","?","?","?","R","M","E"],"character_chosen":"THE_SILENT","items_purchased":[],"campfire_rested":0,"item_purchase_floors":[],"current_hp_per_floor":[57,55,37,57,57,57,57,0],"gold":100,"neow_bonus":"THREE_RARE_CARDS","is_prod":false,"is_daily":false,"chose_seed":false,"campfire_upgraded":1,"win_rate":0,"timestamp":1554961326,"path_taken":["M","M","?","?","?","R","M","E"],"build_version":"2019-01-23","purchased_purges":0,"victory":false,"max_hp_per_floor":[60,60,60,60,60,60,60,60],"card_choices":[{"not_picked":["A Thousand Cuts","Unload"],"picked":"Malaise","floor":0},{"not_picked":["Choke","Riddle With Holes"],"picked":"Flying Knee","floor":1},{"not_picked":["Deflect","Backstab"],"picked":"Predator","floor":2},{"not_picked":["Slice","Flying Knee"],"picked":"Prepared","floor":7}],"player_experience":892250,"relics_obtained":[],"event_choices":[{"damage_healed":0,"gold_gain":0,"player_choice":"Success","damage_taken":18,"relics_obtained":["Dodecahedron"],"max_hp_gain":0,"max_hp_loss":0,"event_name":"Scrap Ooze","floor":3,"gold_loss":0},{"damage_healed":20,"gold_gain":0,"player_choice":"Banana","damage_taken":0,"max_hp_gain":0,"max_hp_loss":0,"event_name":"Big Fish","floor":4,"gold_loss":0},{"damage_healed":0,"gold_gain":0,"player_choice":"Left Gold","damage_taken":0,"max_hp_gain":0,"max_hp_loss":0,"event_name":"World of Goop","floor":5,"gold_loss":46}],"is_beta":false,"boss_relics":[],"items_purged_floors":[],"is_endless":false,"potions_floor_spawned":[1,7],"killed_by":"Gremlin Nob","ascension_level":20}