{"gold_per_floor":[118,130,31,31,31,31,31,49,95,115,136,136,149,165,165,290,290,305,330,245,264,288,324,338,338,338,338,463,463,487,511,511,640,640,665,0,425,32,53,53,78,78,78,78,78,93,106,31,31,31,31,31,31,72,72],"floor_reached":56,"playtime":3257,"items_purged":["Strike_G","Strike_G"],"score":1243,"play_id":"c3651edb-c7d0-4c50-8020-ac0e57faed70","local_time":"20181211142424","is_ascension_mode":false,"campfire_choices":[{"data":"Bouncing Flask","floor":6,"key":"SMITH"},{"data":"Dagger Spray","floor":12,"key":"SMITH"},{"data":"Catalyst","floor":15,"key":"SMITH"},{"data":"Poisoned Stab","floor":25,"key":"SMITH"},{"floor":29,"key":"REST"},{"floor":32,"key":"REST"},{"data":"Burst","floor":40,"key":"SMITH"},{"data":"Deadly Poison","floor":42,"key":"SMITH"},{"data":"PiercingWail","floor":45,"key":"SMITH"},{"floor":49,"key":"RECALL"},{"data":"PiercingWail","floor":52,"key":"SMITH"}],"neow_cost":"TEN_PERCENT_HP_LOSS","seed_source_timestamp":1081164381313996,"circlet_count":0,"master_deck":["Defend_G","Defend_G","Defend_G","Strike_G","Strike_G","Survivor","Neutralize","Venomology","Catalyst+1","Bouncing Flask+1","PiercingWail+1","Dagger Spray+1","Poisoned Stab+1","PiercingWail+1","Well Laid Plans","Adrenaline","Bullet Time+1","Bullet Time+1","Flying Knee+1","Poisoned Stab","Deadly Poison+1","Burst+1","PiercingWail+1","Burst","PiercingWail+1"],"relics":["Ring of the Snake","Golden Idol","Lantern","Astrolabe","Vajra","Ginger","Letter Opener","Tough Bandages","Blue Candle","Snecko Eye","Red Mask","Old Coin","Mango","Bottled Tornado"],"potions_floor_usage":[2,11,16,22,22,23,23,28,28,33,33,33,41,46,47,50,50,50,55,55,55,55],"damage_taken":[{"damage":5,"enemies":"Jaw Worm","floor":1,"turns":5},{"damage":4,"enemies":"Cultist","floor":2,"turns":4},{"damage":0,"enemies":"2 Louse","floor":8,"turns":3},{"damage":2,"enemies":"Looter","floor":10,"turns":3},{"damage":0,"enemies":"3 Louse","floor":11,"turns":3},{"damage":0,"enemies":"2 Fungi Beasts","floor":13,"turns":2},{"damage":2,"enemies":"Looter","floor":14,"turns":3},{"damage":4,"enemies":"The Guardian","floor":16,"turns":7},{"damage":14,"enemies":"Shell Parasite","floor":18,"turns":4},{"damage":0,"enemies":"Chosen","floor":19,"turns":2},{"damage":12,"enemies":"Snake Plant","floor":21,"turns":5},{"damage":1,"enemies":"3 Cultists","floor":22,"turns":5},{"damage":10,"enemies":"Slavers","floor":23,"turns":6},{"damage":5,"enemies":"Snecko","floor":24,"turns":4},{"damage":0,"enemies":"Colosseum Slavers","floor":28,"turns":1},{"damage":26,"enemies":"Colosseum Nobs","floor":28,"turns":4},{"damage":14,"enemies":"Cultist and Chosen","floor":30,"turns":5},{"damage":13,"enemies":"3 Cultists","floor":31,"turns":5},{"damage":6,"enemies":"Collector","floor":33,"turns":9},{"damage":2,"enemies":"3 Shapes","floor":35,"turns":2},{"damage":0,"enemies":"Mind Bloom Boss Battle","floor":37,"turns":2},{"damage":2,"enemies":"Orb Walker","floor":39,"turns":2},{"damage":0,"enemies":"Transient","floor":41,"turns":5},{"damage":19,"enemies":"Sphere and 2 Shapes","floor":46,"turns":5},{"damage":0,"enemies":"Jaw Worm Horde","floor":47,"turns":3},{"damage":43,"enemies":"Donu and Deca","floor":50,"turns":8},{"damage":0,"enemies":"Shield and Spear","floor":54,"turns":5},{"damage":38,"enemies":"The Heart","floor":55,"turns":6}],"seed_played":"6908518583115447034","potions_obtained":[{"floor":1,"key":"Ancient Potion"},{"floor":2,"key":"EssenceOfSteel"},{"floor":23,"key":"Energy Potion"},{"floor":24,"key":"SmokeBomb"},{"floor":28,"key":"Swift Potion"},{"floor":33,"key":"Ancient Potion"},{"floor":46,"key":"PowerPotion"}],"is_trial":false,"path_per_floor":["M","M","$","?","?","R","$","M","T","M","M","R","M","M","R","B",null,"M","M","?","M","M","E","M","R","T","?","?","R","M","M","R","B",null,"M","?","?","$","M","R","M","R","T","?","R","M","M","$","R","B",null,"R","$","E","B",null],"character_chosen":"THE_SILENT","items_purchased":["PiercingWail","Mango","Burst"],"campfire_rested":2,"item_purchase_floors":[3,38,48],"current_hp_per_floor":[58,54,54,39,39,39,39,39,39,37,37,37,37,35,35,31,63,49,49,49,37,51,41,36,36,36,36,10,28,14,1,19,13,63,61,61,61,75,73,73,73,73,73,73,73,54,54,54,54,11,73,73,73,73,35],"gold":72,"neow_bonus":"THREE_RARE_CARDS","is_prod":false,"is_daily":false,"chose_seed":false,"campfire_upgraded":8,"win_rate":0,"timestamp":1544505864,"path_taken":["M","M","$","?","?","R","?","?","T","M","?","R","M","M","R","BOSS","M","?","?","M","M","E","M","R","T","?","?","R","M","M","R","BOSS","M","?","?","?","M","R","M","R","T","?","R","M","M","$","R","BOSS","R","$","E","BOSS"],"build_version":"2018-12-06","purchased_purges":2,"victory":true,"max_hp_per_floor":[63,63,63,63,63,63,63,63,63,63,63,63,63,63,63,63,63,63,63,63,63,63,63,63,63,63,63,63,63,63,63,63,63,63,63,63,63,77,77,77,77,77,77,73,73,73,73,73,73,73,73,73,73,73,73],"card_choices":[{"not_picked":["Phantasmal Killer","Night Terror"],"picked":"Venomology","floor":0},{"not_picked":["Prepared","Outmaneuver"],"picked":"Catalyst","floor":1},{"not_picked":["Terror","Well Laid Plans"],"picked":"Bouncing Flask","floor":2},{"not_picked":["Dagger Throw","Flying Knee"],"picked":"Dagger Spray","floor":8},{"not_picked":["Cloak And Dagger","Infinite Blades","Sucker Punch"],"picked":"SKIP","floor":10},{"not_picked":["Footwork","Underhanded Strike"],"picked":"Poisoned Stab","floor":11},{"not_picked":["Prepared","Bane"],"picked":"PiercingWail","floor":13},{"not_picked":["Deadly Poison","Slice"],"picked":"Well Laid Plans","floor":14},{"not_picked":["Wraith Form v2","Envenom"],"picked":"Adrenaline","floor":16},{"not_picked":["Blur","Dagger Spray","Flying Knee+1"],"picked":"SKIP","floor":18},{"not_picked":["Cloak And Dagger","Deadly Poison"],"picked":"Poisoned Stab","floor":19},{"not_picked":["Dagger Throw+1","Eviscerate","Bane"],"picked":"SKIP","floor":21},{"not_picked":["Venomology","Concentrate","Expertise"],"picked":"SKIP","floor":22},{"not_picked":["Dagger Throw","Eviscerate","Flechettes"],"picked":"SKIP","floor":23},{"not_picked":["Poisoned Stab","Blur","Flying Knee"],"picked":"SKIP","floor":24},{"not_picked":["Escape Plan+1","Quick Slash+1"],"picked":"Deadly Poison","floor":28},{"not_picked":["Sucker Punch","Accuracy","Bullet Time"],"picked":"SKIP","floor":30},{"not_picked":["Dodge and Roll","Bane","Sucker Punch+1"],"picked":"SKIP","floor":31},{"not_picked":["Corpse Explosion","Night Terror"],"picked":"Burst","floor":33},{"not_picked":["Underhanded Strike+1","Quick Slash","Poisoned Stab+1"],"picked":"SKIP","floor":35},{"not_picked":["Heel Hook","Calculated Gamble"],"picked":"PiercingWail+1","floor":39},{"not_picked":["Caltrops","Sucker Punch","Flying Knee+1"],"picked":"SKIP","floor":41},{"not_picked":["Underhanded Strike","Acrobatics+1","Tools of the Trade"],"picked":"SKIP","floor":46},{"not_picked":["Underhanded Strike+1","Reflex+1","Flying Knee+1"],"picked":"SKIP","floor":47},{"not_picked":["Setup","Blade Dance"],"picked":"PiercingWail+1","floor":54}],"player_experience":141778,"relics_obtained":[{"floor":9,"key":"Lantern"},{"floor":23,"key":"Ginger"},{"floor":26,"key":"Letter Opener"},{"floor":28,"key":"Tough Bandages"},{"floor":28,"key":"Blue Candle"},{"floor":37,"key":"Old Coin"},{"floor":54,"key":"Bottled Tornado"}],"event_choices":[{"damage_healed":0,"gold_gain":0,"player_choice":"Take Damage","damage_taken":15,"relics_obtained":["Golden Idol"],"max_hp_gain":0,"max_hp_loss":0,"event_name":"Golden Idol","floor":4,"gold_loss":0},{"damage_healed":0,"gold_gain":0,"player_choice":"Ignored","damage_taken":0,"max_hp_gain":0,"max_hp_loss":0,"event_name":"Liars Game","floor":5,"gold_loss":0},{"damage_healed":0,"gold_gain":0,"player_choice":"Obtained Relic","damage_taken":0,"relics_obtained":["Vajra"],"max_hp_gain":0,"max_hp_loss":0,"event_name":"Addict","floor":20,"gold_loss":85},{"damage_healed":0,"gold_gain":0,"player_choice":"Ignored","damage_taken":0,"max_hp_gain":0,"max_hp_loss":0,"event_name":"The Mausoleum","floor":27,"gold_loss":0},{"damage_healed":0,"gold_gain":0,"player_choice":"Fight","damage_taken":0,"max_hp_gain":0,"max_hp_loss":0,"event_name":"Colosseum","floor":28,"gold_loss":0},{"damage_healed":0,"gold_gain":0,"player_choice":"Fought Nobs","damage_taken":0,"max_hp_gain":0,"max_hp_loss":0,"event_name":"Colosseum","floor":28,"gold_loss":0},{"damage_healed":0,"gold_gain":0,"player_choice":"Paid","damage_taken":0,"relics_obtained":["Red Mask"],"max_hp_gain":0,"max_hp_loss":0,"event_name":"Tomb of Lord Red Mask","floor":36,"gold_loss":665},{"damage_healed":0,"gold_gain":0,"player_choice":"Fight","damage_taken":0,"max_hp_gain":0,"max_hp_loss":0,"event_name":"MindBloom","floor":37,"gold_loss":0},{"damage_healed":0,"gold_gain":0,"player_choice":"Max HP","damage_taken":0,"max_hp_gain":0,"max_hp_loss":4,"event_name":"Winding Halls","floor":44,"gold_loss":0}],"is_beta":false,"boss_relics":[{"not_picked":["WristBlade","Orrery"],"picked":"Astrolabe"},{"not_picked":["Sozu","Eternal Feather"],"picked":"Snecko Eye"}],"items_purged_floors":[3,38],"is_endless":false,"potions_floor_spawned":[1,2,23,24,28,28,31,33,35,41,46],"ascension_level":0}