{"gold_per_floor":[109,119,119,119,129,158,158,12,12,87,101,1,30,50,50,146,146,162,35,135,151,169,169,202,202,202,217,230,230,264,264,264,363,363,382,382,392,392,403,403],"floor_reached":40,"playtime":2185,"items_purged":["Pain","Regret"],"score":437,"play_id":"96f9dc90-803f-414d-9369-5f88009b0ee3","local_time":"20190503230019","is_ascension_mode":true,"campfire_choices":[{"data":"Envenom","floor":7,"key":"SMITH"},{"floor":15,"key":"REST"},{"data":"Cloak And Dagger","floor":23,"key":"SMITH"},{"data":"Cloak And Dagger","floor":25,"key":"SMITH"},{"floor":29,"key":"REST"},{"floor":32,"key":"REST"}],"neow_cost":"NONE","seed_source_timestamp":36306211492539,"circlet_count":0,"master_deck":["Defend_G","Defend_G","Defend_G","Defend_G","Defend_G","Strike_G","Strike_G","Strike_G","Strike_G","Strike_G","Survivor","Neutralize","Well Laid Plans","Poisoned Stab","Envenom+1","Quick Slash","Caltrops","Cloak And Dagger+1","Finisher+1","PiercingWail","Adrenaline","Catalyst","Accuracy","Cloak And Dagger+1","PiercingWail+1","Acrobatics+1","Madness","Madness","Poisoned Stab+1","Well Laid Plans+1"],"relics":["Ring of the Snake","NeowsBlessing","Ninja Scroll","WarpedTongs","Mercury Hourglass","Kunai","Molten Egg 2","Busted Crown","Unceasing Top","The Courier","Paper Crane","Singing Bowl","Red Mask","Cursed Key"],"potions_floor_usage":[6,13],"damage_taken":[{"damage":0,"enemies":"Jaw Worm","floor":1,"turns":1},{"damage":0,"enemies":"2 Louse","floor":2,"turns":1},{"damage":1,"enemies":"Cultist","floor":5,"turns":1},{"damage":36,"enemies":"3 Sentries","floor":6,"turns":6},{"damage":0,"enemies":"2 Fungi Beasts","floor":11,"turns":2},{"damage":8,"enemies":"Gremlin Nob","floor":13,"turns":3},{"damage":0,"enemies":"Exordium Thugs","floor":14,"turns":3},{"damage":5,"enemies":"The Guardian","floor":16,"turns":9},{"damage":0,"enemies":"2 Thieves","floor":18,"turns":1},{"damage":7,"enemies":"Colosseum Slavers","floor":20,"turns":2},{"damage":28,"enemies":"Colosseum Nobs","floor":20,"turns":4},{"damage":0,"enemies":"3 Byrds","floor":21,"turns":3},{"damage":0,"enemies":"Centurion and Healer","floor":22,"turns":5},{"damage":3,"enemies":"Slavers","floor":24,"turns":4},{"damage":9,"enemies":"Snake Plant","floor":27,"turns":5},{"damage":7,"enemies":"Snecko","floor":28,"turns":4},{"damage":0,"enemies":"Masked Bandits","floor":30,"turns":3},{"damage":36,"enemies":"Champ","floor":33,"turns":11},{"damage":1,"enemies":"3 Darklings","floor":35,"turns":6},{"damage":7,"enemies":"Orb Walker","floor":37,"turns":3},{"damage":12,"enemies":"3 Darklings","floor":39,"turns":5},{"damage":68,"enemies":"Nemesis","floor":40,"turns":4}],"seed_played":"-7811184690854988233","potions_obtained":[{"floor":2,"key":"SteroidPotion"},{"floor":11,"key":"AttackPotion"},{"floor":13,"key":"LiquidBronze"},{"floor":24,"key":"Strength Potion"},{"floor":27,"key":"PowerPotion"},{"floor":28,"key":"AttackPotion"},{"floor":30,"key":"LiquidBronze"}],"is_trial":false,"path_per_floor":["M","M","?","?","M","E","R","$","T","?","M","$","E","M","R","B",null,"M","$","?","M","M","R","E","R","T","M","M","R","?","?","R","B",null,"M","?","M","?","M","E"],"character_chosen":"THE_SILENT","items_purchased":["Caltrops","Accuracy","Cloak And Dagger"],"campfire_rested":3,"item_purchase_floors":[8,19,19],"current_hp_per_floor":[70,70,70,70,69,33,33,33,33,22,22,22,14,14,35,30,70,70,70,35,35,35,35,32,32,32,25,20,42,44,44,66,32,78,79,69,62,64,52,0],"gold":403,"neow_bonus":"THREE_ENEMY_KILL","is_prod":false,"is_daily":false,"chose_seed":false,"campfire_upgraded":3,"win_rate":0,"timestamp":1556895619,"path_taken":["M","M","?","?","?","E","R","$","T","?","M","?","E","M","R","BOSS","M","$","?","M","M","R","E","R","T","M","M","R","?","?","R","BOSS","M","?","M","?","M","E"],"build_version":"2019-01-23","purchased_purges":2,"victory":false,"max_hp_per_floor":[70,70,70,70,70,70,70,70,70,70,70,70,70,70,70,70,70,70,70,70,70,70,70,70,70,70,72,74,74,76,76,76,78,78,80,80,80,82,82,82],"card_choices":[{"not_picked":["Deadly Poison","Deflect"],"picked":"Well Laid Plans","floor":1},{"not_picked":["Dodge and Roll","Outmaneuver"],"picked":"Poisoned Stab","floor":2},{"not_picked":["Quick Slash","Catalyst"],"picked":"Envenom","floor":5},{"not_picked":["Skewer","Deadly Poison"],"picked":"Quick Slash","floor":6},{"not_picked":["Tactician","Choke"],"picked":"Cloak And Dagger","floor":11},{"not_picked":["Escape Plan","Deadly Poison"],"picked":"Finisher","floor":13},{"not_picked":["Prepared","Deflect"],"picked":"PiercingWail","floor":14},{"not_picked":["Doppelganger","Venomology"],"picked":"Adrenaline","floor":16},{"not_picked":[],"picked":"Catalyst","floor":18},{"not_picked":[],"picked":"PiercingWail+1","floor":21},{"not_picked":[],"picked":"Acrobatics+1","floor":22},{"not_picked":["Well Laid Plans"],"picked":"SKIP","floor":24},{"not_picked":["Dodge and Roll"],"picked":"Singing Bowl","floor":27},{"not_picked":["Skewer+1"],"picked":"Singing Bowl","floor":28},{"not_picked":["Deflect"],"picked":"Singing Bowl","floor":30},{"not_picked":["Venomology"],"picked":"Singing Bowl","floor":33},{"not_picked":["Deflect"],"picked":"Singing Bowl","floor":35},{"not_picked":[],"picked":"Poisoned Stab+1","floor":37},{"not_picked":["Bandage Up"],"picked":"Singing Bowl","floor":38},{"not_picked":[],"picked":"Well Laid Plans+1","floor":39}],"player_experience":483493,"relics_obtained":[{"floor":6,"key":"Mercury Hourglass"},{"floor":9,"key":"Kunai"},{"floor":13,"key":"Molten Egg 2"},{"floor":20,"key":"Unceasing Top"},{"floor":20,"key":"The Courier"},{"floor":24,"key":"Paper Crane"},{"floor":26,"key":"Singing Bowl"},{"floor":30,"key":"Red Mask"}],"event_choices":[{"damage_healed":0,"gold_gain":0,"player_choice":"Box","damage_taken":0,"relics_obtained":["Ninja Scroll"],"max_hp_gain":0,"max_hp_loss":0,"event_name":"Big Fish","floor":3,"gold_loss":0,"cards_obtained":["Regret"]},{"damage_healed":0,"gold_gain":0,"player_choice":"Rummage","damage_taken":0,"relics_obtained":["WarpedTongs"],"max_hp_gain":0,"max_hp_loss":0,"event_name":"Accursed Blacksmith","floor":4,"gold_loss":0,"cards_obtained":["Pain"]},{"damage_healed":0,"gold_gain":75,"player_choice":"Gather Gold","damage_taken":11,"max_hp_gain":0,"max_hp_loss":0,"event_name":"World of Goop","floor":10,"gold_loss":0},{"damage_healed":0,"gold_gain":0,"player_choice":"Fight","damage_taken":0,"max_hp_gain":0,"max_hp_loss":0,"event_name":"Colosseum","floor":20,"gold_loss":0},{"damage_healed":0,"gold_gain":0,"player_choice":"Fought Nobs","damage_taken":0,"max_hp_gain":0,"max_hp_loss":0,"event_name":"Colosseum","floor":20,"gold_loss":0},{"damage_healed":0,"gold_gain":0,"player_choice":"Fought Bandits","damage_taken":0,"max_hp_gain":0,"max_hp_loss":0,"event_name":"Masked Bandits","floor":30,"gold_loss":0},{"damage_healed":0,"gold_gain":0,"player_choice":"Ignored","damage_taken":0,"max_hp_gain":0,"max_hp_loss":0,"event_name":"Ghosts","floor":31,"gold_loss":0},{"damage_healed":0,"gold_gain":0,"player_choice":"Embrace Madness","damage_taken":10,"max_hp_gain":0,"max_hp_loss":0,"event_name":"Winding Halls","floor":36,"gold_loss":0,"cards_obtained":["Madness","Madness"]},{"damage_healed":0,"gold_gain":0,"player_choice":"Memory 1","damage_taken":0,"max_hp_gain":0,"max_hp_loss":0,"event_name":"SensoryStone","floor":38,"gold_loss":0}],"is_beta":false,"boss_relics":[{"not_picked":["Ectoplasm","Coffee Dripper"],"picked":"Busted Crown"},{"not_picked":["HoveringKite","Snecko Eye"],"picked":"Cursed Key"}],"items_purged_floors":[8,12],"is_endless":false,"potions_floor_spawned":[2,11,13,20,24,27,28,30,37],"killed_by":"Nemesis","ascension_level":1}