{"gold_per_floor":[113,26,44,44,44,79,92,105,131,281,53,53,78,97,97,97],"floor_reached":16,"playtime":336,"items_purged":[],"score":243,"play_id":"f33050fe-dc77-4e2b-afd8-560fc4f539f2","local_time":"20190311012131","is_ascension_mode":true,"campfire_choices":[{"data":"White Noise","floor":12,"key":"SMITH"},{"data":"Fusion","floor":15,"key":"SMITH"}],"neow_cost":"NONE","seed_source_timestamp":114565331941000,"circlet_count":0,"master_deck":["AscendersBane","Strike_B","Strike_B","Strike_B","Strike_B","Defend_B","Defend_B","Defend_B","Defend_B","Zap","Dualcast","Go for the Eyes","Blizzard","Fusion+1","Redo","White Noise+1","Doubt","Conserve Battery","Leap"],"relics":["Cracked Core","NeowsBlessing","Smiling Mask","Potion Belt","Boot","Oddly Smooth Stone","Lantern"],"potions_floor_usage":[8,16],"damage_taken":[{"damage":0,"enemies":"Small Slimes","floor":1,"turns":1},{"damage":0,"enemies":"Cultist","floor":3,"turns":1},{"damage":0,"enemies":"Gremlin Nob","floor":6,"turns":1},{"damage":2,"enemies":"Jaw Worm","floor":7,"turns":3},{"damage":16,"enemies":"2 Fungi Beasts","floor":8,"turns":4},{"damage":34,"enemies":"Lagavulin","floor":13,"turns":9},{"damage":16,"enemies":"Large Slime","floor":14,"turns":7},{"damage":11,"enemies":"The Guardian","floor":16,"turns":2}],"seed_played":"7306859633109936387","potions_obtained":[{"floor":1,"key":"FearPotion"},{"floor":6,"key":"Fruit Juice"},{"floor":7,"key":"Dexterity Potion"}],"is_trial":false,"path_per_floor":["M","$","M","?","$","E","M","M","T","?","$","R","E","M","R","B"],"character_chosen":"DEFECT","items_purchased":["Blizzard","Oddly Smooth Stone","Conserve Battery"],"campfire_rested":0,"item_purchase_floors":[2,11,11],"current_hp_per_floor":[64,64,64,64,64,64,62,51,51,51,51,51,17,1,1,0],"gold":97,"neow_bonus":"THREE_ENEMY_KILL","is_prod":false,"is_daily":false,"chose_seed":false,"campfire_upgraded":2,"win_rate":0,"timestamp":1552263691,"path_taken":["M","$","M","?","?","E","?","M","T","?","$","R","E","M","R","BOSS"],"build_version":"2019-01-23","purchased_purges":0,"victory":false,"max_hp_per_floor":[71,71,71,71,71,71,71,76,76,76,76,76,76,76,76,76],"card_choices":[{"not_picked":["Aggregate","Static Discharge"],"picked":"Go for the Eyes","floor":1},{"not_picked":["Undo","Ball Lightning","BootSequence"],"picked":"SKIP","floor":3},{"not_picked":["Lockon","Ball Lightning"],"picked":"Fusion","floor":6},{"not_picked":["Sweeping Beam","Beam Cell"],"picked":"Redo","floor":7},{"not_picked":["Compile Driver","Auto Shields"],"picked":"White Noise","floor":8},{"not_picked":["Rip and Tear","Tempest"],"picked":"Leap","floor":13},{"not_picked":["Compile Driver","Rip and Tear","Turbo"],"picked":"SKIP","floor":14}],"player_experience":470398,"relics_obtained":[{"floor":6,"key":"Potion Belt"},{"floor":9,"key":"Boot"},{"floor":13,"key":"Lantern"}],"event_choices":[{"damage_healed":0,"gold_gain":0,"player_choice":"Gave Potion","damage_taken":0,"relics_obtained":["Smiling Mask"],"max_hp_gain":0,"max_hp_loss":0,"event_name":"WeMeetAgain","floor":4,"gold_loss":0},{"damage_healed":0,"gold_gain":150,"player_choice":"AGREE","damage_taken":0,"max_hp_gain":0,"max_hp_loss":0,"event_name":"Liars Game","floor":10,"gold_loss":0,"cards_obtained":["Doubt"]}],"is_beta":false,"boss_relics":[],"items_purged_floors":[],"is_endless":false,"potions_floor_spawned":[1,6,7],"killed_by":"The Guardian","ascension_level":16}