{"gold_per_floor":[117,42,55,55,71,71,102,102,102,143,143,143,68,112,112,203,203,221,56,79,100,225,225,260,260,328,346,346,261,299,335,347,457,469,504,535,547,559,571,626,638,664,724,736,35,35,160,160,160,160,160,160,160,7,47,47],"floor_reached":57,"playtime":4951,"items_purged":["Strike_G","Strike_G"],"score":2669,"play_id":"07d297d1-1e70-4204-a708-f8d3c01f8341","local_time":"20190512101159","is_ascension_mode":true,"campfire_choices":[{"data":"Envenom","floor":6.0,"key":"SMITH"},{"floor":8.0,"key":"REST"},{"floor":12.0,"key":"REST"},{"data":"Malaise","floor":15.0,"key":"SMITH"},{"floor":23.0,"key":"REST"},{"floor":25.0,"key":"REST"},{"data":"Wraith Form v2","floor":28.0,"key":"SMITH"},{"data":"Night Terror","floor":32.0,"key":"SMITH"},{"floor":41,"key":"RECALL"},{"floor":44,"key":"REST"},{"data":"Catalyst","floor":46,"key":"SMITH"},{"data":"Footwork","floor":49,"key":"SMITH"},{"data":"Adrenaline","floor":53,"key":"SMITH"}],"neow_cost":"TEN_PERCENT_HP_LOSS","seed_source_timestamp":710309567654600,"circlet_count":0,"master_deck":["AscendersBane","Defend_G","Defend_G","Defend_G","Defend_G","Strike_G","Survivor","Neutralize","Skewer","Envenom+1","Slice","PiercingWail","All Out Attack","Malaise+1","Night Terror+1","Footwork","Wraith Form v2+1","Die Die Die","PiercingWail","Footwork+1","Cloak And Dagger","Blur+1","Dagger Spray","Riddle With Holes","Adrenaline+1","Cloak And Dagger","Sucker Punch+1","Catalyst+1","Tools of the Trade","Finisher","Bandage Up","Well Laid Plans+1","Terror"],"special_seed":0,"relics":["Ring of the Snake","Golden Idol","Odd Mushroom","Bronze Scales","Snake Skull","Bag of Preparation","Orichalcum","Velvet Choker","Ginger","Bottled Lightning","The Courier","Mercury Hourglass","MawBank","Philosopher\u0027s Stone","Vajra","Bag of Marbles","Membership Card","Pantograph","Paper Crane","Anchor","Thread and Needle","Gremlin Horn","Torii","Pen Nib","Happy Flower"],"potions_floor_usage":[50,50,56,56],"damage_taken":[{"damage":4.0,"enemies":"2 Louse","floor":1.0,"turns":3.0},{"damage":0.0,"enemies":"Small Slimes","floor":3.0,"turns":3.0},{"damage":0.0,"enemies":"Jaw Worm","floor":5.0,"turns":3.0},{"damage":13.0,"enemies":"The Mushroom Lair","floor":7.0,"turns":3.0},{"damage":27.0,"enemies":"Gremlin Nob","floor":10.0,"turns":5.0},{"damage":2.0,"enemies":"Lagavulin","floor":14.0,"turns":7.0},{"damage":1.0,"enemies":"Hexaghost","floor":16.0,"turns":9.0},{"damage":0.0,"enemies":"3 Byrds","floor":18.0,"turns":3.0},{"damage":3.0,"enemies":"2 Thieves","floor":20.0,"turns":5.0},{"damage":0.0,"enemies":"3 Cultists","floor":21.0,"turns":6.0},{"damage":16.0,"enemies":"Colosseum Slavers","floor":22.0,"turns":5.0},{"damage":24.0,"enemies":"Colosseum Nobs","floor":22.0,"turns":4.0},{"damage":11.0,"enemies":"Slavers","floor":24.0,"turns":6.0},{"damage":0.0,"enemies":"Snake Plant","floor":27.0,"turns":4.0},{"damage":1.0,"enemies":"Book of Stabbing","floor":30.0,"turns":6.0},{"damage":0.0,"enemies":"Shelled Parasite and Fungi","floor":31.0,"turns":4.0},{"damage":21.0,"enemies":"Automaton","floor":33.0,"turns":14.0},{"damage":0.0,"enemies":"3 Darklings","floor":35.0,"turns":5.0},{"damage":1.0,"enemies":"Orb Walker","floor":36.0,"turns":5.0},{"damage":25,"enemies":"Giant Head","floor":40,"turns":10},{"damage":7,"enemies":"Jaw Worm Horde","floor":42,"turns":2},{"damage":0,"enemies":"Mind Bloom Boss Battle","floor":47,"turns":8},{"damage":1,"enemies":"Awakened One","floor":50,"turns":14},{"damage":31,"enemies":"Donu and Deca","floor":51,"turns":12},{"damage":0,"enemies":"Shield and Spear","floor":55,"turns":13},{"damage":27,"enemies":"The Heart","floor":56,"turns":10}],"seed_played":"-3739464631180995497","potions_obtained":[{"floor":3.0,"key":"EssenceOfSteel"},{"floor":10.0,"key":"Fruit Juice"},{"floor":16.0,"key":"Energy Potion"},{"floor":20.0,"key":"Ancient Potion"},{"floor":22.0,"key":"Weak Potion"},{"floor":27.0,"key":"SteroidPotion"}],"is_trial":false,"path_per_floor":["M","?","M","?","M","R","?","R","T","E","T","R","$","E","R","B",null,"M","$","M","M","?","R","E","R","T","M","R","?","E","M","R","B",null,"M","M","?","?","?","E","R","M","T","R","$","R","?","?","R","B","B",null,"R","$","E","B",null],"character_chosen":"THE_SILENT","items_purchased":["Footwork","Footwork","Cloak And Dagger","Membership Card","Pantograph","Paper Crane","Anchor","Thread and Needle","Gremlin Horn","LiquidBronze","Dexterity Potion","GhostInAJar","Pen Nib"],"campfire_rested":5,"item_purchase_floors":[13,19,19,45,45,45,45,45,45,54,54,54,54],"current_hp_per_floor":[55,55,55,34,34,34,21,39,39,17,17,36,36,34,34,33,57,57,57,54,54,14,33,22,41,41,41,41,41,40,40,40,19,54,54,53,53,53,53,32,32,25,25,44,44,44,65,62,62,62,35,55,55,55,59,39],"gold":47,"neow_bonus":"TRANSFORM_TWO_CARDS","is_prod":false,"is_daily":false,"chose_seed":false,"campfire_upgraded":7,"win_rate":0,"timestamp":1557670319,"path_taken":["M","?","M","?","M","R","?","R","T","E","?","R","$","E","R","BOSS","M","$","?","M","?","R","E","R","T","M","R","?","E","M","R","BOSS","M","M","?","?","?","E","R","?","T","R","$","R","?","?","R","BOSS","BOSS","R","$","E","BOSS"],"build_version":"2019-01-23","purchased_purges":2,"victory":true,"max_hp_per_floor":[60,60,60,60,60,60,60,60,60,65,65,65,65,65,65,65,65,65,65,65,65,65,65,65,65,65,65,65,65,65,65,65,65,65,65,65,65,65,65,65,65,65,65,65,65,65,65,62,62,62,62,62,62,62,62,62],"card_choices":[{"not_picked":["Underhanded Strike","Outmaneuver"],"picked":"Slice","floor":1.0},{"not_picked":["Concentrate","Acrobatics"],"picked":"PiercingWail","floor":3.0},{"not_picked":["Distraction","Bouncing Flask"],"picked":"All Out Attack","floor":5.0},{"not_picked":["Underhanded Strike","Heel Hook"],"picked":"Malaise","floor":7.0},{"not_picked":["Cloak And Dagger","Deadly Poison"],"picked":"Night Terror","floor":10.0},{"not_picked":["Poisoned Stab","Cloak And Dagger"],"picked":"Wraith Form v2","floor":14.0},{"not_picked":["Burst","Night Terror"],"picked":"Die Die Die","floor":16.0},{"not_picked":["Setup","Blade Dance"],"picked":"PiercingWail","floor":18.0},{"not_picked":["Footwork","Bane"],"picked":"Blur+1","floor":20.0},{"not_picked":["Bane","Blade Dance"],"picked":"Dagger Spray","floor":21.0},{"not_picked":["Backflip","Blade Dance"],"picked":"Riddle With Holes","floor":22.0},{"not_picked":["Expertise","Flying Knee"],"picked":"Adrenaline","floor":24.0},{"not_picked":["Deadly Poison","Flechettes"],"picked":"Cloak And Dagger","floor":27.0},{"not_picked":["Deadly Poison","Slice+1"],"picked":"Sucker Punch+1","floor":30.0},{"not_picked":["Dodge and Roll","Heel Hook+1"],"picked":"Catalyst","floor":31.0},{"not_picked":["Die Die Die","Storm of Steel"],"picked":"Tools of the Trade","floor":33.0},{"not_picked":["Quick Slash","Calculated Gamble","Masterful Stab+1"],"picked":"SKIP","floor":35.0},{"not_picked":["Prepared","Backflip"],"picked":"Finisher","floor":36.0},{"not_picked":["Deep Breath","Swift Strike"],"picked":"Bandage Up","floor":37.0},{"not_picked":["Skewer","Outmaneuver","Tactician"],"picked":"SKIP","floor":40},{"not_picked":["Bane+1","Cloak And Dagger"],"picked":"Well Laid Plans+1","floor":42},{"not_picked":["Dash","Quick Slash"],"picked":"Terror","floor":47},{"not_picked":["Die Die Die","Masterful Stab+1","Flying Knee+1"],"picked":"SKIP","floor":55}],"player_experience":1280973,"relics_obtained":[{"floor":7.0,"key":"Odd Mushroom"},{"floor":9.0,"key":"Bronze Scales"},{"floor":10.0,"key":"Snake Skull"},{"floor":11.0,"key":"Bag of Preparation"},{"floor":14.0,"key":"Orichalcum"},{"floor":22.0,"key":"Ginger"},{"floor":22.0,"key":"Bottled Lightning"},{"floor":24.0,"key":"The Courier"},{"floor":30.0,"key":"MawBank"},{"floor":40,"key":"Vajra"},{"floor":43,"key":"Bag of Marbles"},{"floor":47,"key":"Torii"},{"floor":55,"key":"Happy Flower"}],"event_choices":[{"cards_removed":["Defend_G"],"damage_healed":0.0,"max_hp_gain":0.0,"max_hp_loss":0.0,"gold_gain":0.0,"event_name":"The Cleric","player_choice":"Card Removal","floor":2.0,"gold_loss":75.0,"damage_taken":0.0},{"damage_healed":0.0,"max_hp_gain":0.0,"max_hp_loss":0.0,"gold_gain":0.0,"event_name":"Golden Idol","player_choice":"Take Damage","floor":4.0,"gold_loss":0.0,"damage_taken":21.0,"relics_obtained":["Golden Idol"]},{"damage_healed":0.0,"max_hp_gain":0.0,"max_hp_loss":0.0,"gold_gain":0.0,"event_name":"Mushrooms","player_choice":"Fought Mushrooms","floor":7.0,"gold_loss":0.0,"damage_taken":0.0},{"damage_healed":0.0,"max_hp_gain":0.0,"max_hp_loss":0.0,"gold_gain":0.0,"event_name":"Colosseum","player_choice":"Fight","floor":22.0,"gold_loss":0.0,"damage_taken":0.0},{"damage_healed":0.0,"max_hp_gain":0.0,"max_hp_loss":0.0,"gold_gain":0.0,"event_name":"Colosseum","player_choice":"Fought Nobs","floor":22.0,"gold_loss":0.0,"damage_taken":0.0},{"damage_healed":0.0,"max_hp_gain":0.0,"max_hp_loss":0.0,"gold_gain":0.0,"event_name":"Addict","player_choice":"Obtained Relic","floor":29.0,"gold_loss":85.0,"damage_taken":0.0,"relics_obtained":["Mercury Hourglass"]},{"damage_healed":0.0,"max_hp_gain":0.0,"max_hp_loss":0.0,"gold_gain":0.0,"event_name":"SensoryStone","player_choice":"Memory 1","floor":37.0,"gold_loss":0.0,"damage_taken":0.0},{"damage_healed":0.0,"max_hp_gain":0.0,"max_hp_loss":0.0,"gold_gain":0.0,"event_name":"Tomb of Lord Red Mask","player_choice":"Ignored","floor":38.0,"gold_loss":0.0,"damage_taken":0.0},{"damage_healed":0.0,"max_hp_gain":0.0,"max_hp_loss":0.0,"gold_gain":0.0,"event_name":"Mysterious Sphere","player_choice":"Ignored","floor":39.0,"gold_loss":0.0,"damage_taken":0.0},{"damage_healed":0,"gold_gain":0,"player_choice":"Fight","damage_taken":0,"max_hp_gain":0,"max_hp_loss":0,"event_name":"MindBloom","floor":47,"gold_loss":0},{"damage_healed":0,"gold_gain":0,"player_choice":"Max HP","damage_taken":0,"max_hp_gain":0,"max_hp_loss":3,"event_name":"Winding Halls","floor":48,"gold_loss":0}],"is_beta":false,"boss_relics":[{"not_picked":["Lizard Tail","White Beast Statue"],"picked":"Velvet Choker"},{"not_picked":["Pandora\u0027s Box","Sozu"],"picked":"Philosopher\u0027s Stone"}],"items_purged_floors":[19,45],"is_endless":false,"potions_floor_spawned":[3,10,16,20,22,27,35,36,42],"ascension_level":20}