{"gold_per_floor":[119,119,119,135,34,61,61,88,118,118,118,43,56,70,70,163,163,181,181,181,181,14,14,14],"floor_reached":24,"playtime":815,"items_purged":["Strike_R"],"score":450,"play_id":"93695eec-f150-4cfa-a368-b506e3396267","local_time":"20190329095454","is_ascension_mode":true,"campfire_choices":[{"data":"Immolate","floor":7,"key":"SMITH"},{"data":"Uppercut","floor":11,"key":"SMITH"},{"data":"Inflame","floor":15,"key":"SMITH"},{"floor":23,"key":"REST"}],"neow_cost":"NONE","seed_source_timestamp":4697104971754,"circlet_count":0,"master_deck":["AscendersBane","Strike_R","Strike_R","Defend_R","Defend_R","Defend_R","Defend_R","Bash","Pommel Strike","Uppercut+1","Shrug It Off","Immolate+1","Inflame+1","Disarm","Heavy Blade+1","Double Tap"],"relics":["Burning Blood","NeowsBlessing","Singing Bowl","Torii","Bag of Preparation","Tiny Chest","Golden Idol","Eternal Feather","Bag of Marbles"],"potions_floor_usage":[8,8,20],"damage_taken":[{"damage":0,"enemies":"2 Louse","floor":1,"turns":1},{"damage":0,"enemies":"Jaw Worm","floor":4,"turns":1},{"damage":0,"enemies":"Gremlin Nob","floor":6,"turns":1},{"damage":35,"enemies":"Lagavulin","floor":8,"turns":7},{"damage":0,"enemies":"Small Slimes","floor":13,"turns":1},{"damage":0,"enemies":"2 Fungi Beasts","floor":14,"turns":2},{"damage":41,"enemies":"Hexaghost","floor":16,"turns":10},{"damage":30,"enemies":"Spheric Guardian","floor":18,"turns":7},{"damage":22,"enemies":"Colosseum Slavers","floor":20,"turns":3},{"damage":54,"enemies":"Slavers","floor":24,"turns":4}],"seed_played":"3430200610847667048","potions_obtained":[{"floor":1,"key":"BloodPotion"},{"floor":4,"key":"BloodPotion"},{"floor":18,"key":"Swift Potion"}],"is_trial":false,"path_per_floor":["M","?","?","M","$","E","R","E","T","?","R","?","M","M","R","B",null,"M","?","?","?","$","R","E"],"character_chosen":"IRONCLAD","items_purchased":["Shrug It Off","Bag of Marbles"],"campfire_rested":1,"item_purchase_floors":[5,22],"current_hp_per_floor":[74,67,41,47,47,53,53,38,38,38,38,38,44,50,50,15,55,33,33,17,17,17,47,0],"gold":14,"neow_bonus":"THREE_ENEMY_KILL","is_prod":false,"is_daily":false,"chose_seed":false,"campfire_upgraded":3,"win_rate":0,"timestamp":1553820894,"path_taken":["M","?","?","M","?","E","R","E","T","?","R","?","M","M","R","BOSS","M","?","?","?","$","R","E"],"build_version":"2019-01-23","purchased_purges":1,"victory":false,"max_hp_per_floor":[75,75,75,75,75,75,75,75,75,68,68,68,68,68,68,68,68,70,70,70,70,70,70,70],"card_choices":[{"not_picked":["Sentinel","Corruption"],"picked":"Pommel Strike","floor":1},{"not_picked":["Pommel Strike","Rampage"],"picked":"Uppercut","floor":4},{"not_picked":["Ghostly Armor","Shrug It Off"],"picked":"Immolate","floor":6},{"not_picked":["Rampage","Perfected Strike"],"picked":"Inflame","floor":8},{"not_picked":["Heavy Blade","Pummel"],"picked":"Disarm","floor":13},{"not_picked":["Feel No Pain","Corruption"],"picked":"Heavy Blade","floor":14},{"not_picked":["Demon Form","Immolate"],"picked":"Double Tap","floor":16},{"not_picked":["Whirlwind","Perfected Strike","Uppercut+1"],"picked":"Singing Bowl","floor":18}],"player_experience":813979,"relics_obtained":[{"floor":6,"key":"Torii"},{"floor":8,"key":"Bag of Preparation"},{"floor":9,"key":"Tiny Chest"}],"event_choices":[{"cards_removed":["Strike_R"],"damage_healed":0,"gold_gain":0,"player_choice":"Card Removal","damage_taken":7,"max_hp_gain":0,"max_hp_loss":0,"event_name":"Golden Wing","floor":2,"gold_loss":0},{"damage_healed":0,"gold_gain":0,"player_choice":"Success","damage_taken":26,"relics_obtained":["Singing Bowl"],"max_hp_gain":0,"max_hp_loss":0,"event_name":"Scrap Ooze","floor":3,"gold_loss":0},{"damage_healed":0,"gold_gain":0,"player_choice":"Lose Max HP","damage_taken":0,"relics_obtained":["Golden Idol"],"max_hp_gain":0,"max_hp_loss":7,"event_name":"Golden Idol","floor":10,"gold_loss":0},{"cards_removed":["Strike_R"],"damage_healed":0,"gold_gain":0,"player_choice":"Card Removal","damage_taken":0,"max_hp_gain":0,"max_hp_loss":0,"event_name":"The Cleric","floor":12,"gold_loss":75},{"damage_healed":0,"gold_gain":0,"player_choice":"Ignored","damage_taken":0,"max_hp_gain":0,"max_hp_loss":0,"event_name":"Ghosts","floor":19,"gold_loss":0},{"damage_healed":0,"gold_gain":0,"player_choice":"Fight","damage_taken":0,"max_hp_gain":0,"max_hp_loss":0,"event_name":"Colosseum","floor":20,"gold_loss":0},{"damage_healed":0,"gold_gain":0,"player_choice":"Fled From Nobs","damage_taken":0,"max_hp_gain":0,"max_hp_loss":0,"event_name":"Colosseum","floor":20,"gold_loss":0},{"damage_healed":0,"gold_gain":0,"player_choice":"Upgraded","damage_taken":0,"max_hp_gain":0,"max_hp_loss":0,"event_name":"Upgrade Shrine","floor":21,"gold_loss":0,"cards_upgraded":["Heavy Blade"]}],"is_beta":false,"boss_relics":[{"not_picked":["Empty Cage","Black Blood"],"picked":"Eternal Feather"}],"items_purged_floors":[5],"is_endless":false,"potions_floor_spawned":[1,4,18],"killed_by":"Slavers","ascension_level":20}