{"gold_per_floor":[109,125,45,45,61,61,87,87,157,157,157],"floor_reached":11,"playtime":435,"items_purged":[],"score":142,"play_id":"6aed7fc4-8518-4e99-9ddf-d8e87b6be0dd","local_time":"20190416212438","is_ascension_mode":true,"campfire_choices":[{"data":"1","floor":6.0,"key":"LIFT"},{"data":"2","floor":8.0,"key":"LIFT"},{"data":"3","floor":10.0,"key":"LIFT"}],"neow_cost":"TEN_PERCENT_HP_LOSS","seed_source_timestamp":0,"circlet_count":0,"master_deck":["AscendersBane","Defend_G","Defend_G","Defend_G","Defend_G","Defend_G","Strike_G","Strike_G","Strike_G","Strike_G","Survivor","Neutralize","Leg Sweep","Flying Knee","Footwork","Bouncing Flask","Malaise"],"special_seed":0,"relics":["Ring of the Snake","Girya","Smiling Mask","Sundial"],"potions_floor_usage":[],"damage_taken":[{"damage":0.0,"enemies":"Jaw Worm","floor":1.0,"turns":6.0},{"damage":1.0,"enemies":"2 Louse","floor":2.0,"turns":4.0},{"damage":0.0,"enemies":"Small Slimes","floor":5.0,"turns":4.0},{"damage":26.0,"enemies":"Lagavulin","floor":7.0,"turns":7.0},{"damage":26,"enemies":"Gremlin Nob","floor":11,"turns":3}],"seed_played":"-727493807642010117","potions_obtained":[],"is_trial":false,"path_per_floor":["M","M","$","?","M","R","E","R","T","R","E"],"character_chosen":"THE_SILENT","items_purchased":["Footwork"],"campfire_rested":0,"item_purchase_floors":[3],"current_hp_per_floor":[59,58,58,51,51,51,25,25,25,25,0],"gold":157,"neow_bonus":"ONE_RARE_RELIC","is_prod":false,"is_daily":false,"chose_seed":false,"campfire_upgraded":0,"win_rate":0,"timestamp":1555442678,"path_taken":["M","M","$","?","M","R","E","R","T","R","E"],"build_version":"2019-01-23","purchased_purges":0,"victory":false,"max_hp_per_floor":[60,60,60,60,60,60,60,60,60,60,60],"card_choices":[{"not_picked":["Dagger Spray","Backflip"],"picked":"Leg Sweep","floor":1.0},{"not_picked":["Outmaneuver","Backflip"],"picked":"Flying Knee","floor":2.0},{"not_picked":["Dagger Spray","Underhanded Strike"],"picked":"Bouncing Flask","floor":5.0},{"not_picked":["Riddle With Holes","Dagger Spray"],"picked":"Malaise","floor":7.0}],"player_experience":563058,"relics_obtained":[{"floor":7.0,"key":"Smiling Mask"},{"floor":9.0,"key":"Sundial"}],"event_choices":[{"cards_removed":["Strike_G"],"damage_healed":0.0,"max_hp_gain":0.0,"max_hp_loss":0.0,"gold_gain":0.0,"event_name":"Golden Wing","player_choice":"Card Removal","floor":4.0,"gold_loss":0.0,"damage_taken":7.0}],"is_beta":false,"boss_relics":[],"items_purged_floors":[],"is_endless":false,"potions_floor_spawned":[],"killed_by":"Gremlin Nob","ascension_level":20}