{"gold_per_floor":[110,125,138,63,80,108,108,108,184,184,200,220,220,239,239,336,336,348,367,267,267,267,267,278,295,364,364,377,67,82,82,82,183,183,200,200,125,125,125,125,145,145,168,168],"floor_reached":44,"playtime":2128,"items_purged":["Strike_R","Strike_R","Battle Trance"],"score":435,"play_id":"824b0a37-a21b-42cb-aca7-c2b2947af745","local_time":"20180815003452","is_ascension_mode":false,"campfire_choices":[{"data":"Flame Barrier","floor":8,"key":"SMITH"},{"data":"Dropkick","floor":10,"key":"SMITH"},{"floor":13,"key":"REST"},{"floor":15,"key":"REST"},{"data":"Bite","floor":23,"key":"SMITH"},{"floor":27,"key":"REST"},{"data":"Apotheosis","floor":32,"key":"SMITH"},{"data":"Uppercut","floor":40,"key":"SMITH"},{"floor":42,"key":"REST"}],"neow_cost":"NONE","seed_source_timestamp":1635881225849,"circlet_count":0,"master_deck":["Defend_R","Defend_R","Defend_R","Defend_R","Bash","Heavy Blade","Flame Barrier+1","Dropkick+1","Burning Pact","Berserk","Sword Boomerang+1","Bite","Bite+1","Bite","Bite","Bite","Apotheosis+1","Feed","Barricade","Blood for Blood+1","Uppercut+1","Feed","Deep Breath"],"special_seed":0,"relics":["Snecko Eye"],"potions_floor_usage":[16,30,33],"damage_taken":[{"damage":8.0,"enemies":"Small Slimes","floor":1.0,"turns":4.0},{"damage":6.0,"enemies":"Jaw Worm","floor":2.0,"turns":2.0},{"damage":1.0,"enemies":"2 Louse","floor":3.0,"turns":3.0},{"damage":6.0,"enemies":"Red Slaver","floor":5.0,"turns":4.0},{"damage":22.0,"enemies":"Lagavulin","floor":6.0,"turns":6.0},{"damage":10,"enemies":"Looter","floor":11,"turns":3},{"damage":0,"enemies":"3 Louse","floor":12,"turns":3},{"damage":0,"enemies":"Large Slime","floor":14,"turns":3},{"damage":13,"enemies":"Slime Boss","floor":16,"turns":9},{"damage":0,"enemies":"Chosen","floor":18,"turns":4},{"damage":2,"enemies":"Shell Parasite","floor":19,"turns":3},{"damage":28,"enemies":"3 Cultists","floor":24,"turns":5},{"damage":34,"enemies":"Centurion and Healer","floor":25,"turns":7},{"damage":19,"enemies":"Snecko","floor":28,"turns":4},{"damage":6,"enemies":"Cultist and Chosen","floor":30,"turns":5},{"damage":66,"enemies":"Collector","floor":33,"turns":10},{"damage":1,"enemies":"3 Shapes","floor":35,"turns":3},{"damage":49,"enemies":"Orb Walker","floor":41,"turns":5},{"damage":43,"enemies":"Nemesis","floor":44,"turns":2}],"seed_played":"-6406608339373595164","potions_obtained":[{"floor":5.0,"key":"BloodPotion"},{"floor":12,"key":"Poison Potion"},{"floor":19,"key":"SteroidPotion"},{"floor":28,"key":"Explosive Potion"},{"floor":41,"key":"Ancient Potion"}],"is_trial":false,"path_per_floor":["M","M","M","$","M","E","?","R","T","R","M","M","R","M","R","B",null,"M","M","$","?","?","R","M","M","T","R","M","$","M","?","R","B",null,"M","?","$","?","?","R","M","R","T"],"character_chosen":"IRONCLAD","items_purchased":["Apotheosis","Uppercut"],"campfire_rested":4,"item_purchase_floors":[29,37],"current_hp_per_floor":[72,66,65,65,59,45,45,45,45,45,35,35,59,59,80,67,80,80,78,78,78,56,56,36,13,13,29,26,26,44,56,56,20,56,59,59,59,59,59,59,21,39,39,0],"gold":168,"neow_bonus":"BOSS_RELIC","is_prod":false,"is_daily":false,"chose_seed":false,"campfire_upgraded":5,"win_rate":0,"timestamp":1534264492,"path_taken":["M","M","M","$","M","E","?","R","T","R","M","?","R","M","R","BOSS","M","M","$","?","?","R","M","M","T","R","M","$","M","?","R","BOSS","M","?","$","?","?","R","M","R","T","E"],"build_version":"2018-08-09","purchased_purges":3,"victory":false,"max_hp_per_floor":[80,80,80,80,80,80,80,80,80,80,80,80,80,80,80,80,80,80,80,80,80,56,56,56,56,56,56,56,56,56,56,56,56,56,60,60,60,60,60,60,60,60,60,60],"card_choices":[{"not_picked":["Cleave","Twin Strike","Headbutt"],"picked":"SKIP","floor":1.0},{"not_picked":["Twin Strike","Seeing Red","Anger"],"picked":"SKIP","floor":2.0},{"not_picked":["Warcry","Entrench"],"picked":"Heavy Blade","floor":3.0},{"not_picked":["Infernal Blade","True Grit"],"picked":"Flame Barrier","floor":5.0},{"not_picked":["Ghostly Armor","Anger"],"picked":"Dropkick","floor":6},{"not_picked":["Shrug It Off","Clash"],"picked":"Battle Trance","floor":11},{"not_picked":["True Grit","Cleave","Dark Embrace"],"picked":"SKIP","floor":12},{"not_picked":["Sword Boomerang","Searing Blow"],"picked":"Burning Pact","floor":14},{"not_picked":["Double Tap","Immolate"],"picked":"Berserk","floor":16},{"not_picked":["Fire Breathing","Shrug It Off","Body Slam"],"picked":"SKIP","floor":18},{"not_picked":["Thunderclap","Clash"],"picked":"Sword Boomerang+1","floor":19},{"not_picked":["Flex+1","Fire Breathing","Infernal Blade"],"picked":"SKIP","floor":24},{"not_picked":["Cleave","Shrug It Off","Body Slam"],"picked":"SKIP","floor":25},{"not_picked":["Dropkick+1","Power Through","Warcry"],"picked":"SKIP","floor":28},{"not_picked":["Body Slam+1","Warcry"],"picked":"Feed","floor":30},{"not_picked":["Offering","Berserk"],"picked":"Barricade","floor":33},{"not_picked":["Havoc","Spot Weakness+1"],"picked":"Blood for Blood+1","floor":35},{"not_picked":["Sadistic Nature","Flash of Steel"],"picked":"Deep Breath","floor":39},{"not_picked":["Havoc+1","Burning Pact+1","Dropkick+1"],"picked":"SKIP","floor":41}],"player_experience":306660,"relics_obtained":[],"event_choices":[{"event_name":"Golden Idol","player_choice":"Ignored","floor":7,"damage_taken":0},{"event_name":"Ghosts","player_choice":"Ignored","floor":21,"damage_taken":0},{"event_name":"Vampires","player_choice":"Became a vampire","floor":22,"damage_taken":0},{"event_name":"The Library","player_choice":"Heal","floor":31,"damage_taken":0},{"event_name":"Mysterious Sphere","player_choice":"Ignore","floor":36,"damage_taken":0},{"event_name":"Duplicator","player_choice":"One dupe","floor":38,"damage_taken":0},{"event_name":"SensoryStone","player_choice":"Memory 1","floor":39,"damage_taken":0}],"is_beta":false,"boss_relics":[{"not_picked":["Calling Bell","Sozu","Cursed Key"]},{"not_picked":["White Beast Statue","Tiny House","Philosopher\u0027s Stone"]}],"items_purged_floors":[4,20,29],"is_endless":false,"potions_floor_spawned":[5,12,19,28,41],"killed_by":"Nemesis","ascension_level":0}