{"gold_per_floor":[118,138,57,57,122,149,149,176,202,236,262,41,59,9,9,111,111,128,141,161,191,209,209,241,241,264,264,264,144,170,189,189,287,287,300,53,53,53,64,64,76,108,159,176,208,208,208,222,222,222],"floor_reached":50,"playtime":3694,"items_purged":["Strike_G"],"score":1094,"play_id":"91d6aeed-6a5f-438e-8d11-dad374b9b189","local_time":"20190422133252","is_ascension_mode":true,"campfire_choices":[{"data":"Noxious Fumes","floor":7,"key":"SMITH"},{"floor":15,"key":"REST"},{"floor":23,"key":"REST"},{"floor":25,"key":"REST"},{"data":"Footwork","floor":28,"key":"SMITH"},{"data":"Deadly Poison","floor":32,"key":"SMITH"},{"data":"Dodge and Roll","floor":40,"key":"SMITH"},{"floor":49,"key":"RECALL"}],"neow_cost":"PERCENT_DAMAGE","seed_source_timestamp":0,"circlet_count":0,"master_deck":["AscendersBane","Defend_G+1","Defend_G+1","Defend_G+1","Defend_G+1","Defend_G+1","Survivor+1","Neutralize+1","Dash+1","Footwork+1","Noxious Fumes+1","Backflip+1","Blur+1","Calculated Gamble+1","Backflip+1","Quick Slash+1","Flechettes+1","Dagger Spray+1","Crippling Poison+1","Deadly Poison+1","Escape Plan+1","Bane+1","Dodge and Roll+1","Parasite"],"special_seed":0,"relics":["Ring of the Snake","FossilizedHelix","Ancient Tea Set","Gremlin Horn","Bag of Marbles","Blood Vial","PreservedInsect","Oddly Smooth Stone","Astrolabe","Red Mask","Potion Belt","Happy Flower","Pen Nib","Busted Crown","Mummified Hand","Mark of the Bloom","Centennial Puzzle","Bronze Scales"],"potions_floor_usage":[6,10,21,21,24,33,33],"damage_taken":[{"damage":2.0,"enemies":"Jaw Worm","floor":1.0,"turns":5.0},{"damage":0,"enemies":"2 Louse","floor":2,"turns":4},{"damage":0,"enemies":"Gremlin Nob","floor":6,"turns":5},{"damage":6,"enemies":"3 Sentries","floor":8,"turns":7},{"damage":33,"enemies":"Gremlin Nob","floor":10,"turns":6},{"damage":0,"enemies":"Small Slimes","floor":13,"turns":4},{"damage":0,"enemies":"The Guardian","floor":16,"turns":14},{"damage":0,"enemies":"Shell Parasite","floor":18,"turns":10},{"damage":0,"enemies":"Spheric Guardian","floor":19,"turns":6},{"damage":16,"enemies":"Snake Plant","floor":20,"turns":7},{"damage":29,"enemies":"Masked Bandits","floor":21,"turns":6},{"damage":4,"enemies":"Sentry and Sphere","floor":22,"turns":6},{"damage":22,"enemies":"Book of Stabbing","floor":24,"turns":6},{"damage":0,"enemies":"Slavers","floor":30,"turns":4},{"damage":0,"enemies":"Chosen and Byrds","floor":31,"turns":5},{"damage":28,"enemies":"Collector","floor":33,"turns":10},{"damage":0,"enemies":"3 Shapes","floor":35,"turns":4},{"damage":0,"enemies":"3 Darklings","floor":39,"turns":3},{"damage":15,"enemies":"4 Shapes","floor":41,"turns":4},{"damage":0,"enemies":"Nemesis","floor":42,"turns":5},{"damage":0,"enemies":"Writhing Mass","floor":44,"turns":6},{"damage":0,"enemies":"Reptomancer","floor":45,"turns":3},{"damage":0,"enemies":"3 Darklings","floor":48,"turns":4},{"damage":50,"enemies":"Time Eater","floor":50,"turns":13}],"seed_played":"-6889750312389448680","potions_obtained":[{"floor":1.0,"key":"PowerPotion"},{"floor":6,"key":"SpeedPotion"},{"floor":10,"key":"Block Potion"},{"floor":13,"key":"SpeedPotion"},{"floor":21,"key":"Block Potion"},{"floor":22,"key":"LiquidBronze"},{"floor":30,"key":"GhostInAJar"},{"floor":39,"key":"Dexterity Potion"},{"floor":42,"key":"Strength Potion"},{"floor":45,"key":"PowerPotion"}],"is_trial":false,"path_per_floor":["M","M","$","?","?","E","R","E","T","E","T","$","M","?","R","B",null,"M","M","M","?","M","R","E","R","T","?","R","$","E","M","R","B",null,"M","$","?","?","M","R","M","E","T","M","E","?","?","M","R","B"],"character_chosen":"THE_SILENT","items_purchased":["Noxious Fumes","Oddly Smooth Stone","Blur","Deadly Poison","Mummified Hand"],"campfire_rested":3,"item_purchase_floors":[3,12,12,29,36],"current_hp_per_floor":[43,43,43,43,43,43,43,37,37,4,4,4,6,6,27,29,60,62,64,50,23,21,42,22,43,43,66,66,66,68,70,70,42,63,65,65,65,65,65,65,50,50,50,50,50,50,50,50,50,0],"gold":222,"neow_bonus":"ONE_RARE_RELIC","is_prod":false,"is_daily":false,"chose_seed":false,"campfire_upgraded":4,"win_rate":0,"timestamp":1555932772,"path_taken":["M","M","$","?","?","E","R","E","T","E","?","$","M","?","R","BOSS","M","M","M","?","M","R","E","R","T","?","R","$","E","M","R","BOSS","M","$","?","?","M","R","M","E","T","M","E","?","?","M","R","BOSS"],"build_version":"2019-01-23","purchased_purges":1,"victory":false,"max_hp_per_floor":[70,70,70,70,70,70,70,70,70,70,70,70,70,70,70,70,70,70,70,70,70,70,70,70,70,70,70,70,70,70,70,70,70,70,70,70,70,70,70,70,70,70,70,70,70,70,66,66,66,66],"card_choices":[{"not_picked":["Riddle With Holes","Dagger Spray"],"picked":"Dash","floor":1.0},{"not_picked":["Backstab","Dagger Spray"],"picked":"Footwork","floor":2},{"not_picked":["Malaise","Poisoned Stab","Outmaneuver"],"picked":"SKIP","floor":6},{"not_picked":["Dagger Throw","Distraction"],"picked":"Backflip","floor":8},{"not_picked":["Sucker Punch","Underhanded Strike","Catalyst"],"picked":"SKIP","floor":10},{"not_picked":["Bouncing Flask","Expertise","Phantasmal Killer"],"picked":"SKIP","floor":13},{"not_picked":["Underhanded Strike","Deflect","Sucker Punch"],"picked":"SKIP","floor":18},{"not_picked":["Dagger Throw","Concentrate+1","Slice"],"picked":"SKIP","floor":19},{"not_picked":["Heel Hook","Storm of Steel"],"picked":"Flechettes+1","floor":20},{"not_picked":["Blade Dance+1","PiercingWail"],"picked":"Dagger Spray+1","floor":21},{"not_picked":["Flying Knee+1","Blade Dance+1"],"picked":"Crippling Poison","floor":22},{"not_picked":["Distraction","Terror","Endless Agony+1"],"picked":"SKIP","floor":24},{"not_picked":["Heel Hook","Backflip","Underhanded Strike"],"picked":"SKIP","floor":30},{"not_picked":["Underhanded Strike+1","PiercingWail"],"picked":"Escape Plan","floor":31},{"not_picked":["Bullet Time","Night Terror"],"picked":"Envenom","floor":33},{"not_picked":[],"picked":"Bane","floor":35},{"not_picked":[],"picked":"Dodge and Roll","floor":39},{"not_picked":["Quick Slash"],"picked":"SKIP","floor":41},{"not_picked":["Heel Hook"],"picked":"SKIP","floor":42},{"not_picked":["Cloak And Dagger"],"picked":"SKIP","floor":44},{"not_picked":["Distraction"],"picked":"SKIP","floor":45},{"not_picked":["Cloak And Dagger"],"picked":"SKIP","floor":48}],"player_experience":465237,"relics_obtained":[{"floor":6,"key":"Ancient Tea Set"},{"floor":8,"key":"Gremlin Horn"},{"floor":9,"key":"Bag of Marbles"},{"floor":10,"key":"Blood Vial"},{"floor":11,"key":"PreservedInsect"},{"floor":21,"key":"Red Mask"},{"floor":24,"key":"Potion Belt"},{"floor":26,"key":"Happy Flower"},{"floor":30,"key":"Pen Nib"},{"floor":42,"key":"Centennial Puzzle"},{"floor":45,"key":"Bronze Scales"}],"event_choices":[{"damage_healed":0,"gold_gain":0,"player_choice":"Ignored","damage_taken":0,"max_hp_gain":0,"max_hp_loss":0,"event_name":"Liars Game","floor":4,"gold_loss":0},{"damage_healed":0,"gold_gain":65,"player_choice":"Gained Gold","damage_taken":0,"max_hp_gain":0,"max_hp_loss":0,"event_name":"Golden Wing","floor":5,"gold_loss":0},{"cards_removed":["Strike_G"],"damage_healed":0,"gold_gain":0,"player_choice":"Card Removal","damage_taken":0,"max_hp_gain":0,"max_hp_loss":0,"event_name":"The Cleric","floor":14,"gold_loss":50},{"damage_healed":0,"gold_gain":0,"player_choice":"Fought Bandits","damage_taken":0,"max_hp_gain":0,"max_hp_loss":0,"event_name":"Masked Bandits","floor":21,"gold_loss":0},{"damage_healed":23,"gold_gain":0,"player_choice":"Heal","damage_taken":0,"max_hp_gain":0,"max_hp_loss":0,"event_name":"The Library","floor":27,"gold_loss":0},{"damage_healed":0,"gold_gain":0,"player_choice":"Ignored","damage_taken":0,"max_hp_gain":0,"max_hp_loss":0,"event_name":"Tomb of Lord Red Mask","floor":37,"gold_loss":0},{"damage_healed":0,"gold_gain":0,"player_choice":"Upgrade","damage_taken":0,"relics_obtained":["Mark of the Bloom"],"max_hp_gain":0,"max_hp_loss":0,"event_name":"MindBloom","floor":38,"gold_loss":0,"cards_upgraded":["Defend_G","Defend_G","Defend_G","Defend_G","Defend_G","Survivor","Neutralize","Dash","Backflip","Blur","Crippling Poison","Escape Plan","Envenom","Bane"]},{"cards_removed":["Envenom"],"damage_healed":0,"gold_gain":0,"player_choice":"Removed Power","damage_taken":0,"max_hp_gain":0,"max_hp_loss":0,"event_name":"Falling","floor":46,"gold_loss":0},{"damage_healed":0,"gold_gain":0,"player_choice":"Max HP","damage_taken":0,"max_hp_gain":0,"max_hp_loss":4,"event_name":"Winding Halls","floor":47,"gold_loss":0}],"is_beta":false,"boss_relics":[{"not_picked":["Tiny House","Calling Bell"],"picked":"Astrolabe"},{"not_picked":["Empty Cage","Runic Dome"],"picked":"Busted Crown"}],"items_purged_floors":[29],"is_endless":false,"potions_floor_spawned":[1,6,10,13,20,21,22,30,39,42,45],"killed_by":"Time Eater","ascension_level":11}