{"gold_per_floor":[111,124,199,199,219,248,4,4,30,62,82,98,113,147,147,223,223,223,223,223,223,223,223,223,223,223,223,223,223,223,223,223,223,223,223,19,19,19,19,19,19,19,19,19,19,19,19,19,19,19],"floor_reached":50,"playtime":2677,"items_purged":["Defend_B"],"score":1277,"play_id":"f96a3112-4843-4ef2-a09c-30b18d0f20af","local_time":"20190425043353","is_ascension_mode":true,"campfire_choices":[{"data":"Barrage","floor":8.0,"key":"SMITH"},{"floor":15.0,"key":"REST"},{"data":"Buffer","floor":23.0,"key":"SMITH"},{"data":"Defragment","floor":25.0,"key":"SMITH"},{"floor":27.0,"key":"REST"},{"data":"Hologram","floor":32.0,"key":"SMITH"},{"data":"Sunder","floor":40.0,"key":"SMITH"},{"floor":45.0,"key":"REST"},{"data":"Capacitor","floor":49.0,"key":"SMITH"}],"neow_cost":"NONE","seed_source_timestamp":17987994476796,"circlet_count":0,"master_deck":["AscendersBane","Strike_B","Strike_B","Defend_B","Defend_B","Zap+1","Dualcast","Cold Snap","BootSequence","Barrage+1","Steam","Ball Lightning","Cold Snap","Buffer+1","Chill","Machine Learning","Go for the Eyes+1","Defragment+1","Coolheaded","White Noise","Hologram+1","Capacitor+1","Undo","Necronomicurse","Leap+1","All For One","Undo+1","Gash+1","Compile Driver+1","Sunder+1","Hologram","Hologram+1","Doom and Gloom+1","Conserve Battery"],"special_seed":0,"relics":["Cracked Core","NeowsBlessing","Bag of Preparation","Vajra","Bag of Marbles","Pear","Regal Pillow","Ectoplasm","Juzu Bracelet","Bottled Flame","PreservedInsect","Necronomicon","Kunai","Astrolabe","Pen Nib","Old Coin","Boot","Ancient Tea Set"],"potions_floor_usage":[],"damage_taken":[{"damage":0.0,"enemies":"Jaw Worm","floor":1.0,"turns":1.0},{"damage":0.0,"enemies":"Small Slimes","floor":2.0,"turns":1.0},{"damage":0.0,"enemies":"Cultist","floor":5.0,"turns":1.0},{"damage":22.0,"enemies":"Lagavulin","floor":6.0,"turns":7.0},{"damage":21.0,"enemies":"3 Sentries","floor":10.0,"turns":10.0},{"damage":0.0,"enemies":"Red Slaver","floor":11.0,"turns":1.0},{"damage":0.0,"enemies":"3 Louse","floor":12.0,"turns":2.0},{"damage":0.0,"enemies":"Large Slime","floor":13.0,"turns":3.0},{"damage":0.0,"enemies":"Lagavulin","floor":14.0,"turns":5.0},{"damage":33.0,"enemies":"Hexaghost","floor":16.0,"turns":10.0},{"damage":0.0,"enemies":"Spheric Guardian","floor":18.0,"turns":3.0},{"damage":9.0,"enemies":"Shell Parasite","floor":20.0,"turns":5.0},{"damage":1.0,"enemies":"3 Cultists","floor":21.0,"turns":6.0},{"damage":0.0,"enemies":"Centurion and Healer","floor":22.0,"turns":10.0},{"damage":23.0,"enemies":"Slavers","floor":24.0,"turns":6.0},{"damage":2.0,"enemies":"Book of Stabbing","floor":28.0,"turns":6.0},{"damage":2.0,"enemies":"Snake Plant","floor":29.0,"turns":5.0},{"damage":10.0,"enemies":"Slavers","floor":31.0,"turns":4.0},{"damage":0.0,"enemies":"Collector","floor":33.0,"turns":13.0},{"damage":0.0,"enemies":"3 Darklings","floor":35.0,"turns":9.0},{"damage":3.0,"enemies":"Orb Walker","floor":37.0,"turns":2.0},{"damage":8.0,"enemies":"Sphere and 2 Shapes","floor":39.0,"turns":7.0},{"damage":12.0,"enemies":"Giant Head","floor":42.0,"turns":7.0},{"damage":46.0,"enemies":"Nemesis","floor":44.0,"turns":4.0},{"damage":0.0,"enemies":"Transient","floor":46.0,"turns":6.0},{"damage":70,"enemies":"Donu and Deca","floor":50,"turns":6}],"seed_played":"5494414951793851601","potions_obtained":[{"floor":1.0,"key":"Ancient Potion"},{"floor":6.0,"key":"Swift Potion"},{"floor":11.0,"key":"Swift Potion"},{"floor":13.0,"key":"SpeedPotion"},{"floor":21.0,"key":"SneckoOil"},{"floor":22.0,"key":"FocusPotion"},{"floor":29.0,"key":"EntropicBrew"},{"floor":33.0,"key":"Regen Potion"},{"floor":39.0,"key":"SteroidPotion"}],"is_trial":false,"path_per_floor":["M","M","?","?","M","E","$","R","T","E","M","M","M","E","R","B",null,"M","?","M","M","M","R","E","R","T","R","E","M","?","E","R","B",null,"M","$","M","?","M","R","?","E","T","E","R","M","$","?","R","B"],"character_chosen":"DEFECT","items_purchased":["Vajra","Sunder","Pen Nib"],"campfire_rested":3,"item_purchase_floors":[7,36,36],"current_hp_per_floor":[64,64,53,53,53,31,31,31,31,20,20,20,20,20,59,26,67,67,67,58,57,57,57,34,34,34,73,71,69,48,38,38,38,70,70,70,67,81,73,73,73,61,61,15,54,69,69,69,69,0],"gold":19,"neow_bonus":"THREE_ENEMY_KILL","is_prod":false,"is_daily":false,"chose_seed":false,"campfire_upgraded":6,"win_rate":0,"timestamp":1556159633,"path_taken":["M","M","?","?","?","E","?","R","T","E","M","M","?","E","R","BOSS","M","?","M","M","M","R","E","R","T","R","E","M","?","E","R","BOSS","M","$","M","?","M","R","?","E","T","E","R","M","?","?","R","BOSS"],"build_version":"2019-01-23","purchased_purges":1,"victory":false,"max_hp_per_floor":[71,71,71,71,71,71,71,71,71,81,81,81,81,81,81,81,81,81,81,81,81,81,81,81,81,81,81,81,81,81,81,81,81,81,81,81,81,81,81,81,81,81,81,81,81,81,81,77,77,77],"card_choices":[{"not_picked":["Double Energy","Undo"],"picked":"Cold Snap","floor":1.0},{"not_picked":["Barrage","Aggregate"],"picked":"BootSequence","floor":2.0},{"not_picked":["Fusion","Skim"],"picked":"Barrage","floor":5.0},{"not_picked":["BootSequence","Barrage"],"picked":"Steam","floor":6.0},{"not_picked":["Coolheaded","Consume"],"picked":"Ball Lightning","floor":10.0},{"not_picked":["Recycle","Streamline"],"picked":"Cold Snap","floor":11.0},{"not_picked":["Leap","Stack"],"picked":"Buffer","floor":12.0},{"not_picked":["Streamline","Force Field","Turbo"],"picked":"SKIP","floor":13.0},{"not_picked":["Rainbow","Melter"],"picked":"Chill","floor":14.0},{"not_picked":["Meteor Strike","Fission"],"picked":"Machine Learning","floor":16.0},{"not_picked":["Cold Snap","Sunder"],"picked":"Go for the Eyes+1","floor":18.0},{"not_picked":["Sweeping Beam","Rebound"],"picked":"Coolheaded","floor":20.0},{"not_picked":["Auto Shields","Go for the Eyes"],"picked":"White Noise","floor":21.0},{"not_picked":["Go for the Eyes","Turbo"],"picked":"Hologram","floor":22.0},{"not_picked":["Ball Lightning","Go for the Eyes"],"picked":"Capacitor","floor":24.0},{"not_picked":["Fusion","Sweeping Beam"],"picked":"Undo","floor":28.0},{"not_picked":["Reprogram","Streamline+1","Rip and Tear"],"picked":"SKIP","floor":29.0},{"not_picked":["Multi-Cast","Blizzard"],"picked":"Leap+1","floor":31.0},{"not_picked":["Rainbow","Thunder Strike"],"picked":"All For One","floor":33.0},{"not_picked":["Sweeping Beam+1","Leap"],"picked":"Compile Driver+1","floor":35.0},{"not_picked":["Heatsinks+1","Leap"],"picked":"Hologram","floor":37.0},{"not_picked":["Ball Lightning","Go for the Eyes"],"picked":"Hologram+1","floor":39.0},{"not_picked":["Sweeping Beam","Chaos+1"],"picked":"Doom and Gloom+1","floor":42.0},{"not_picked":["Melter","Gash","Loop"],"picked":"SKIP","floor":44.0},{"not_picked":["Sweeping Beam","Loop"],"picked":"Conserve Battery","floor":46.0}],"player_experience":708154,"relics_obtained":[{"floor":6.0,"key":"Bag of Preparation"},{"floor":9.0,"key":"Bag of Marbles"},{"floor":10.0,"key":"Pear"},{"floor":14.0,"key":"Regal Pillow"},{"floor":24.0,"key":"Juzu Bracelet"},{"floor":26.0,"key":"Bottled Flame"},{"floor":28.0,"key":"PreservedInsect"},{"floor":30.0,"key":"Necronomicon"},{"floor":31.0,"key":"Kunai"},{"floor":42.0,"key":"Old Coin"},{"floor":43.0,"key":"Boot"},{"floor":44.0,"key":"Ancient Tea Set"}],"event_choices":[{"damage_healed":0.0,"max_hp_gain":0.0,"max_hp_loss":0.0,"gold_gain":75.0,"event_name":"World of Goop","player_choice":"Gather Gold","floor":3.0,"gold_loss":0.0,"damage_taken":11.0},{"damage_healed":0.0,"max_hp_gain":0.0,"max_hp_loss":0.0,"gold_gain":0.0,"event_name":"Upgrade Shrine","player_choice":"Upgraded","floor":4.0,"gold_loss":0.0,"damage_taken":0.0,"cards_upgraded":["Zap"]},{"damage_healed":0.0,"max_hp_gain":0.0,"max_hp_loss":0.0,"gold_gain":0.0,"event_name":"The Library","player_choice":"Read","floor":19.0,"gold_loss":0.0,"damage_taken":0.0,"cards_obtained":["Defragment"]},{"damage_healed":0.0,"max_hp_gain":0.0,"max_hp_loss":0.0,"gold_gain":0.0,"event_name":"Cursed Tome","player_choice":"Obtained Book","floor":30.0,"gold_loss":0.0,"damage_taken":21.0},{"damage_healed":14.0,"max_hp_gain":0.0,"max_hp_loss":0.0,"gold_gain":0.0,"event_name":"Wheel of Change","player_choice":"Full Heal","floor":38.0,"gold_loss":0.0,"damage_taken":0.0},{"cards_removed":["Multi-Cast"],"damage_healed":0.0,"max_hp_gain":0.0,"max_hp_loss":0.0,"gold_gain":0.0,"event_name":"Purifier","player_choice":"Purged","floor":41.0,"gold_loss":0.0,"damage_taken":0.0},{"damage_healed":0.0,"max_hp_gain":0.0,"max_hp_loss":4.0,"gold_gain":0.0,"event_name":"Winding Halls","player_choice":"Max HP","floor":48.0,"gold_loss":0.0,"damage_taken":0.0}],"is_beta":false,"boss_relics":[{"not_picked":["Lizard Tail","Empty Cage"],"picked":"Ectoplasm"},{"not_picked":["Calling Bell","Nuclear Battery"],"picked":"Astrolabe"}],"items_purged_floors":[7],"is_endless":false,"potions_floor_spawned":[1,6,11,13,21,22,29,33,35,37,39,44],"killed_by":"Donu and Deca","ascension_level":19}