{"gold_per_floor":[116,116,266,285,305,305,65,65,112,136,136,170,185,185],"floor_reached":14,"playtime":340,"items_purged":["Doubt"],"score":171,"play_id":"7759fd9d-ee4f-4de0-9030-119604c6f797","local_time":"20190320000455","is_ascension_mode":true,"campfire_choices":[{"data":"Genetic Algorithm","floor":6.0,"key":"SMITH"},{"data":"Defragment","floor":11.0,"key":"SMITH"}],"neow_cost":"NONE","seed_source_timestamp":0,"circlet_count":0,"master_deck":["AscendersBane","Strike_B","Strike_B","Strike_B","Strike_B","Defend_B","Defend_B","Defend_B","Defend_B","Zap","Dualcast","Forethought","Streamline","Injury","Self Repair","Genetic Algorithm+1","Defragment+1","Fusion","Coolheaded"],"special_seed":0,"relics":["Cracked Core","Golden Idol","Regal Pillow","Gremlin Horn","Omamori","Ancient Tea Set"],"potions_floor_usage":[13],"damage_taken":[{"damage":2.0,"enemies":"Cultist","floor":1.0,"turns":4.0},{"damage":7.0,"enemies":"Small Slimes","floor":4.0,"turns":3.0},{"damage":6.0,"enemies":"2 Louse","floor":5.0,"turns":2.0},{"damage":13.0,"enemies":"Lots of Slimes","floor":10.0,"turns":4.0},{"damage":42.0,"enemies":"Lagavulin","floor":12.0,"turns":7.0},{"damage":12,"enemies":"Gremlin Gang","floor":13,"turns":7},{"damage":17,"enemies":"Red Slaver","floor":14,"turns":4}],"seed_played":"8865193043425544859","potions_obtained":[{"floor":1.0,"key":"Fruit Juice"},{"floor":4.0,"key":"EntropicBrew"},{"floor":12.0,"key":"Weak Potion"}],"is_trial":false,"path_per_floor":["M","?","?","M","M","R","$","?","T","M","R","E","M","M"],"character_chosen":"DEFECT","items_purchased":["Regal Pillow"],"campfire_rested":0,"item_purchase_floors":[7],"current_hp_per_floor":[62,62,62,60,54,54,54,54,54,48,48,13,8,0],"gold":185,"neow_bonus":"RANDOM_COLORLESS","is_prod":false,"is_daily":false,"chose_seed":false,"campfire_upgraded":2,"win_rate":0,"timestamp":1553036695,"path_taken":["M","?","?","M","M","R","$","?","T","?","R","E","M","M"],"build_version":"2019-01-23","purchased_purges":1,"victory":false,"max_hp_per_floor":[71,71,71,76,76,76,76,76,76,76,76,76,76,76],"card_choices":[{"not_picked":["Leap","Barrage"],"picked":"Streamline","floor":1.0},{"not_picked":["Redo","Undo"],"picked":"Self Repair","floor":4.0},{"not_picked":["Aggregate","Lockon"],"picked":"Genetic Algorithm","floor":5.0},{"not_picked":["Cold Snap","Coolheaded"],"picked":"Defragment","floor":10.0},{"not_picked":["BootSequence","Stack"],"picked":"Fusion","floor":12.0},{"not_picked":["Hologram","Sweeping Beam"],"picked":"Coolheaded","floor":13}],"player_experience":489927,"relics_obtained":[{"floor":9.0,"key":"Omamori"},{"floor":12.0,"key":"Ancient Tea Set"}],"event_choices":[{"damage_healed":0.0,"max_hp_gain":0.0,"max_hp_loss":0.0,"gold_gain":0.0,"event_name":"Golden Idol","player_choice":"Take Wound","floor":2.0,"gold_loss":0.0,"damage_taken":0.0,"relics_obtained":["Golden Idol"],"cards_obtained":["Injury"]},{"damage_healed":0.0,"max_hp_gain":0.0,"max_hp_loss":0.0,"gold_gain":150.0,"event_name":"Liars Game","player_choice":"AGREE","floor":3.0,"gold_loss":0.0,"damage_taken":0.0,"cards_obtained":["Doubt"]},{"damage_healed":0.0,"max_hp_gain":0.0,"max_hp_loss":0.0,"gold_gain":0.0,"event_name":"WeMeetAgain","player_choice":"Gave Potion","floor":8.0,"gold_loss":0.0,"damage_taken":0.0,"relics_obtained":["Gremlin Horn"]}],"is_beta":false,"boss_relics":[],"items_purged_floors":[7],"is_endless":false,"potions_floor_spawned":[1,4,12],"killed_by":"Red Slaver","ascension_level":18}