{"gold_per_floor":[117,137,137,287,305,305],"floor_reached":6,"playtime":236,"items_purged":[],"score":72,"play_id":"f77d6530-11f3-4f02-b701-7c0108d8ea3c","local_time":"20190511022146","is_ascension_mode":true,"campfire_choices":[],"neow_cost":"NONE","seed_source_timestamp":182876811585600,"circlet_count":0,"master_deck":["AscendersBane","Strike_B","Strike_B","Strike_B","Defend_B","Defend_B","Defend_B","Defend_B","Zap","Dualcast","Sweeping Beam","Conserve Battery","Coolheaded","Self Repair","Sweeping Beam","FTL","Doubt","Hologram"],"relics":["Orrery"],"potions_floor_usage":[],"damage_taken":[{"damage":5,"enemies":"Small Slimes","floor":1,"turns":3},{"damage":4,"enemies":"2 Louse","floor":2,"turns":4},{"damage":10,"enemies":"Jaw Worm","floor":5,"turns":6},{"damage":62,"enemies":"3 Sentries","floor":6,"turns":8}],"seed_played":"7204273559298837136","potions_obtained":[{"floor":5,"key":"FocusPotion"}],"is_trial":false,"path_per_floor":["M","M","?","?","M","E"],"character_chosen":"DEFECT","items_purchased":[],"campfire_rested":0,"item_purchase_floors":[],"current_hp_per_floor":[66,69,62,62,59,0],"gold":305,"neow_bonus":"BOSS_RELIC","is_prod":false,"is_daily":false,"chose_seed":false,"campfire_upgraded":0,"win_rate":0,"timestamp":1557534106,"path_taken":["M","M","?","?","?","E"],"build_version":"2019-01-23","purchased_purges":0,"victory":false,"max_hp_per_floor":[71,71,71,71,71,71],"card_choices":[{"not_picked":["Compile Driver","Beam Cell"],"picked":"Sweeping Beam","floor":0},{"not_picked":["Steam Power","Reprogram"],"picked":"Conserve Battery","floor":0},{"not_picked":["Ball Lightning","Capacitor"],"picked":"Coolheaded","floor":0},{"not_picked":["Ball Lightning","Amplify"],"picked":"Self Repair","floor":0},{"not_picked":["Streamline","Conserve Battery"],"picked":"Sweeping Beam","floor":0},{"not_picked":["Rip and Tear","Steam","Gash"],"picked":"SKIP","floor":1},{"not_picked":["Steam","Hello World"],"picked":"FTL","floor":2},{"not_picked":["Turbo","Gash"],"picked":"Hologram","floor":5}],"player_experience":656947,"relics_obtained":[],"event_choices":[{"cards_removed":["Strike_B"],"damage_healed":0,"gold_gain":0,"player_choice":"Card Removal","damage_taken":7,"max_hp_gain":0,"max_hp_loss":0,"event_name":"Golden Wing","floor":3,"gold_loss":0},{"damage_healed":0,"gold_gain":150,"player_choice":"AGREE","damage_taken":0,"max_hp_gain":0,"max_hp_loss":0,"event_name":"Liars Game","floor":4,"gold_loss":0,"cards_obtained":["Doubt"]}],"is_beta":false,"boss_relics":[],"items_purged_floors":[],"is_endless":false,"potions_floor_spawned":[5],"killed_by":"3 Sentries","ascension_level":20}