{"gold_per_floor":[215,215,228,246,9,9,19,46,115,115,210,210,210,230,230,230],"floor_reached":16,"playtime":496,"items_purged":[],"score":185,"play_id":"21888543-b60e-4687-9a7f-6e519776488b","local_time":"20190313111717","is_ascension_mode":true,"campfire_choices":[{"data":"Whirlwind","floor":6,"key":"SMITH"},{"data":"Bash","floor":10,"key":"SMITH"},{"data":"1","floor":13,"key":"LIFT"},{"floor":15,"key":"REST"}],"neow_cost":"NONE","seed_source_timestamp":541647691250628,"circlet_count":0,"master_deck":["AscendersBane","Strike_R","Strike_R","Strike_R","Strike_R","Strike_R","Defend_R","Defend_R","Defend_R","Defend_R","Bash+1","Iron Wave","Whirlwind+1","Spot Weakness","Feed","Thunderclap","Sword Boomerang","Warcry"],"relics":["Burning Blood","Girya","Pear","Tiny Chest"],"potions_floor_usage":[8,8,16],"damage_taken":[{"damage":9,"enemies":"Jaw Worm","floor":1,"turns":5},{"damage":2,"enemies":"Cultist","floor":3,"turns":4},{"damage":14,"enemies":"Small Slimes","floor":4,"turns":3},{"damage":16,"enemies":"Looter","floor":7,"turns":4},{"damage":30,"enemies":"Lagavulin","floor":8,"turns":5},{"damage":19,"enemies":"Gremlin Nob","floor":11,"turns":4},{"damage":20,"enemies":"Large Slime","floor":14,"turns":4},{"damage":43,"enemies":"Hexaghost","floor":16,"turns":7}],"seed_played":"3772800506917624903","potions_obtained":[{"floor":1,"key":"SkillPotion"},{"floor":2,"key":"Strength Potion"},{"floor":2,"key":"Explosive Potion"},{"floor":7,"key":"Energy Potion"},{"floor":11,"key":"SteroidPotion"}],"is_trial":false,"path_per_floor":["M","?","M","M","$","R","M","E","T","R","?","?","R","M","R","B"],"character_chosen":"IRONCLAD","items_purchased":["Spot Weakness","Feed"],"campfire_rested":1,"item_purchase_floors":[5,5],"current_hp_per_floor":[65,65,69,61,61,61,51,27,37,37,27,27,27,16,43,0],"gold":230,"neow_bonus":"HUNDRED_GOLD","is_prod":false,"is_daily":false,"chose_seed":false,"campfire_upgraded":2,"win_rate":0,"timestamp":1552443437,"path_taken":["M","?","?","M","$","R","M","E","T","R","?","?","R","M","R","BOSS"],"build_version":"2019-01-23","purchased_purges":0,"victory":false,"max_hp_per_floor":[75,75,75,75,75,75,75,75,85,85,88,88,88,91,91,91],"card_choices":[{"not_picked":["Entrench","Body Slam"],"picked":"Iron Wave","floor":1},{"not_picked":["Headbutt","Pommel Strike"],"picked":"Whirlwind","floor":3},{"not_picked":["Dual Wield","Sword Boomerang","Combust"],"picked":"SKIP","floor":4},{"not_picked":["Iron Wave","Heavy Blade"],"picked":"Thunderclap","floor":7},{"not_picked":["Feel No Pain","Bloodletting"],"picked":"Sword Boomerang","floor":8},{"not_picked":["Iron Wave","Fire Breathing"],"picked":"Warcry","floor":14}],"player_experience":687593,"relics_obtained":[{"floor":8,"key":"Girya"},{"floor":9,"key":"Pear"},{"floor":11,"key":"Tiny Chest"}],"event_choices":[{"damage_healed":0,"gold_gain":0,"player_choice":"Got Potions","damage_taken":0,"max_hp_gain":0,"max_hp_loss":0,"event_name":"Lab","floor":2,"gold_loss":0},{"damage_healed":0,"gold_gain":0,"player_choice":"Searched \u00271\u0027 times","damage_taken":0,"max_hp_gain":0,"max_hp_loss":0,"event_name":"Dead Adventurer","floor":11,"gold_loss":0},{"damage_healed":0,"gold_gain":0,"player_choice":"Ignored","damage_taken":0,"max_hp_gain":0,"max_hp_loss":0,"event_name":"Liars Game","floor":12,"gold_loss":0}],"is_beta":false,"boss_relics":[],"items_purged_floors":[],"is_endless":false,"potions_floor_spawned":[1,4,7,11],"killed_by":"Hexaghost","ascension_level":17}