{"path_per_floor":["M","M","?","M","?","E","R","$","T","R","?","$","M","E","R","B",null,"M","?","?","?","M"],"character_chosen":"IRONCLAD","items_purchased":["Panache"],"gold_per_floor":[116,135,135,148,148,181,181,4,4,4,4,4,17,45,45,143,143,143,143,143,143,143],"floor_reached":23,"campfire_rested":1,"playtime":869,"current_hp_per_floor":[80,76,60,62,62,21,45,45,45,45,71,71,63,55,55,21,80,70,70,70,70,58],"items_purged":[],"gold":143,"score":197,"play_id":"d7ffab53-0986-471f-86d0-e38389104f82","is_prod":false,"is_daily":false,"is_ascension_mode":false,"campfire_upgraded":2,"path_taken":["M","M","?","M","?","E","R","$","T","R","?","?","M","E","R","BOSS","M","?","?","?","M","E"],"build_version":"2018-02-22-PROD2","purchased_purges":0,"victory":false,"master_deck":["Strike_R","Strike_R","Strike_R+1","Strike_R+1","Strike_R+1","Defend_R","Defend_R","Defend_R","Defend_R","Bash","Inflame+1","Twin Strike+1","Shrug It Off","Dual Wield+1","Panache","Clothesline","Disarm","Demon Form+1","Headbutt","Pommel Strike"],"max_hp_per_floor":[80,80,80,80,80,80,80,80,80,80,80,80,80,80,80,80,80,80,80,80,80,80],"relics":["Burning Blood","Juzu Bracelet","Vajra","Whetstone","Ectoplasm"],"card_choices":[{"not_picked":["Pummel","Flex"],"picked":"Inflame"},{"not_picked":["Cleave","Corruption"],"picked":"Twin Strike"},{"not_picked":["Warcry","Uppercut"],"picked":"Shrug It Off"},{"not_picked":["Bludgeon","Bloodletting"],"picked":"Dual Wield"},{"not_picked":["Thunderclap","Armaments"],"picked":"Clothesline"},{"not_picked":["Cleave","Headbutt"],"picked":"Disarm"},{"not_picked":["Dark Embrace","Fiend Fire"],"picked":"Demon Form"},{"not_picked":["Twin Strike","Intimidate"],"picked":"Headbutt"},{"not_picked":["Reckless Charge","Anger"],"picked":"Pommel Strike"}],"player_experience":0,"potions_floor_usage":[],"damage_taken":[{"damage":1,"enemies":"2 Louse","floor":1,"turns":4},{"damage":10,"enemies":"Jaw Worm","floor":2,"turns":4},{"damage":4,"enemies":"Small Slimes","floor":4,"turns":4},{"damage":47,"enemies":"Gremlin Nob","floor":6,"turns":5},{"damage":14,"enemies":"Blue Slaver","floor":13,"turns":3},{"damage":14,"enemies":"3 Sentries","floor":14,"turns":5},{"damage":40,"enemies":"The Guardian","floor":16,"turns":10},{"damage":16,"enemies":"Chosen","floor":18,"turns":5},{"damage":18,"enemies":"3 Byrds","floor":22,"turns":4},{"damage":60,"enemies":"Slavers","floor":23,"turns":3}],"event_choices":[{"event_name":"Shining Light","player_choice":"Entered Light","floor":3,"damage_taken":0},{"event_name":"Liars Game","player_choice":"disagreed","floor":5,"damage_taken":0},{"event_name":"Big Fish","player_choice":"Banana","floor":11,"damage_taken":0},{"event_name":"Vampires","player_choice":"Ignored","floor":19,"damage_taken":0},{"event_name":"The Lab","player_choice":"Got Potions","floor":20,"damage_taken":0},{"event_name":"Upgrade Shrine","player_choice":"Upgraded","floor":21,"damage_taken":0}],"boss_relics":[{"not_picked":["Snecko Eye","Cursed Key"],"picked":"Ectoplasm"}],"potions_floor_spawned":[1,2,6,13,18],"seed_played":"-366923422866291136","killed_by":"Slavers","ascension_level":0,"is_trial":false}