{"gold_per_floor":[20,38,38,38,51,51,71,71,71,82,114,114,130,145,145,220,220,236,254,16,16,16,66,66],"floor_reached":24,"playtime":894,"items_purged":["Regret"],"score":396,"play_id":"419593fc-77f6-4998-81c6-bcdeae383c26","local_time":"20190415220903","is_ascension_mode":true,"campfire_choices":[{"data":"Neutralize","floor":6,"key":"SMITH"},{"data":"Deadly Poison","floor":8,"key":"SMITH"},{"floor":12,"key":"REST"},{"floor":15,"key":"REST"}],"neow_cost":"NO_GOLD","seed_source_timestamp":187671654062600,"circlet_count":0,"master_deck":["AscendersBane","Defend_G+1","Defend_G+1","Defend_G+1","Defend_G+1","Defend_G+1","Strike_G+1","Strike_G+1","Strike_G+1","Strike_G+1","Strike_G+1","Survivor+1","Neutralize+1","Tools of the Trade","Infinite Blades","Terror","Deadly Poison+1","Backflip","Calculated Gamble","Acrobatics","Underhanded Strike","After Image","Injury","Shame","Blur+1","Backflip"],"relics":["Ring of the Snake","Dodecahedron","Ancient Tea Set","Bottled Lightning","Calling Bell","Happy Flower","Sundial","Turnip","PreservedInsect"],"potions_floor_usage":[10,19],"damage_taken":[{"damage":1,"enemies":"Small Slimes","floor":1,"turns":4},{"damage":0,"enemies":"2 Louse","floor":2,"turns":4},{"damage":1,"enemies":"Cultist","floor":5,"turns":4},{"damage":6,"enemies":"Exordium Wildlife","floor":7,"turns":5},{"damage":1,"enemies":"3 Louse","floor":10,"turns":4},{"damage":19,"enemies":"Lagavulin","floor":11,"turns":5},{"damage":5,"enemies":"Large Slime","floor":13,"turns":7},{"damage":2,"enemies":"Looter","floor":14,"turns":4},{"damage":19,"enemies":"The Guardian","floor":16,"turns":10},{"damage":15,"enemies":"Chosen","floor":18,"turns":6},{"damage":20,"enemies":"3 Byrds","floor":19,"turns":7},{"damage":26,"enemies":"Gremlin Leader","floor":24,"turns":6}],"seed_played":"6738276240585889982","potions_obtained":[{"floor":1,"key":"FearPotion"},{"floor":2,"key":"Energy Potion"},{"floor":5,"key":"Fire Potion"},{"floor":11,"key":"Block Potion"}],"is_trial":false,"path_per_floor":["M","M","?","?","M","R","M","R","T","M","E","R","M","M","R","B",null,"M","M","$","?","?","?","E"],"character_chosen":"THE_SILENT","items_purchased":["PreservedInsect"],"campfire_rested":2,"item_purchase_floors":[20],"current_hp_per_floor":[58,58,38,38,37,37,31,31,31,30,11,30,25,23,42,23,55,40,20,20,20,20,20,0],"gold":66,"neow_bonus":"THREE_RARE_CARDS","is_prod":false,"is_daily":false,"chose_seed":false,"campfire_upgraded":2,"win_rate":0,"timestamp":1555358943,"path_taken":["M","M","?","?","M","R","M","R","T","?","E","R","M","M","R","BOSS","M","M","$","?","?","?","E"],"build_version":"2019-01-23","purchased_purges":1,"victory":false,"max_hp_per_floor":[66,66,66,66,66,66,66,66,66,66,66,66,66,66,66,66,66,66,66,66,66,66,66,66],"card_choices":[{"not_picked":["Unload","A Thousand Cuts"],"picked":"Tools of the Trade","floor":0},{"not_picked":["Outmaneuver","Heel Hook"],"picked":"Infinite Blades","floor":1},{"not_picked":["Heel Hook","Underhanded Strike"],"picked":"Terror","floor":2},{"not_picked":["Slice","Bane","Outmaneuver"],"picked":"SKIP","floor":5},{"not_picked":["Poisoned Stab","Flying Knee"],"picked":"Deadly Poison","floor":7},{"not_picked":["Sucker Punch","Quick Slash"],"picked":"Backflip","floor":10},{"not_picked":["Backstab","Slice"],"picked":"Calculated Gamble","floor":11},{"not_picked":["Poisoned Stab","Dodge and Roll"],"picked":"Acrobatics","floor":13},{"not_picked":["Bane","Choke"],"picked":"Underhanded Strike","floor":14},{"not_picked":["Envenom","Corpse Explosion"],"picked":"After Image","floor":16},{"not_picked":["Flechettes","Cloak And Dagger"],"picked":"Blur+1","floor":18},{"not_picked":["Deflect","Endless Agony"],"picked":"Backflip","floor":19}],"player_experience":561450,"relics_obtained":[{"floor":9,"key":"Ancient Tea Set"},{"floor":11,"key":"Bottled Lightning"},{"floor":17,"key":"Happy Flower"},{"floor":17,"key":"Sundial"},{"floor":17,"key":"Turnip"}],"event_choices":[{"damage_healed":0,"gold_gain":0,"player_choice":"Entered Light","damage_taken":20,"max_hp_gain":0,"max_hp_loss":0,"event_name":"Shining Light","floor":3,"gold_loss":0,"cards_upgraded":["Survivor","Strike_G"]},{"damage_healed":0,"gold_gain":0,"player_choice":"Gave Potion","damage_taken":0,"relics_obtained":["Dodecahedron"],"max_hp_gain":0,"max_hp_loss":0,"event_name":"WeMeetAgain","floor":4,"gold_loss":0},{"damage_healed":0,"gold_gain":0,"player_choice":"Simplicity","damage_taken":0,"max_hp_gain":0,"max_hp_loss":0,"event_name":"Back to Basics","floor":21,"gold_loss":0,"cards_upgraded":["Defend_G","Defend_G","Defend_G","Defend_G","Defend_G","Strike_G","Strike_G","Strike_G","Strike_G"]},{"damage_healed":0,"gold_gain":0,"player_choice":"Ignored","damage_taken":0,"max_hp_gain":0,"max_hp_loss":0,"event_name":"Beggar","floor":22,"gold_loss":0},{"damage_healed":0,"gold_gain":50,"player_choice":"Stole From Cult","damage_taken":0,"max_hp_gain":0,"max_hp_loss":0,"event_name":"Nest","floor":23,"gold_loss":0}],"is_beta":false,"boss_relics":[{"not_picked":["Snecko Eye","Orrery"],"picked":"Calling Bell"}],"items_purged_floors":[20],"is_endless":false,"potions_floor_spawned":[1,2,5,11],"killed_by":"Gremlin Leader","ascension_level":20}