{"gold_per_floor":[367,11,30,60,80,80,80,105,129,204,29,40,60,78,78,155,155,172,172,7,24,24,24,24],"floor_reached":24,"playtime":796,"items_purged":["Strike_B"],"score":392,"play_id":"4449f6fe-2f1f-4757-b00c-4de7a2afae77","local_time":"20190428035339","is_ascension_mode":true,"campfire_choices":[{"data":"Redo","floor":7.0,"key":"SMITH"},{"data":"Hologram","floor":15.0,"key":"SMITH"},{"data":"Reinforced Body","floor":23.0,"key":"SMITH"}],"neow_cost":"TEN_PERCENT_HP_LOSS","seed_source_timestamp":191507673046200,"circlet_count":0,"master_deck":["AscendersBane","Strike_B","Defend_B","Defend_B","Defend_B","Defend_B","Zap","Dualcast","Conserve Battery","Defragment+1","Barrage","Redo+1","Reinforced Body+1","Self Repair","Hologram+1","Self Repair","Glacier","Reboot","Chill+1","Rebound+1"],"special_seed":0,"relics":["Cracked Core","Symbiotic Virus","Tiny Chest","Bottled Lightning","Strawberry","Empty Cage","Oddly Smooth Stone","Frozen Egg 2"],"potions_floor_usage":[24,24],"damage_taken":[{"damage":9.0,"enemies":"Jaw Worm","floor":1.0,"turns":4.0},{"damage":1.0,"enemies":"Cultist","floor":3.0,"turns":4.0},{"damage":7.0,"enemies":"Small Slimes","floor":5.0,"turns":4.0},{"damage":35.0,"enemies":"Gremlin Nob","floor":8.0,"turns":4.0},{"damage":0.0,"enemies":"3 Louse","floor":12.0,"turns":2.0},{"damage":1.0,"enemies":"Exordium Wildlife","floor":13.0,"turns":4.0},{"damage":0.0,"enemies":"2 Fungi Beasts","floor":14.0,"turns":3.0},{"damage":33.0,"enemies":"The Guardian","floor":16.0,"turns":9.0},{"damage":22.0,"enemies":"Shell Parasite","floor":18.0,"turns":6.0},{"damage":6.0,"enemies":"Colosseum Slavers","floor":19.0,"turns":6.0},{"damage":9.0,"enemies":"Spheric Guardian","floor":21.0,"turns":6.0},{"damage":79,"enemies":"Gremlin Leader","floor":24,"turns":8}],"seed_played":"-1325756513842263870","potions_obtained":[{"floor":3.0,"key":"PowerPotion"},{"floor":5.0,"key":"Strength Potion"},{"floor":8.0,"key":"Regen Potion"},{"floor":16.0,"key":"SpeedPotion"}],"is_trial":false,"path_per_floor":["M","$","M","?","M","?","R","E","T","?","$","M","M","M","R","B",null,"M","?","$","M","T","R","E"],"character_chosen":"DEFECT","items_purchased":["Symbiotic Virus","Defragment","Self Repair","Hologram","Oddly Smooth Stone"],"campfire_rested":0,"item_purchase_floors":[2,2,11,11,20],"current_hp_per_floor":[55,55,54,54,47,47,47,12,19,8,8,15,28,42,42,23,59,51,59,59,64,64,64,0],"gold":24,"neow_bonus":"TWO_FIFTY_GOLD","is_prod":false,"is_daily":false,"chose_seed":false,"campfire_upgraded":3,"win_rate":0,"timestamp":1556416419,"path_taken":["M","$","M","?","?","?","R","E","T","?","?","M","M","M","R","BOSS","M","?","$","M","?","R","E"],"build_version":"2019-01-23","purchased_purges":1,"victory":false,"max_hp_per_floor":[64,64,64,64,64,64,64,64,71,71,71,71,71,71,71,71,71,71,71,71,71,71,71,71],"card_choices":[{"not_picked":["Turbo","BootSequence"],"picked":"Conserve Battery","floor":1.0},{"not_picked":["Genetic Algorithm","Steam"],"picked":"Barrage","floor":3.0},{"not_picked":["Ball Lightning","Barrage"],"picked":"Redo","floor":5.0},{"not_picked":["Rebound","BootSequence"],"picked":"Reinforced Body","floor":8.0},{"not_picked":["Gash","Heatsinks"],"picked":"Self Repair","floor":12.0},{"not_picked":["Ball Lightning","Heatsinks","Tempest"],"picked":"SKIP","floor":13.0},{"not_picked":["Go for the Eyes","Thunder Strike"],"picked":"Glacier","floor":14.0},{"not_picked":["Creative AI","Multi-Cast"],"picked":"Reboot","floor":16.0},{"not_picked":["Ball Lightning","Turbo"],"picked":"Chill+1","floor":18.0},{"not_picked":["Hologram","Ball Lightning"],"picked":"Rebound+1","floor":21.0}],"player_experience":612587,"relics_obtained":[{"floor":8.0,"key":"Bottled Lightning"},{"floor":9.0,"key":"Strawberry"},{"floor":22.0,"key":"Frozen Egg 2"}],"event_choices":[{"damage_healed":0.0,"max_hp_gain":0.0,"max_hp_loss":0.0,"gold_gain":0.0,"event_name":"WeMeetAgain","player_choice":"Gave Potion","floor":4.0,"gold_loss":0.0,"damage_taken":0.0,"relics_obtained":["Tiny Chest"]},{"damage_healed":0.0,"max_hp_gain":0.0,"max_hp_loss":0.0,"gold_gain":0.0,"event_name":"Living Wall","player_choice":"Grow","floor":6.0,"gold_loss":0.0,"damage_taken":0.0,"cards_upgraded":["Defragment"]},{"damage_healed":0.0,"max_hp_gain":0.0,"max_hp_loss":0.0,"gold_gain":75.0,"event_name":"World of Goop","player_choice":"Gather Gold","floor":10.0,"gold_loss":0.0,"damage_taken":11.0},{"damage_healed":0.0,"max_hp_gain":0.0,"max_hp_loss":0.0,"gold_gain":0.0,"event_name":"Colosseum","player_choice":"Fight","floor":19.0,"gold_loss":0.0,"damage_taken":0.0},{"damage_healed":0.0,"max_hp_gain":0.0,"max_hp_loss":0.0,"gold_gain":0.0,"event_name":"Colosseum","player_choice":"Fled From Nobs","floor":19.0,"gold_loss":0.0,"damage_taken":0.0}],"is_beta":false,"boss_relics":[{"not_picked":["Velvet Choker","Runic Dome"],"picked":"Empty Cage"}],"items_purged_floors":[11],"is_endless":false,"potions_floor_spawned":[3,5,8,16,19],"killed_by":"Gremlin Leader","ascension_level":20}