{"gold_per_floor":[113,38,57,57,110,137,137,62,88,168,186,204,204,219,219,219],"floor_reached":16,"playtime":371,"items_purged":["Defend_B"],"score":244,"play_id":"939c0fc6-a405-422e-be22-805b6010114e","local_time":"20190328010945","is_ascension_mode":true,"campfire_choices":[{"data":"Genetic Algorithm","floor":7,"key":"SMITH"},{"data":"Buffer","floor":15,"key":"SMITH"}],"neow_cost":"NONE","seed_source_timestamp":25156467267000,"circlet_count":0,"master_deck":["AscendersBane","Strike_B","Strike_B","Strike_B+1","Strike_B+1","Defend_B","Zap","Dualcast","Conserve Battery","Genetic Algorithm+1","Leap","Reinforced Body","Buffer+1","Scrape"],"special_seed":0,"relics":["Cracked Core","NeowsBlessing","Pantograph","Tiny Chest","Whetstone","Omamori","Sundial"],"potions_floor_usage":[14],"damage_taken":[{"damage":0.0,"enemies":"2 Louse","floor":1.0,"turns":1.0},{"damage":0.0,"enemies":"Small Slimes","floor":3.0,"turns":1.0},{"damage":0.0,"enemies":"Gremlin Nob","floor":6.0,"turns":1.0},{"damage":7,"enemies":"Jaw Worm","floor":11,"turns":4},{"damage":9,"enemies":"Blue Slaver","floor":12,"turns":3},{"damage":19,"enemies":"Gremlin Gang","floor":14,"turns":5},{"damage":52,"enemies":"Slime Boss","floor":16,"turns":12}],"seed_played":"-8889407124095601992","potions_obtained":[{"floor":6,"key":"SkillPotion"},{"floor":12,"key":"Energy Potion"}],"is_trial":false,"path_per_floor":["M","?","M","?","T","E","R","$","T","T","M","M","?","M","R","B"],"character_chosen":"DEFECT","items_purchased":[],"campfire_rested":0,"item_purchase_floors":[],"current_hp_per_floor":[64,64,64,53,53,53,53,53,53,53,46,37,37,18,18,0],"gold":219,"neow_bonus":"THREE_ENEMY_KILL","is_prod":false,"is_daily":false,"chose_seed":false,"campfire_upgraded":2,"win_rate":0,"timestamp":1553731785,"path_taken":["M","?","M","?","?","E","R","$","T","?","M","?","?","?","R","BOSS"],"build_version":"2019-01-23","purchased_purges":1,"victory":false,"max_hp_per_floor":[71,71,71,71,71,71,71,71,71,71,71,71,71,71,71,71],"card_choices":[{"not_picked":["Compile Driver","Blizzard"],"picked":"Conserve Battery","floor":1.0},{"not_picked":["Rebound","Loop"],"picked":"Genetic Algorithm","floor":3.0},{"not_picked":["Force Field","Streamline"],"picked":"Leap","floor":6},{"not_picked":["Aggregate","Cold Snap","Auto Shields"],"picked":"SKIP","floor":11},{"not_picked":["Barrage","Turbo"],"picked":"Reinforced Body","floor":12},{"not_picked":["Thunder Strike","Gash"],"picked":"Scrape","floor":14}],"player_experience":500670,"relics_obtained":[{"floor":5.0,"key":"Tiny Chest"},{"floor":6,"key":"Whetstone"},{"floor":9,"key":"Omamori"},{"floor":10,"key":"Sundial"}],"event_choices":[{"cards_removed":["Defend_B"],"damage_healed":0.0,"max_hp_gain":0.0,"max_hp_loss":0.0,"gold_gain":0.0,"event_name":"The Cleric","player_choice":"Card Removal","floor":2.0,"gold_loss":75.0,"damage_taken":0.0},{"damage_healed":0.0,"max_hp_gain":0.0,"max_hp_loss":0.0,"gold_gain":0.0,"event_name":"Scrap Ooze","player_choice":"Success","floor":4.0,"gold_loss":0.0,"damage_taken":11.0,"relics_obtained":["Pantograph"]},{"damage_healed":0,"gold_gain":0,"cards_transformed":["Defend_B"],"player_choice":"Transformed","damage_taken":0,"max_hp_gain":0,"max_hp_loss":0,"event_name":"Transmorgrifier","floor":13,"gold_loss":0,"cards_obtained":["Buffer"]}],"is_beta":false,"boss_relics":[],"items_purged_floors":[8],"is_endless":false,"potions_floor_spawned":[6,12],"killed_by":"Slime Boss","ascension_level":19}