{"gold_per_floor":[119,130,130,26,26,26,26,45,45,79,79,4,31,43,43,120,120,140,140,94,19,19,19,33,33,33,33,46,61,61,79,79,79],"floor_reached":33,"playtime":1212,"items_purged":["Strike_G"],"score":610,"play_id":"9717a4f5-dec9-44b8-a712-078208e311b1","local_time":"20190422032238","is_ascension_mode":true,"campfire_choices":[{"data":"Deadly Poison","floor":7,"key":"SMITH"},{"floor":11,"key":"REST"},{"floor":15,"key":"REST"},{"data":"Sucker Punch","floor":23,"key":"SMITH"},{"data":"Poisoned Stab","floor":27,"key":"SMITH"},{"floor":32,"key":"REST"}],"neow_cost":"NONE","seed_source_timestamp":103716462272200,"circlet_count":0,"master_deck":["AscendersBane","Defend_G","Defend_G","Defend_G","Defend_G","Survivor","Neutralize+1","Acrobatics+1","Deadly Poison+1","Poisoned Stab+1","Tools of the Trade","Leg Sweep+1","Deadly Poison+1","Adrenaline+1","Sucker Punch+1","Distraction+1","PiercingWail+1","Dodge and Roll+1","Backflip+1","Blur+1"],"relics":["Ring of the Snake","NeowsBlessing","FossilizedHelix","Bottled Flame","StoneCalendar","Toxic Egg 2","Empty Cage","Singing Bowl"],"potions_floor_usage":[10,13,24,33],"damage_taken":[{"damage":0,"enemies":"Jaw Worm","floor":1,"turns":1},{"damage":0,"enemies":"Small Slimes","floor":2,"turns":1},{"damage":0,"enemies":"Cultist","floor":8,"turns":1},{"damage":42,"enemies":"3 Sentries","floor":10,"turns":15},{"damage":20,"enemies":"Gremlin Nob","floor":13,"turns":4},{"damage":0,"enemies":"Red Slaver","floor":14,"turns":4},{"damage":0,"enemies":"The Guardian","floor":16,"turns":8},{"damage":1,"enemies":"3 Byrds","floor":18,"turns":5},{"damage":18,"enemies":"2 Thieves","floor":20,"turns":5},{"damage":10,"enemies":"Shelled Parasite and Fungi","floor":24,"turns":6},{"damage":11,"enemies":"Cultist and Chosen","floor":28,"turns":7},{"damage":0,"enemies":"Snake Plant","floor":29,"turns":3},{"damage":0,"enemies":"Snecko","floor":31,"turns":6},{"damage":36,"enemies":"Automaton","floor":33,"turns":14}],"seed_played":"-8980029779650876887","potions_obtained":[{"floor":2,"key":"EssenceOfSteel"},{"floor":8,"key":"Regen Potion"},{"floor":10,"key":"AttackPotion"},{"floor":16,"key":"GhostInAJar"},{"floor":28,"key":"FearPotion"}],"is_trial":false,"path_per_floor":["M","M","?","$","?","T","R","M","T","E","R","$","E","M","R","B",null,"M","?","M","?","$","R","M","$","T","R","M","M","?","M","R","B"],"character_chosen":"THE_SILENT","items_purchased":["Deadly Poison","Poisoned Stab"],"campfire_rested":3,"item_purchase_floors":[4,4],"current_hp_per_floor":[59,59,59,59,39,39,39,39,39,12,31,31,11,11,30,30,57,56,56,38,38,38,38,28,28,28,28,17,17,17,17,36,0],"gold":79,"neow_bonus":"THREE_ENEMY_KILL","is_prod":false,"is_daily":false,"chose_seed":false,"campfire_upgraded":3,"win_rate":0,"timestamp":1555896158,"path_taken":["M","M","?","$","?","?","R","?","T","E","R","?","E","M","R","BOSS","M","?","M","?","$","R","M","?","T","R","M","M","?","M","R","BOSS"],"build_version":"2019-01-23","purchased_purges":1,"victory":false,"max_hp_per_floor":[66,66,66,66,66,66,66,66,66,66,66,66,66,66,66,66,66,66,66,66,66,66,66,66,66,66,66,66,66,66,66,66,66],"card_choices":[{"not_picked":["Slice","Prepared"],"picked":"Acrobatics","floor":1},{"not_picked":["Eviscerate","Acrobatics","Slice"],"picked":"SKIP","floor":2},{"not_picked":["Blade Dance","Dagger Spray","Terror"],"picked":"SKIP","floor":8},{"not_picked":["Dagger Spray","Poisoned Stab"],"picked":"Tools of the Trade","floor":10},{"not_picked":["Prepared","Bane"],"picked":"Leg Sweep","floor":13},{"not_picked":["Underhanded Strike","Well Laid Plans"],"picked":"Deadly Poison+1","floor":14},{"not_picked":["Corpse Explosion+1","Glass Knife"],"picked":"Adrenaline+1","floor":16},{"not_picked":["Acrobatics+1","Flechettes","Outmaneuver+1"],"picked":"SKIP","floor":18},{"not_picked":["Underhanded Strike","Crippling Poison+1"],"picked":"PiercingWail+1","floor":20},{"not_picked":["Predator","Poisoned Stab","Dagger Spray"],"picked":"SKIP","floor":24},{"not_picked":["Quick Slash","Cloak And Dagger+1"],"picked":"Dodge and Roll+1","floor":28},{"not_picked":["Dash+1","Heel Hook"],"picked":"Backflip+1","floor":29},{"not_picked":["Terror+1","Skewer"],"picked":"Blur+1","floor":31}],"player_experience":587085,"relics_obtained":[{"floor":6,"key":"FossilizedHelix"},{"floor":9,"key":"Bottled Flame"},{"floor":10,"key":"StoneCalendar"},{"floor":13,"key":"Toxic Egg 2"},{"floor":26,"key":"Singing Bowl"}],"event_choices":[{"damage_healed":0,"gold_gain":0,"player_choice":"Grow","damage_taken":0,"max_hp_gain":0,"max_hp_loss":0,"event_name":"Living Wall","floor":3,"gold_loss":0,"cards_upgraded":["Neutralize"]},{"damage_healed":0,"gold_gain":0,"player_choice":"Entered Light","damage_taken":20,"max_hp_gain":0,"max_hp_loss":0,"event_name":"Shining Light","floor":5,"gold_loss":0,"cards_upgraded":["Strike_G","Acrobatics"]},{"damage_healed":0,"gold_gain":0,"cards_transformed":["Strike_G","Strike_G"],"player_choice":"Became Test Subject","damage_taken":0,"max_hp_gain":0,"max_hp_loss":0,"event_name":"Drug Dealer","floor":19,"gold_loss":0,"cards_obtained":["Sucker Punch","Distraction"]},{"cards_removed":["Defend_G"],"damage_healed":0,"gold_gain":0,"player_choice":"Gave Gold","damage_taken":0,"max_hp_gain":0,"max_hp_loss":0,"event_name":"Beggar","floor":21,"gold_loss":75},{"damage_healed":0,"gold_gain":0,"player_choice":"Ignored","damage_taken":0,"max_hp_gain":0,"max_hp_loss":0,"event_name":"Vampires","floor":30,"gold_loss":0}],"is_beta":false,"boss_relics":[{"not_picked":["Snecko Eye","Eternal Feather"],"picked":"Empty Cage"}],"items_purged_floors":[12],"is_endless":false,"potions_floor_spawned":[2,8,10,16,18,20,28,31],"killed_by":"Automaton","ascension_level":20}