{"gold_per_floor":[15,15,29,29,29,29,179,204,204,204,220,275,200,200,200,271,271,283,283,283,296,196,196],"floor_reached":23,"playtime":435,"items_purged":["Doubt","Strike_B"],"score":361,"play_id":"a8595de2-e17e-49d8-abe8-a622d30eb0fa","local_time":"20190331014620","is_ascension_mode":true,"campfire_choices":[{"data":"Self Repair","floor":6,"key":"SMITH"},{"data":"Zap","floor":10,"key":"SMITH"},{"data":"Defragment","floor":15,"key":"SMITH"}],"neow_cost":"NO_GOLD","seed_source_timestamp":12633283401000,"circlet_count":0,"master_deck":["AscendersBane","Defend_B","Defend_B","Defend_B","Zap","Dualcast","Reboot","Ball Lightning","Ball Lightning","Sunder","Zap+1","Self Repair+1","FTL","Defragment+1","Echo Form","Glacier"],"relics":["Cracked Core","Nunchaku","Blood Vial","Potion Belt","Inserter","Nilry\u0027s Codex"],"potions_floor_usage":[23,23],"damage_taken":[{"damage":3,"enemies":"2 Louse","floor":1,"turns":3},{"damage":0,"enemies":"Cultist","floor":3,"turns":2},{"damage":35,"enemies":"3 Sentries","floor":8,"turns":6},{"damage":0,"enemies":"Small Slimes","floor":11,"turns":2},{"damage":39,"enemies":"Hexaghost","floor":16,"turns":8},{"damage":18,"enemies":"Chosen","floor":18,"turns":4},{"damage":17,"enemies":"Spheric Guardian","floor":21,"turns":4},{"damage":42,"enemies":"Gremlin Leader","floor":23,"turns":2}],"seed_played":"-6812297083766717013","potions_obtained":[{"floor":11,"key":"Regen Potion"},{"floor":16,"key":"Weak Potion"}],"is_trial":false,"path_per_floor":["M","?","M","?","$","R","?","E","T","R","M","T","$","?","R","B",null,"M","?","?","M","$","E"],"character_chosen":"DEFECT","items_purchased":[],"campfire_rested":0,"item_purchase_floors":[],"current_hp_per_floor":[61,61,61,61,61,61,61,36,36,36,48,48,48,41,41,14,57,51,51,30,25,25,0],"gold":196,"neow_bonus":"TRANSFORM_TWO_CARDS","is_prod":false,"is_daily":false,"chose_seed":false,"campfire_upgraded":3,"win_rate":0,"timestamp":1553993180,"path_taken":["M","?","?","?","?","R","?","E","T","R","M","?","$","?","R","BOSS","M","?","?","M","$","E"],"build_version":"2019-01-23","purchased_purges":2,"victory":false,"max_hp_per_floor":[71,71,71,71,71,71,71,71,71,71,71,71,71,71,71,71,71,71,71,71,71,71,71],"card_choices":[{"not_picked":["Turbo","Streamline"],"picked":"Ball Lightning","floor":1},{"not_picked":["Ball Lightning","Compile Driver"],"picked":"Self Repair","floor":3},{"not_picked":["Fusion","Compile Driver"],"picked":"FTL","floor":8},{"not_picked":["Lockon","Turbo"],"picked":"Defragment","floor":11},{"not_picked":["Meteor Strike","Buffer"],"picked":"Echo Form","floor":16},{"not_picked":["Lockon","Streamline+1","Redo"],"picked":"SKIP","floor":18},{"not_picked":["Turbo","Stack"],"picked":"Glacier","floor":21}],"player_experience":505506,"relics_obtained":[{"floor":8,"key":"Nunchaku"},{"floor":9,"key":"Blood Vial"},{"floor":12,"key":"Potion Belt"},{"floor":20,"key":"Nilry\u0027s Codex"}],"event_choices":[{"damage_healed":0,"gold_gain":0,"player_choice":"2 cards matched","damage_taken":0,"max_hp_gain":0,"max_hp_loss":0,"event_name":"Match and Keep!","floor":2,"gold_loss":0,"cards_obtained":["Sunder","Zap"]},{"cards_removed":["Strike_B"],"damage_healed":0,"gold_gain":0,"player_choice":"Forget","damage_taken":0,"max_hp_gain":0,"max_hp_loss":0,"event_name":"Living Wall","floor":4,"gold_loss":0},{"damage_healed":0,"gold_gain":150,"player_choice":"AGREE","damage_taken":0,"max_hp_gain":0,"max_hp_loss":0,"event_name":"Liars Game","floor":7,"gold_loss":0,"cards_obtained":["Doubt"]},{"cards_removed":["Strike_B"],"damage_healed":0,"gold_gain":0,"player_choice":"Card Removal","damage_taken":7,"max_hp_gain":0,"max_hp_loss":0,"event_name":"Golden Wing","floor":14,"gold_loss":0},{"damage_healed":0,"gold_gain":0,"player_choice":"Ignored","damage_taken":0,"max_hp_gain":0,"max_hp_loss":0,"event_name":"Ghosts","floor":19,"gold_loss":0},{"damage_healed":0,"gold_gain":0,"player_choice":"Obtained Book","damage_taken":21,"max_hp_gain":0,"max_hp_loss":0,"event_name":"Cursed Tome","floor":20,"gold_loss":0}],"is_beta":false,"boss_relics":[{"not_picked":["Orrery","Lizard Tail"],"picked":"Inserter"}],"items_purged_floors":[13,22],"is_endless":false,"potions_floor_spawned":[11,16],"killed_by":"Gremlin Leader","ascension_level":19}