{"gold_per_floor":[116,17,17,27,2,2,29,46,46,58,8,21,21,51,51,147,147,167,17,116,105,71,71,71,89,89,103,103],"floor_reached":28,"playtime":1886,"items_purged":[],"score":417,"play_id":"c9479722-c608-4c85-8fb7-11c535efb594","local_time":"20181215161757","is_ascension_mode":true,"campfire_choices":[{"data":"Neutralize","floor":6,"key":"SMITH"},{"data":"Dash","floor":15,"key":"SMITH"},{"data":"Malaise","floor":24,"key":"SMITH"}],"neow_cost":"NONE","seed_source_timestamp":166231989361776,"circlet_count":0,"master_deck":["AscendersBane","Defend_G","Defend_G","Defend_G","Defend_G+1","Defend_G","Strike_G","Strike_G","Strike_G","Survivor","Neutralize+1","Flying Knee","Backflip","Underhanded Strike","Quick Slash","Dagger Throw","All Out Attack","Dash+1","Leg Sweep+1","Backflip","Phantasmal Killer","Backstab+1","Malaise+1","Well Laid Plans","Acrobatics+1"],"relics":["Ring of the Snake","NeowsBlessing","Singing Bowl","Question Card","Darkstone Periapt","Black Star","War Paint","Bottled Flame"],"potions_floor_usage":[14,14,16,25,25,25,27,27],"damage_taken":[{"damage":0,"enemies":"Small Slimes","floor":1,"turns":1},{"damage":0,"enemies":"Cultist","floor":4,"turns":1},{"damage":0,"enemies":"3 Sentries","floor":7,"turns":1},{"damage":3,"enemies":"2 Louse","floor":8,"turns":3},{"damage":4,"enemies":"Looter","floor":10,"turns":3},{"damage":2,"enemies":"3 Louse","floor":12,"turns":3},{"damage":0,"enemies":"Gremlin Nob","floor":14,"turns":3},{"damage":43,"enemies":"Slime Boss","floor":16,"turns":12},{"damage":22,"enemies":"Spheric Guardian","floor":18,"turns":4},{"damage":3,"enemies":"2 Thieves","floor":21,"turns":4},{"damage":8,"enemies":"Centurion and Healer","floor":25,"turns":8},{"damage":19,"enemies":"Cultist and Chosen","floor":27,"turns":7},{"damage":17,"enemies":"Snecko","floor":28,"turns":4}],"seed_played":"2260698240503688992","potions_obtained":[{"floor":7,"key":"SteroidPotion"},{"floor":10,"key":"Strength Potion"},{"floor":12,"key":"Energy Potion"},{"floor":16,"key":"Swift Potion"},{"floor":18,"key":"EntropicBrew"},{"floor":21,"key":"AttackPotion"}],"is_trial":false,"path_per_floor":["M","$","?","M","$","R","E","M","T","M","?","M","?","E","R","B",null,"M","$","?","M","$","?","R","M","T","M","M"],"character_chosen":"THE_SILENT","items_purchased":["Backflip","Explosive Potion","Quick Slash","War Paint","Well Laid Plans"],"campfire_rested":0,"item_purchase_floors":[2,2,5,19,22],"current_hp_per_floor":[63,63,63,63,63,63,63,60,60,56,56,54,70,70,70,27,59,37,37,37,34,34,34,34,26,26,9,0],"gold":103,"neow_bonus":"THREE_ENEMY_KILL","is_prod":false,"is_daily":false,"chose_seed":false,"campfire_upgraded":3,"win_rate":0,"timestamp":1544912277,"path_taken":["M","$","?","?","?","R","E","M","T","M","?","M","?","E","R","BOSS","M","$","?","M","$","?","R","M","T","M","M"],"build_version":"2018-12-13","purchased_purges":0,"victory":false,"max_hp_per_floor":[70,70,70,70,70,70,70,70,70,70,70,70,70,70,70,70,70,70,70,70,70,70,70,70,70,70,72,72],"card_choices":[{"not_picked":["Deadly Poison","Calculated Gamble"],"picked":"Flying Knee","floor":1},{"not_picked":["Dodge and Roll","Reflex","Deadly Poison"],"picked":"SKIP","floor":4},{"not_picked":["Bane","Poisoned Stab"],"picked":"Dagger Throw","floor":7},{"not_picked":["Riddle With Holes","Blade Dance"],"picked":"All Out Attack","floor":8},{"not_picked":["Poisoned Stab","Setup","Crippling Poison"],"picked":"Dash","floor":10},{"not_picked":["Accuracy","Quick Slash","Caltrops"],"picked":"Leg Sweep","floor":12},{"not_picked":["Prepared","Poisoned Stab","Finisher"],"picked":"Backflip","floor":14},{"not_picked":["After Image","Corpse Explosion","Wraith Form v2"],"picked":"Phantasmal Killer","floor":16},{"not_picked":["Underhanded Strike","Crippling Poison","Bane+1"],"picked":"Backstab+1","floor":18},{"not_picked":["Deadly Poison","Slice","Backflip"],"picked":"Malaise","floor":21},{"not_picked":["Dagger Throw","Deflect","Tactician"],"picked":"Acrobatics+1","floor":25},{"not_picked":["Riddle With Holes","Flying Knee","Calculated Gamble","Blade Dance"],"picked":"Singing Bowl","floor":27}],"player_experience":311873,"relics_obtained":[{"floor":7,"key":"Singing Bowl"},{"floor":9,"key":"Question Card"},{"floor":14,"key":"Darkstone Periapt"},{"floor":26,"key":"Bottled Flame"}],"event_choices":[{"damage_healed":0,"gold_gain":0,"cards_transformed":["Strike_G"],"player_choice":"Transformed","damage_taken":0,"max_hp_gain":0,"max_hp_loss":0,"event_name":"Transmorgrifier","floor":3,"gold_loss":0,"cards_obtained":["Underhanded Strike"]},{"cards_removed":["Strike_G"],"damage_healed":0,"gold_gain":0,"player_choice":"Card Removal","damage_taken":0,"max_hp_gain":0,"max_hp_loss":0,"event_name":"The Cleric","floor":11,"gold_loss":50},{"damage_healed":23,"gold_gain":0,"player_choice":"Banana","damage_taken":0,"max_hp_gain":0,"max_hp_loss":0,"event_name":"Big Fish","floor":13,"gold_loss":0},{"damage_healed":0,"gold_gain":99,"player_choice":"Stole From Cult","damage_taken":0,"max_hp_gain":0,"max_hp_loss":0,"event_name":"Nest","floor":20,"gold_loss":0},{"damage_healed":0,"gold_gain":0,"player_choice":"Ignored","damage_taken":0,"max_hp_gain":0,"max_hp_loss":0,"event_name":"The Mausoleum","floor":23,"gold_loss":0}],"is_beta":false,"boss_relics":[{"not_picked":["Snecko Eye","HoveringKite"],"picked":"Black Star"}],"items_purged_floors":[],"is_endless":false,"potions_floor_spawned":[7,10,12,16,18,21],"killed_by":"Snecko","ascension_level":10}