{"gold_per_floor":[112,112,112,126,138,171,171,191,191,219,219,233,245,260,260,356,356,370,387,387,387,398,398,411,411,411,411,423,437,437,219,219,315,315,328,80,10,22,35,35,45,59,83,101,120,136,136,154,154,154],"floor_reached":50,"playtime":2142,"items_purged":["Strike_R+1","Carnage"],"score":456,"play_id":"e339195d-1090-4f1f-9826-9c2e2629a375","local_time":"20181215010522","is_ascension_mode":false,"campfire_choices":[{"data":"Bash","floor":7,"key":"SMITH"},{"data":"Intimidate","floor":11,"key":"SMITH"},{"data":"Disarm","floor":15,"key":"SMITH"},{"data":"Limit Break","floor":25,"key":"SMITH"},{"data":"Fiend Fire","floor":32,"key":"SMITH"},{"data":"Double Tap","floor":40,"key":"SMITH"},{"floor":47,"key":"REST"},{"floor":49,"key":"REST"}],"neow_cost":"NONE","seed_source_timestamp":1380445363778726,"circlet_count":0,"master_deck":["Strike_R+1","Strike_R+1","Strike_R+1","Strike_R+1","Defend_R+1","Defend_R+1","Defend_R+1","Defend_R+1","Bash+1","Cleave","Double Tap+1","Spot Weakness","Intimidate+1","Iron Wave","Disarm+1","Limit Break+1","Carnage","Impervious","Fiend Fire+1","Flame Barrier","Immolate","Flex+1","Injury","Parasite"],"relics":["Burning Blood","NeowsBlessing","Pantograph","Ornamental Fan","Regal Pillow","Odd Mushroom","Mark of Pain","Blue Candle","Happy Flower","Cursed Key","Vajra","Pen Nib","Anchor"],"potions_floor_usage":[6,10,21,22,30,33,39,39,44,48,50,50],"damage_taken":[{"damage":0,"enemies":"Cultist","floor":1,"turns":1},{"damage":0,"enemies":"Small Slimes","floor":4,"turns":1},{"damage":0,"enemies":"2 Louse","floor":5,"turns":1},{"damage":31,"enemies":"3 Sentries","floor":6,"turns":7},{"damage":9,"enemies":"Blue Slaver","floor":8,"turns":3},{"damage":20,"enemies":"The Mushroom Lair","floor":10,"turns":4},{"damage":9,"enemies":"Red Slaver","floor":12,"turns":2},{"damage":11,"enemies":"Looter","floor":13,"turns":3},{"damage":0,"enemies":"3 Louse","floor":14,"turns":3},{"damage":52,"enemies":"The Guardian","floor":16,"turns":12},{"damage":16,"enemies":"3 Byrds","floor":18,"turns":5},{"damage":13,"enemies":"Shell Parasite","floor":19,"turns":5},{"damage":0,"enemies":"Snake Plant","floor":21,"turns":1},{"damage":9,"enemies":"Cultist and Chosen","floor":22,"turns":5},{"damage":14,"enemies":"Shelled Parasite and Fungi","floor":24,"turns":5},{"damage":12,"enemies":"Centurion and Healer","floor":28,"turns":6},{"damage":8,"enemies":"Chosen and Byrds","floor":29,"turns":5},{"damage":12,"enemies":"Colosseum Slavers","floor":30,"turns":3},{"damage":60,"enemies":"Collector","floor":33,"turns":11},{"damage":3,"enemies":"3 Shapes","floor":35,"turns":2},{"damage":12,"enemies":"3 Darklings","floor":38,"turns":5},{"damage":20,"enemies":"Spire Growth","floor":39,"turns":3},{"damage":36,"enemies":"Sphere and 2 Shapes","floor":41,"turns":5},{"damage":11,"enemies":"Jaw Worm Horde","floor":42,"turns":3},{"damage":17,"enemies":"Writhing Mass","floor":44,"turns":5},{"damage":13,"enemies":"4 Shapes","floor":45,"turns":11},{"damage":3,"enemies":"Jaw Worm Horde","floor":46,"turns":3},{"damage":27,"enemies":"Writhing Mass","floor":48,"turns":5},{"damage":91,"enemies":"Donu and Deca","floor":50,"turns":6}],"seed_played":"-8133136989316634073","potions_obtained":[{"floor":4,"key":"Regen Potion"},{"floor":5,"key":"Strength Potion"},{"floor":12,"key":"Ancient Potion"},{"floor":16,"key":"EssenceOfSteel"},{"floor":19,"key":"AttackPotion"},{"floor":20,"key":"SmokeBomb"},{"floor":24,"key":"Explosive Potion"},{"floor":28,"key":"SpeedPotion"},{"floor":33,"key":"SkillPotion"},{"floor":35,"key":"Strength Potion"},{"floor":42,"key":"Strength Potion"},{"floor":44,"key":"Ancient Potion"},{"floor":46,"key":"Swift Potion"}],"is_trial":false,"path_per_floor":["M","T","?","M","M","E","R","M","T","?","R","M","M","M","R","B",null,"M","M","?","M","M","?","M","R","T","?","M","M","?","$","R","B",null,"M","$","?","M","M","R","M","M","T","M","M","M","R","M","R","B"],"character_chosen":"IRONCLAD","items_purchased":["Happy Flower","Vajra"],"campfire_rested":2,"item_purchase_floors":[31,36],"current_hp_per_floor":[80,80,80,80,80,55,55,52,52,50,50,47,42,48,48,27,80,70,63,63,69,66,66,58,58,58,58,52,50,44,44,44,15,80,80,80,80,74,60,60,30,25,25,14,7,10,49,28,67,0],"gold":154,"neow_bonus":"THREE_ENEMY_KILL","is_prod":false,"is_daily":false,"chose_seed":false,"campfire_upgraded":6,"win_rate":0,"timestamp":1544803522,"path_taken":["M","?","?","M","?","E","R","M","T","?","R","M","M","M","R","BOSS","M","M","?","?","M","?","M","R","T","?","M","M","?","$","R","BOSS","M","$","?","?","M","R","?","M","T","?","M","M","R","M","R","BOSS"],"build_version":"2018-12-13","purchased_purges":2,"victory":false,"max_hp_per_floor":[80,80,80,80,80,80,80,80,80,80,80,80,80,80,80,80,80,80,80,80,80,80,80,80,80,80,80,80,80,80,80,80,80,80,80,80,80,80,80,80,80,80,80,80,80,80,80,80,80,80],"card_choices":[{"not_picked":["Shrug It Off","Flex"],"picked":"Cleave","floor":1},{"not_picked":["Blood for Blood","Perfected Strike","Iron Wave"],"picked":"SKIP","floor":4},{"not_picked":["Pommel Strike","True Grit"],"picked":"Double Tap","floor":5},{"not_picked":["Bloodletting","Uppercut"],"picked":"Spot Weakness","floor":6},{"not_picked":["Blood for Blood","Metallicize"],"picked":"Carnage","floor":8},{"not_picked":["Reckless Charge","Headbutt"],"picked":"Intimidate","floor":10},{"not_picked":["Anger","Wild Strike"],"picked":"Iron Wave","floor":12},{"not_picked":["Fire Breathing","True Grit"],"picked":"Disarm","floor":13},{"not_picked":["Feel No Pain","Havoc","Anger"],"picked":"SKIP","floor":14},{"not_picked":["Exhume","Feed"],"picked":"Limit Break","floor":16},{"not_picked":["Clothesline","Anger+1","Sentinel"],"picked":"SKIP","floor":18},{"not_picked":["True Grit","Heavy Blade"],"picked":"Carnage","floor":19},{"not_picked":["Entrench","Anger+1","Evolve"],"picked":"SKIP","floor":22},{"not_picked":["Disarm","Clothesline"],"picked":"Fiend Fire","floor":24},{"not_picked":["Anger","Feel No Pain+1"],"picked":"Flame Barrier","floor":28},{"not_picked":["Sword Boomerang","Second Wind","Cleave"],"picked":"SKIP","floor":29},{"not_picked":["Dark Embrace","Berserk"],"picked":"Immolate","floor":33},{"not_picked":["Armaments+1","Hemokinesis","Dropkick+1"],"picked":"SKIP","floor":35},{"not_picked":["Rage+1","Pummel+1","Hemokinesis+1"],"picked":"SKIP","floor":38},{"not_picked":["Feel No Pain+1","Sword Boomerang"],"picked":"Flex+1","floor":39},{"not_picked":["Pommel Strike+1","Rupture+1","Heavy Blade"],"picked":"SKIP","floor":41},{"not_picked":["Shrug It Off","Clash+1","Reckless Charge"],"picked":"SKIP","floor":42},{"not_picked":["Anger","Iron Wave+1","Dark Embrace"],"picked":"SKIP","floor":44},{"not_picked":["Thunderclap","Headbutt","Disarm+1"],"picked":"SKIP","floor":45},{"not_picked":["Rupture","Twin Strike","True Grit+1"],"picked":"SKIP","floor":46},{"not_picked":["Headbutt","True Grit+1","Bloodletting+1"],"picked":"SKIP","floor":48}],"player_experience":199360,"relics_obtained":[{"floor":2,"key":"Pantograph"},{"floor":6,"key":"Ornamental Fan"},{"floor":9,"key":"Regal Pillow"},{"floor":10,"key":"Odd Mushroom"},{"floor":26,"key":"Blue Candle"},{"floor":43,"key":"Anchor"}],"event_choices":[{"damage_healed":0,"gold_gain":0,"player_choice":"Ignored","damage_taken":0,"max_hp_gain":0,"max_hp_loss":0,"event_name":"NoteForYourself","floor":3,"gold_loss":0},{"damage_healed":0,"gold_gain":0,"player_choice":"Fought Mushrooms","damage_taken":0,"max_hp_gain":0,"max_hp_loss":0,"event_name":"Mushrooms","floor":10,"gold_loss":0},{"damage_healed":0,"gold_gain":0,"player_choice":"Got Potions","damage_taken":0,"max_hp_gain":0,"max_hp_loss":0,"event_name":"Lab","floor":20,"gold_loss":0},{"damage_healed":0,"gold_gain":0,"player_choice":"Read","damage_taken":0,"max_hp_gain":0,"max_hp_loss":0,"event_name":"The Library","floor":23,"gold_loss":0,"cards_obtained":["Impervious"]},{"damage_healed":0,"gold_gain":0,"player_choice":"Simplicity","damage_taken":0,"max_hp_gain":0,"max_hp_loss":0,"event_name":"Back to Basics","floor":27,"gold_loss":0,"cards_upgraded":["Strike_R","Strike_R","Strike_R","Strike_R","Strike_R","Defend_R","Defend_R","Defend_R","Defend_R"]},{"damage_healed":0,"gold_gain":0,"player_choice":"Fight","damage_taken":0,"max_hp_gain":0,"max_hp_loss":0,"event_name":"Colosseum","floor":30,"gold_loss":0},{"damage_healed":0,"gold_gain":0,"player_choice":"Fled From Nobs","damage_taken":0,"max_hp_gain":0,"max_hp_loss":0,"event_name":"Colosseum","floor":30,"gold_loss":0},{"damage_healed":0,"gold_gain":0,"player_choice":"Paid Gold","damage_taken":0,"relics_obtained":["Pen Nib"],"max_hp_gain":0,"max_hp_loss":0,"event_name":"WeMeetAgain","floor":37,"gold_loss":70}],"is_beta":false,"boss_relics":[{"not_picked":["Coffee Dripper","White Beast Statue"],"picked":"Mark of Pain"},{"not_picked":["Black Star","Tiny House"],"picked":"Cursed Key"}],"items_purged_floors":[31,36],"is_endless":false,"potions_floor_spawned":[4,5,12,16,19,24,28,33,35,42,44,46],"killed_by":"Donu and Deca","ascension_level":0}