{"gold_per_floor":[17,17,17,32,49,49,72,72,72,97,117,117,136,151,151,224,224,235,235,185,200,211,211,126,152,226,4,4,4,14,32,32,109,109,129,1128,1128,1128,242,242,253,303,330,348,348,367,417,417],"floor_reached":48,"playtime":2681,"items_purged":["Normality"],"score":1000,"play_id":"4afe21cd-4fa4-41f8-b9ea-92c7490e1a3f","local_time":"20190323000740","is_ascension_mode":true,"campfire_choices":[{"data":"Dagger Spray","floor":6,"key":"SMITH"},{"floor":8,"key":"REST"},{"data":"Malaise","floor":12,"key":"SMITH"},{"data":"Terror","floor":15,"key":"SMITH"},{"data":"Noxious Fumes","floor":23,"key":"SMITH"},{"floor":29,"key":"REST"},{"floor":32,"key":"REST"},{"floor":40,"key":"REST"},{"floor":45,"key":"REST"}],"neow_cost":"NO_GOLD","seed_source_timestamp":334196166187458,"circlet_count":0,"master_deck":["AscendersBane","Defend_G","Defend_G","Defend_G","Defend_G","Defend_G","Strike_G","Strike_G","Strike_G","Strike_G","Strike_G","Survivor","Neutralize","Prepared","Dagger Spray+1","Escape Plan+1","Underhanded Strike","Terror+1","Malaise+1","Cloak And Dagger+1","PiercingWail","A Thousand Cuts+1","Noxious Fumes+1","Well Laid Plans","Backstab","Decay","Backflip","Riddle With Holes","A Thousand Cuts","Normality","Malaise+1","Night Terror","Dash"],"relics":["Ring of the Snake","Tingsha","Ninja Scroll","Odd Mushroom","Dead Branch","Orichalcum","Snecko Eye","Blue Candle","Matryoshka","Oddly Smooth Stone","Bottled Tornado","Lantern","White Beast Statue","DollysMirror","Ice Cream","War Paint","Art of War","Prayer Wheel"],"potions_floor_usage":[33],"damage_taken":[{"damage":1,"enemies":"2 Louse","floor":1,"turns":3},{"damage":0,"enemies":"Small Slimes","floor":4,"turns":4},{"damage":0,"enemies":"Jaw Worm","floor":5,"turns":2},{"damage":0,"enemies":"The Mushroom Lair","floor":7,"turns":3},{"damage":0,"enemies":"3 Sentries","floor":10,"turns":6},{"damage":0,"enemies":"Exordium Wildlife","floor":11,"turns":1},{"damage":0,"enemies":"Lots of Slimes","floor":13,"turns":1},{"damage":0,"enemies":"Looter","floor":14,"turns":1},{"damage":8,"enemies":"The Guardian","floor":16,"turns":10},{"damage":0,"enemies":"3 Byrds","floor":18,"turns":5},{"damage":1,"enemies":"2 Thieves","floor":21,"turns":2},{"damage":0,"enemies":"Cultist and Chosen","floor":22,"turns":2},{"damage":27,"enemies":"Book of Stabbing","floor":25,"turns":4},{"damage":23,"enemies":"Shelled Parasite and Fungi","floor":30,"turns":5},{"damage":1,"enemies":"3 Cultists","floor":31,"turns":2},{"damage":22,"enemies":"Automaton","floor":33,"turns":8},{"damage":17,"enemies":"3 Darklings","floor":35,"turns":4},{"damage":11,"enemies":"Orb Walker","floor":41,"turns":2},{"damage":7,"enemies":"4 Shapes","floor":44,"turns":3},{"damage":15,"enemies":"Maw","floor":46,"turns":8},{"damage":17,"enemies":"2 Orb Walkers","floor":47,"turns":3},{"damage":26,"enemies":"Transient","floor":48,"turns":3}],"seed_played":"-8841536387466071042","potions_obtained":[{"floor":7,"key":"SneckoOil"},{"floor":10,"key":"Ancient Potion"},{"floor":11,"key":"Explosive Potion"},{"floor":30,"key":"Energy Potion"},{"floor":35,"key":"SpeedPotion"}],"is_trial":false,"path_per_floor":["M","?","?","M","M","R","?","R","T","E","M","R","M","M","R","B",null,"M","?","?","M","M","R","?","E","T","$","?","R","M","M","R","B",null,"M","?","?","?","$","R","M","?","T","M","R","M","?","M"],"character_chosen":"THE_SILENT","items_purchased":["Lantern","SteroidPotion","DollysMirror","Night Terror","Ice Cream","Ancient Potion"],"campfire_rested":5,"item_purchase_floors":[27,27,39,39,39,39],"current_hp_per_floor":[58,32,32,32,32,32,32,51,51,51,51,51,51,51,51,43,60,60,60,60,59,59,59,59,32,32,32,32,51,28,27,46,24,56,39,39,39,39,39,57,46,46,46,39,57,42,25,0],"gold":417,"neow_bonus":"ONE_RARE_RELIC","is_prod":false,"is_daily":false,"chose_seed":false,"campfire_upgraded":4,"win_rate":0,"timestamp":1553267260,"path_taken":["M","?","?","M","M","R","?","R","T","E","M","R","M","M","R","BOSS","M","?","?","?","?","R","?","E","T","$","?","R","M","M","R","BOSS","M","?","?","?","$","R","M","?","T","M","R","?","?","M"],"build_version":"2019-01-23","purchased_purges":1,"victory":false,"max_hp_per_floor":[66,66,66,66,66,66,66,66,66,66,66,66,66,66,66,66,66,66,66,66,66,66,66,66,66,66,66,66,66,66,66,66,66,66,66,66,66,63,63,63,63,63,63,63,63,63,63,63],"card_choices":[{"not_picked":["Underhanded Strike","Dodge and Roll"],"picked":"Prepared","floor":1},{"not_picked":["Masterful Stab","Leg Sweep"],"picked":"Dagger Spray","floor":4},{"not_picked":["Prepared","Infinite Blades"],"picked":"Escape Plan","floor":5},{"not_picked":["Dagger Throw","Prepared"],"picked":"Underhanded Strike","floor":7},{"not_picked":["PiercingWail","Concentrate"],"picked":"Terror","floor":10},{"not_picked":["Dagger Spray","Outmaneuver"],"picked":"Malaise","floor":11},{"not_picked":["Acrobatics","All Out Attack"],"picked":"Cloak And Dagger","floor":13},{"not_picked":["Choke","All Out Attack"],"picked":"PiercingWail","floor":14},{"not_picked":["Die Die Die","Venomology"],"picked":"A Thousand Cuts","floor":16},{"not_picked":["Sucker Punch","Dagger Throw","Choke"],"picked":"SKIP","floor":18},{"not_picked":["Expertise","Dagger Spray"],"picked":"Well Laid Plans","floor":21},{"not_picked":["Slice+1","Accuracy","Blade Dance"],"picked":"SKIP","floor":22},{"not_picked":["Unload","Blade Dance"],"picked":"Backstab","floor":25},{"not_picked":["Dodge and Roll","Quick Slash"],"picked":"Backflip","floor":30},{"not_picked":["Blur","Prepared"],"picked":"Riddle With Holes","floor":31},{"not_picked":["Glass Knife","Doppelganger"],"picked":"A Thousand Cuts","floor":33},{"not_picked":["Caltrops","Deadly Poison","Blade Dance"],"picked":"SKIP","floor":35},{"not_picked":["Well Laid Plans+1","Eviscerate"],"picked":"Dash","floor":41},{"not_picked":["Sucker Punch+1","Underhanded Strike","Flying Knee"],"picked":"SKIP","floor":44},{"not_picked":["Underhanded Strike","Quick Slash","Dodge and Roll"],"picked":"SKIP","floor":46}],"player_experience":772542,"relics_obtained":[{"floor":7,"key":"Odd Mushroom"},{"floor":9,"key":"Dead Branch"},{"floor":10,"key":"Orichalcum"},{"floor":25,"key":"Matryoshka"},{"floor":26,"key":"Oddly Smooth Stone"},{"floor":26,"key":"Bottled Tornado"},{"floor":43,"key":"War Paint"},{"floor":43,"key":"Art of War"},{"floor":47,"key":"Prayer Wheel"}],"event_choices":[{"damage_healed":0,"gold_gain":0,"player_choice":"Success","damage_taken":26,"relics_obtained":["Ninja Scroll"],"max_hp_gain":0,"max_hp_loss":0,"event_name":"Scrap Ooze","floor":2,"gold_loss":0},{"damage_healed":0,"gold_gain":0,"player_choice":"Ignored","damage_taken":0,"max_hp_gain":0,"max_hp_loss":0,"event_name":"Liars Game","floor":3,"gold_loss":0},{"damage_healed":0,"gold_gain":0,"player_choice":"Fought Mushrooms","damage_taken":0,"max_hp_gain":0,"max_hp_loss":0,"event_name":"Mushrooms","floor":7,"gold_loss":0},{"damage_healed":0,"gold_gain":0,"player_choice":"Read","damage_taken":0,"max_hp_gain":0,"max_hp_loss":0,"event_name":"The Library","floor":19,"gold_loss":0,"cards_obtained":["Noxious Fumes"]},{"damage_healed":0,"gold_gain":0,"player_choice":"Upgrade","damage_taken":0,"max_hp_gain":0,"max_hp_loss":0,"event_name":"Designer","floor":20,"gold_loss":50,"cards_upgraded":["A Thousand Cuts"]},{"damage_healed":0,"gold_gain":0,"player_choice":"Obtained Relic","damage_taken":0,"relics_obtained":["Blue Candle"],"max_hp_gain":0,"max_hp_loss":0,"event_name":"Addict","floor":24,"gold_loss":85},{"damage_healed":0,"gold_gain":0,"player_choice":"Smashed Altar","damage_taken":0,"max_hp_gain":0,"max_hp_loss":0,"event_name":"Forgotten Altar","floor":28,"gold_loss":0,"cards_obtained":["Decay"]},{"damage_healed":0,"gold_gain":999,"player_choice":"Gold","damage_taken":0,"max_hp_gain":0,"max_hp_loss":0,"event_name":"MindBloom","floor":36,"gold_loss":0,"cards_obtained":["Normality","Normality"]},{"damage_healed":0,"gold_gain":0,"player_choice":"Ignored","damage_taken":0,"max_hp_gain":0,"max_hp_loss":0,"event_name":"Tomb of Lord Red Mask","floor":37,"gold_loss":0},{"damage_healed":0,"gold_gain":0,"player_choice":"Max HP","damage_taken":0,"max_hp_gain":0,"max_hp_loss":3,"event_name":"Winding Halls","floor":38,"gold_loss":0},{"damage_healed":0,"gold_gain":50,"player_choice":"Pray","damage_taken":0,"max_hp_gain":0,"max_hp_loss":0,"event_name":"Golden Shrine","floor":42,"gold_loss":0},{"damage_healed":0,"gold_gain":0,"player_choice":"Fight","damage_taken":0,"max_hp_gain":0,"max_hp_loss":0,"event_name":"Mysterious Sphere","floor":47,"gold_loss":0}],"is_beta":false,"boss_relics":[{"not_picked":["Ectoplasm","Velvet Choker"],"picked":"Snecko Eye"},{"not_picked":["Lizard Tail","Coffee Dripper"],"picked":"White Beast Statue"}],"items_purged_floors":[39],"is_endless":false,"potions_floor_spawned":[7,10,11,22,30,35,41,44,46,47],"killed_by":"Transient","ascension_level":20}