{"gold_per_floor":[117,137,153,167,181,195,222,397,397,432,432,38,38,69,69,170,170,182,182,182,47,47,47,96,129,129,143,143,143,176,176,176,276,326,337,437,437,17,17,17,28,28,104,104,134,145,177,195,195,195,195,195,28,56,56],"floor_reached":56,"playtime":3306,"items_purged":["Doubt","Strike_B","Strike_B"],"score":1605,"play_id":"ade476c2-9d2d-4600-943f-f1659f55f6f9","local_time":"20181125122551","is_ascension_mode":true,"campfire_choices":[{"floor":11,"key":"REST"},{"data":"Hologram","floor":13,"key":"SMITH"},{"data":"Dualcast","floor":15,"key":"SMITH"},{"floor":23,"key":"RECALL"},{"floor":29,"key":"REST"},{"floor":32,"key":"REST"},{"data":"1","floor":40,"key":"LIFT"},{"data":"2","floor":42,"key":"LIFT"},{"data":"3","floor":44,"key":"LIFT"},{"floor":49,"key":"REST"},{"floor":52,"key":"REST"}],"neow_cost":"NONE","seed_source_timestamp":925195622432685,"circlet_count":0,"master_deck":["Strike_B","Strike_B","Defend_B+1","Defend_B","Defend_B","Defend_B","Zap+1","Dualcast+1","Gash","Cold Snap","Gash","Scrape","Go for the Eyes","Hologram+1","Hologram+1","Gash","FTL+1","Leap+1","Seek+1","Steam+1","Glacier+1","FTL","Redo+1","All For One","Loop+1","Gash+1","Beam Cell+1","Steam+1","Loop+1","Gash+1","FTL","Apotheosis+1","Gash+1"],"relics":["Cracked Core","Question Card","Lantern","Toxic Egg 2","Anchor","Fusion Hammer","Nilry\u0027s Codex","Unceasing Top","Vajra","War Paint","Frozen Egg 2","Matryoshka","Tiny House","Incense Burner","Girya","Happy Flower","Bottled Tornado","Darkstone Periapt","Bag of Preparation","Bottled Flame"],"potions_floor_usage":[5,7,16,30,33,55,55,55],"damage_taken":[{"damage":0,"enemies":"Small Slimes","floor":1,"turns":3},{"damage":7,"enemies":"Jaw Worm","floor":2,"turns":4},{"damage":0,"enemies":"Cultist","floor":3,"turns":3},{"damage":9,"enemies":"Looter","floor":4,"turns":2},{"damage":3,"enemies":"Blue Slaver","floor":5,"turns":2},{"damage":0,"enemies":"3 Louse","floor":6,"turns":3},{"damage":16,"enemies":"3 Sentries","floor":7,"turns":9},{"damage":22,"enemies":"Lagavulin","floor":10,"turns":6},{"damage":9,"enemies":"3 Sentries","floor":14,"turns":6},{"damage":20,"enemies":"Hexaghost","floor":16,"turns":8},{"damage":10,"enemies":"2 Thieves","floor":18,"turns":4},{"damage":0,"enemies":"Book of Stabbing","floor":25,"turns":3},{"damage":0,"enemies":"Chosen","floor":27,"turns":3},{"damage":0,"enemies":"Slavers","floor":30,"turns":4},{"damage":25,"enemies":"Automaton","floor":33,"turns":9},{"damage":0,"enemies":"3 Darklings","floor":35,"turns":4},{"damage":15,"enemies":"Mind Bloom Boss Battle","floor":36,"turns":5},{"damage":0,"enemies":"Orb Walker","floor":41,"turns":2},{"damage":0,"enemies":"Reptomancer","floor":45,"turns":2},{"damage":0,"enemies":"Jaw Worm Horde","floor":46,"turns":2},{"damage":0,"enemies":"Nemesis","floor":47,"turns":3},{"damage":0,"enemies":"Maw","floor":48,"turns":4},{"damage":0,"enemies":"Donu and Deca","floor":50,"turns":5},{"damage":0,"enemies":"Shield and Spear","floor":54,"turns":4},{"damage":72,"enemies":"The Heart","floor":55,"turns":9}],"seed_played":"-7952433867848452588","potions_obtained":[{"floor":2,"key":"Explosive Potion"},{"floor":5,"key":"Block Potion"},{"floor":7,"key":"LiquidBronze"},{"floor":16,"key":"Explosive Potion"},{"floor":18,"key":"GamblersBrew"},{"floor":25,"key":"SpeedPotion"},{"floor":30,"key":"SkillPotion"},{"floor":34,"key":"Explosive Potion"},{"floor":45,"key":"Dexterity Potion"},{"floor":46,"key":"Swift Potion"},{"floor":54,"key":"Regen Potion"}],"is_trial":false,"path_per_floor":["M","M","M","M","M","M","E","?","T","E","R","$","R","E","R","B",null,"M","$","?","$","?","R","T","E","T","M","?","R","E","?","R","B",null,"M","?","?","$","?","R","M","R","T","R","E","M","E","M","R","B",null,"R","$","E","B",null],"character_chosen":"DEFECT","items_purchased":["Toxic Egg 2","FTL","Glacier+1","Girya","Apotheosis+1"],"campfire_rested":5,"item_purchase_floors":[12,12,21,38,53],"current_hp_per_floor":[75,68,68,59,56,56,40,40,40,18,40,40,40,31,31,11,75,65,65,49,49,49,49,49,49,49,49,49,71,71,57,80,55,85,85,70,70,70,70,70,70,70,70,70,70,70,70,70,81,81,81,81,81,81,24],"gold":56,"neow_bonus":"UPGRADE_CARD","is_prod":false,"is_daily":false,"chose_seed":false,"campfire_upgraded":2,"win_rate":0,"timestamp":1543166751,"path_taken":["M","M","M","M","M","M","E","?","T","E","R","$","R","E","R","BOSS","M","$","?","$","?","R","?","E","T","?","?","R","E","?","R","BOSS","M","?","?","$","?","R","?","R","T","R","E","?","E","M","R","BOSS","R","$","E","BOSS"],"build_version":"2018-11-15","purchased_purges":3,"victory":true,"max_hp_per_floor":[75,75,75,75,75,75,75,75,75,75,75,75,75,75,75,75,75,75,75,75,75,75,75,75,75,75,75,75,75,75,80,80,80,85,85,85,81,81,81,81,81,81,81,81,81,81,81,81,81,81,81,81,81,81,81],"card_choices":[{"not_picked":["Turbo","Barrage"],"picked":"Gash","floor":1},{"not_picked":["Hologram","Ball Lightning"],"picked":"Cold Snap","floor":2},{"not_picked":["Self Repair","Chaos"],"picked":"Gash","floor":3},{"not_picked":["Doom and Gloom","Fusion"],"picked":"Scrape","floor":4},{"not_picked":["Steam","Compile Driver"],"picked":"Go for the Eyes","floor":5},{"not_picked":["Redo","Sweeping Beam"],"picked":"Hologram","floor":6},{"not_picked":["Multi-Cast","Stack"],"picked":"Hologram","floor":7},{"not_picked":["Static Discharge","Blizzard","Go for the Eyes"],"picked":"Gash","floor":10},{"not_picked":["Scrape","Streamline","Tempest+1"],"picked":"Leap+1","floor":14},{"not_picked":["Fission+1","Biased Cognition","Amplify+1"],"picked":"Seek+1","floor":16},{"not_picked":["Force Field+1","Streamline","Storm+1"],"picked":"Steam+1","floor":18},{"not_picked":["Leap+1","Compile Driver","Machine Learning"],"picked":"FTL","floor":25},{"not_picked":["Gash","Rebound","Streamline","Go for the Eyes"],"picked":"SKIP","floor":27},{"not_picked":["Conserve Battery+1","Compile Driver","Self Repair+1"],"picked":"Redo+1","floor":30},{"not_picked":["Machine Learning+1","Buffer+1","Thunder Strike"],"picked":"All For One","floor":33},{"not_picked":["Compile Driver","Ball Lightning","Conserve Battery+1"],"picked":"Loop+1","floor":34},{"not_picked":["Go for the Eyes+1","Aggregate+1","Compile Driver+1"],"picked":"Gash+1","floor":35},{"not_picked":["Coolheaded+1","Stack+1","Cold Snap+1"],"picked":"Beam Cell+1","floor":36},{"not_picked":["Loop+1","Multi-Cast+1","Compile Driver+1"],"picked":"Steam+1","floor":41},{"not_picked":["Lockon","Ball Lightning+1","Steam Power+1"],"picked":"Loop+1","floor":45},{"not_picked":["Conserve Battery+1","Streamline","Stack+1"],"picked":"Gash+1","floor":46},{"not_picked":["Ball Lightning+1","Blizzard","Consume+1","Creative AI+1"],"picked":"SKIP","floor":47},{"not_picked":["Scrape","Rip and Tear","Leap+1"],"picked":"FTL","floor":48},{"not_picked":["Rebound+1","Chaos+1","Auto Shields+1"],"picked":"Gash+1","floor":54}],"player_experience":56361,"relics_obtained":[{"floor":7,"key":"Question Card"},{"floor":10,"key":"Lantern"},{"floor":14,"key":"Anchor"},{"floor":20,"key":"Nilry\u0027s Codex"},{"floor":24,"key":"Vajra"},{"floor":25,"key":"War Paint"},{"floor":26,"key":"Frozen Egg 2"},{"floor":30,"key":"Matryoshka"},{"floor":36,"key":"Incense Burner"},{"floor":43,"key":"Happy Flower"},{"floor":43,"key":"Bottled Tornado"},{"floor":45,"key":"Darkstone Periapt"},{"floor":47,"key":"Bag of Preparation"},{"floor":54,"key":"Bottled Flame"}],"event_choices":[{"damage_healed":0,"gold_gain":175,"player_choice":"AGREE","damage_taken":0,"max_hp_gain":0,"max_hp_loss":0,"event_name":"Liars Game","floor":8,"gold_loss":0,"cards_obtained":["Doubt"]},{"damage_healed":0,"gold_gain":0,"player_choice":"Obtained Book","damage_taken":16,"max_hp_gain":0,"max_hp_loss":0,"event_name":"Cursed Tome","floor":20,"gold_loss":0},{"damage_healed":0,"gold_gain":0,"player_choice":"Opened","damage_taken":0,"relics_obtained":["Unceasing Top"],"max_hp_gain":0,"max_hp_loss":0,"event_name":"The Mausoleum","floor":22,"gold_loss":0},{"damage_healed":0,"gold_gain":0,"player_choice":"Ignored","damage_taken":0,"max_hp_gain":0,"max_hp_loss":0,"event_name":"Ghosts","floor":28,"gold_loss":0},{"damage_healed":0,"gold_gain":0,"player_choice":"Shed Blood","damage_taken":19,"max_hp_gain":5,"max_hp_loss":0,"event_name":"Forgotten Altar","floor":31,"gold_loss":0},{"damage_healed":0,"gold_gain":0,"player_choice":"Fight","damage_taken":0,"max_hp_gain":0,"max_hp_loss":0,"event_name":"MindBloom","floor":36,"gold_loss":0},{"damage_healed":0,"gold_gain":0,"player_choice":"Max HP","damage_taken":0,"max_hp_gain":0,"max_hp_loss":4,"event_name":"Winding Halls","floor":37,"gold_loss":0},{"damage_healed":0,"gold_gain":0,"player_choice":"Ignored","damage_taken":0,"max_hp_gain":0,"max_hp_loss":0,"event_name":"SecretPortal","floor":39,"gold_loss":0}],"is_beta":false,"boss_relics":[{"not_picked":["Runic Dome","Astrolabe"],"picked":"Fusion Hammer"},{"not_picked":["Coffee Dripper","Velvet Choker"],"picked":"Tiny House"}],"items_purged_floors":[12,21,38],"is_endless":false,"potions_floor_spawned":[2,5,7,16,18,25,27,30,45,46,54],"ascension_level":2}