{"gold_per_floor":[115,115,115,40,53,53,80,92,172,184,146,173,185,216,228,345,357,380,392,258,258,272,272,287,304,358,376,251,264,282,294,294,395,395,409,424,524,524,222,222,0,0,0,20,20,20,20,39,39,39],"floor_reached":50,"playtime":2414,"items_purged":["Strike_R","Decay","Metallicize","Defend_R"],"score":585,"play_id":"6af5b9a9-f9a0-4580-bd43-6b4bc36b2deb","local_time":"20181224014021","is_ascension_mode":true,"campfire_choices":[{"data":"Bash","floor":6,"key":"SMITH"},{"floor":8,"key":"REST"},{"floor":10,"key":"REST"},{"data":"Dropkick","floor":15,"key":"SMITH"},{"floor":23,"key":"REST"},{"floor":32,"key":"REST"},{"floor":40,"key":"REST"},{"floor":42,"key":"REST"},{"floor":49,"key":"REST"}],"neow_cost":"PERCENT_DAMAGE","seed_source_timestamp":9958706930878,"circlet_count":0,"master_deck":["Defend_R+1","Bash+1","Pommel Strike","Dropkick+1","Offering","Shrug It Off","Dual Wield+1","Thunderclap","Finesse"],"relics":["Burning Blood","MawBank","Darkstone Periapt","Fusion Hammer","Regal Pillow","Runic Pyramid","Calipers","Juzu Bracelet","Red Mask","Mummified Hand"],"potions_floor_usage":[7,18,33,35,36,50,50],"damage_taken":[{"damage":2,"enemies":"Small Slimes","floor":1,"turns":4},{"damage":4,"enemies":"Jaw Worm","floor":5,"turns":5},{"damage":27,"enemies":"Lagavulin","floor":7,"turns":5},{"damage":0,"enemies":"Cultist","floor":12,"turns":2},{"damage":22,"enemies":"Exordium Thugs","floor":14,"turns":3},{"damage":43,"enemies":"The Guardian","floor":16,"turns":13},{"damage":23,"enemies":"2 Thieves","floor":18,"turns":2},{"damage":6,"enemies":"Chosen","floor":22,"turns":3},{"damage":6,"enemies":"Centurion and Healer","floor":24,"turns":2},{"damage":6,"enemies":"Snake Plant","floor":25,"turns":2},{"damage":6,"enemies":"Cultist and Chosen","floor":27,"turns":2},{"damage":6,"enemies":"Centurion and Healer","floor":29,"turns":1},{"damage":6,"enemies":"Chosen and Byrds","floor":30,"turns":2},{"damage":6,"enemies":"Cultist and Chosen","floor":31,"turns":2},{"damage":22,"enemies":"Champ","floor":33,"turns":5},{"damage":20,"enemies":"3 Shapes","floor":35,"turns":2},{"damage":6,"enemies":"Orb Walker","floor":36,"turns":1},{"damage":6,"enemies":"Mind Bloom Boss Battle","floor":37,"turns":1},{"damage":6,"enemies":"Sphere and 2 Shapes","floor":44,"turns":2},{"damage":6,"enemies":"Writhing Mass","floor":48,"turns":1},{"damage":84,"enemies":"Time Eater","floor":50,"turns":3}],"seed_played":"4299986898007523627","potions_obtained":[{"floor":1,"key":"Strength Potion"},{"floor":5,"key":"SmokeBomb"},{"floor":14,"key":"Explosive Potion"},{"floor":24,"key":"Fire Potion"},{"floor":27,"key":"GamblersBrew"},{"floor":30,"key":"FearPotion"},{"floor":31,"key":"Block Potion"},{"floor":33,"key":"AttackPotion"},{"floor":36,"key":"Strength Potion"},{"floor":48,"key":"GamblersBrew"}],"is_trial":false,"path_per_floor":["M","?","?","$","M","R","E","R","T","R","?","M","?","M","R","B",null,"M","?","$","?","M","R","M","M","T","M","$","M","M","M","R","B",null,"M","M","?","?","$","R","?","R","T","M","?","$","?","M","R","B"],"character_chosen":"IRONCLAD","items_purchased":["Shrug It Off","Juzu Bracelet"],"campfire_rested":7,"item_purchase_floors":[20,39],"current_hp_per_floor":[60,60,44,44,46,46,25,49,49,73,73,79,79,63,63,26,80,63,69,69,69,69,86,86,86,86,86,86,86,86,86,86,70,86,72,72,72,72,72,82,82,82,82,82,82,82,82,82,82,0],"gold":39,"neow_bonus":"REMOVE_TWO","is_prod":false,"is_daily":false,"chose_seed":false,"campfire_upgraded":2,"win_rate":0,"timestamp":1545586821,"path_taken":["M","?","?","?","M","R","E","R","T","R","?","M","?","?","R","BOSS","M","?","$","?","M","R","M","M","T","M","$","?","M","M","R","BOSS","M","M","?","?","$","R","?","R","T","M","?","?","?","M","R","BOSS"],"build_version":"2018-12-20","purchased_purges":4,"victory":false,"max_hp_per_floor":[80,80,80,80,80,80,80,80,80,80,80,80,80,80,80,80,80,80,86,86,86,86,86,86,86,86,86,86,86,86,86,86,86,86,86,86,86,82,82,82,82,82,82,82,82,82,82,82,82,82],"card_choices":[{"not_picked":["Shockwave","Headbutt","True Grit"],"picked":"SKIP","floor":1},{"not_picked":["Power Through","Clothesline","Heavy Blade"],"picked":"SKIP","floor":5},{"not_picked":["Power Through","Heavy Blade","Warcry"],"picked":"SKIP","floor":7},{"not_picked":["Shrug It Off","Perfected Strike"],"picked":"Pommel Strike","floor":12},{"not_picked":["Bludgeon","Cleave","Wild Strike"],"picked":"SKIP","floor":14},{"not_picked":["Reaper","Fiend Fire"],"picked":"Offering","floor":16},{"not_picked":["Cleave","Iron Wave","Clash"],"picked":"SKIP","floor":18},{"not_picked":["Evolve","Perfected Strike"],"picked":"Dual Wield+1","floor":22},{"not_picked":["Anger","Armaments","Power Through"],"picked":"SKIP","floor":24},{"not_picked":["Seeing Red","Twin Strike","Reckless Charge"],"picked":"SKIP","floor":25},{"not_picked":["Disarm","Infernal Blade"],"picked":"Thunderclap","floor":27},{"not_picked":["Limit Break","Dual Wield","Rampage"],"picked":"SKIP","floor":29},{"not_picked":["True Grit","Blood for Blood","Flex"],"picked":"SKIP","floor":30},{"not_picked":["Whirlwind","Cleave","Headbutt"],"picked":"SKIP","floor":31},{"not_picked":["Cleave+1","Infernal Blade+1","Sword Boomerang+1"],"picked":"SKIP","floor":35},{"not_picked":["Anger","Armaments+1","Headbutt"],"picked":"SKIP","floor":36},{"not_picked":["Uppercut+1","Dual Wield","Heavy Blade"],"picked":"SKIP","floor":44},{"not_picked":["Sadistic Nature","Flash of Steel"],"picked":"Finesse","floor":47},{"not_picked":["Heavy Blade+1","Seeing Red","Headbutt"],"picked":"SKIP","floor":48}],"player_experience":359007,"relics_obtained":[{"floor":7,"key":"MawBank"},{"floor":9,"key":"Darkstone Periapt"},{"floor":26,"key":"Regal Pillow"},{"floor":37,"key":"Calipers"},{"floor":43,"key":"Mummified Hand"}],"event_choices":[{"cards_removed":["Defend_R"],"damage_healed":0,"gold_gain":0,"player_choice":"Forget","damage_taken":0,"max_hp_gain":0,"max_hp_loss":0,"event_name":"Living Wall","floor":2,"gold_loss":0},{"damage_healed":0,"gold_gain":0,"player_choice":"Entered Light","damage_taken":16,"max_hp_gain":0,"max_hp_loss":0,"event_name":"Shining Light","floor":3,"gold_loss":0,"cards_upgraded":["Defend_R","Strike_R"]},{"cards_removed":["Defend_R"],"damage_healed":0,"gold_gain":0,"player_choice":"Card Removal","damage_taken":0,"max_hp_gain":0,"max_hp_loss":0,"event_name":"The Cleric","floor":11,"gold_loss":50},{"damage_healed":0,"gold_gain":0,"player_choice":"1 cards matched","damage_taken":0,"max_hp_gain":0,"max_hp_loss":0,"event_name":"Match and Keep!","floor":13,"gold_loss":0,"cards_obtained":["Dropkick"]},{"damage_healed":0,"gold_gain":0,"player_choice":"Smashed Altar","damage_taken":0,"max_hp_gain":0,"max_hp_loss":0,"event_name":"Forgotten Altar","floor":19,"gold_loss":0,"cards_obtained":["Decay"]},{"damage_healed":0,"gold_gain":0,"cards_transformed":["Strike_R"],"player_choice":"Transformed","damage_taken":0,"max_hp_gain":0,"max_hp_loss":0,"event_name":"Transmorgrifier","floor":21,"gold_loss":0,"cards_obtained":["Metallicize"]},{"damage_healed":0,"gold_gain":0,"player_choice":"Fight","damage_taken":0,"max_hp_gain":0,"max_hp_loss":0,"event_name":"MindBloom","floor":37,"gold_loss":0},{"damage_healed":0,"gold_gain":0,"player_choice":"Max HP","damage_taken":0,"max_hp_gain":0,"max_hp_loss":4,"event_name":"Winding Halls","floor":38,"gold_loss":0},{"damage_healed":0,"gold_gain":0,"player_choice":"Paid","damage_taken":0,"relics_obtained":["Red Mask"],"max_hp_gain":0,"max_hp_loss":0,"event_name":"Tomb of Lord Red Mask","floor":41,"gold_loss":222},{"cards_removed":["Strike_R"],"damage_healed":0,"gold_gain":0,"player_choice":"Removed Attack","damage_taken":0,"max_hp_gain":0,"max_hp_loss":0,"event_name":"Falling","floor":45,"gold_loss":0},{"damage_healed":0,"gold_gain":0,"player_choice":"Memory 1","damage_taken":0,"max_hp_gain":0,"max_hp_loss":0,"event_name":"SensoryStone","floor":47,"gold_loss":0}],"is_beta":false,"boss_relics":[{"not_picked":["Coffee Dripper","Snecko Eye"],"picked":"Fusion Hammer"},{"not_picked":["Black Star","Runic Dome"],"picked":"Runic Pyramid"}],"items_purged_floors":[4,20,28,39],"is_endless":false,"potions_floor_spawned":[1,5,14,24,27,30,31,33,36,48],"killed_by":"Time Eater","ascension_level":4}