{"gold_per_floor":[110,128,53,128,128,161,174,174,201,227,239,261,273,311,323,437,449,476,408,434,152,163,163],"floor_reached":23,"playtime":763,"items_purged":["Strike_R","Rage"],"score":201,"play_id":"a9f79a13-54f8-40b1-bec5-8b75c196960c","local_time":"20190511115404","is_ascension_mode":false,"campfire_choices":[{"data":"Body Slam","floor":8,"key":"SMITH"},{"data":"Bash","floor":11,"key":"SMITH"},{"floor":15,"key":"REST"}],"neow_cost":"NONE","seed_source_timestamp":405372934976496,"circlet_count":0,"master_deck":["Bash+1","Body Slam+1","Inflame","Intimidate","Anger","Sentinel","Perfected Strike","Carnage","Shrug It Off","Entrench+1"],"relics":["Burning Blood","Orichalcum","Pen Nib","MawBank","Omamori","Pandora\u0027s Box","Dodecahedron","Medical Kit"],"potions_floor_usage":[6,6,16,23],"damage_taken":[{"damage":2,"enemies":"Small Slimes","floor":1,"turns":4},{"damage":6,"enemies":"2 Louse","floor":2,"turns":2},{"damage":38,"enemies":"Lagavulin","floor":6,"turns":6},{"damage":0,"enemies":"Cultist","floor":7,"turns":4},{"damage":8,"enemies":"3 Louse","floor":10,"turns":3},{"damage":4,"enemies":"Blue Slaver","floor":12,"turns":4},{"damage":25,"enemies":"3 Sentries","floor":14,"turns":10},{"damage":35,"enemies":"Slime Boss","floor":16,"turns":6},{"damage":13,"enemies":"2 Thieves","floor":18,"turns":4},{"damage":7,"enemies":"Shell Parasite","floor":20,"turns":5},{"damage":12,"enemies":"Snecko","floor":22,"turns":4},{"damage":72,"enemies":"Book of Stabbing","floor":23,"turns":7}],"seed_played":"-2883619185100455117","potions_obtained":[{"floor":1,"key":"Energy Potion"},{"floor":2,"key":"SteroidPotion"},{"floor":12,"key":"PowerPotion"},{"floor":20,"key":"Poison Potion"}],"is_trial":false,"path_per_floor":["M","M","$","?","?","E","M","R","T","M","R","M","?","E","R","B",null,"M","?","M","$","M","E"],"character_chosen":"IRONCLAD","items_purchased":["Medical Kit"],"campfire_rested":1,"item_purchase_floors":[21],"current_hp_per_floor":[80,80,80,69,69,37,43,43,43,41,41,43,48,29,54,25,85,78,78,77,77,71,0],"gold":163,"neow_bonus":"RANDOM_COMMON_RELIC","is_prod":false,"is_daily":false,"chose_seed":false,"campfire_upgraded":2,"win_rate":0,"timestamp":1557590044,"path_taken":["M","M","$","?","?","E","?","R","T","M","R","M","?","E","R","BOSS","M","?","?","$","M","E"],"build_version":"2019-01-23","purchased_purges":2,"victory":false,"max_hp_per_floor":[80,80,80,80,80,80,80,80,80,80,80,80,85,85,85,85,85,85,85,85,85,85,85],"card_choices":[{"not_picked":["Flame Barrier","True Grit","Rupture"],"picked":"SKIP","floor":1},{"not_picked":["Uppercut","Ghostly Armor","Twin Strike"],"picked":"SKIP","floor":2},{"not_picked":["Warcry","Sever Soul"],"picked":"Body Slam","floor":6},{"not_picked":["Rampage","Anger","Warcry"],"picked":"SKIP","floor":7},{"not_picked":["Wild Strike","Carnage"],"picked":"Inflame","floor":10},{"not_picked":["Rage","Flex","Hemokinesis"],"picked":"SKIP","floor":12},{"not_picked":["Uppercut","Carnage","Thunderclap"],"picked":"SKIP","floor":14},{"not_picked":["Body Slam","Cleave+1","True Grit+1"],"picked":"SKIP","floor":18},{"not_picked":["Feel No Pain","Pommel Strike","True Grit"],"picked":"SKIP","floor":20},{"not_picked":["Rupture","Whirlwind"],"picked":"Entrench+1","floor":22}],"player_experience":123777,"relics_obtained":[{"floor":6,"key":"Pen Nib"},{"floor":9,"key":"MawBank"},{"floor":14,"key":"Omamori"}],"event_choices":[{"damage_healed":0,"gold_gain":75,"player_choice":"Gather Gold","damage_taken":11,"max_hp_gain":0,"max_hp_loss":0,"event_name":"World of Goop","floor":4,"gold_loss":0},{"cards_removed":["Strike_R"],"damage_healed":0,"gold_gain":0,"player_choice":"Purged","damage_taken":0,"max_hp_gain":0,"max_hp_loss":0,"event_name":"Purifier","floor":5,"gold_loss":0},{"damage_healed":0,"gold_gain":0,"player_choice":"Donut","damage_taken":0,"max_hp_gain":5,"max_hp_loss":0,"event_name":"Big Fish","floor":13,"gold_loss":0},{"damage_healed":0,"gold_gain":0,"player_choice":"Paid Gold","damage_taken":0,"relics_obtained":["Dodecahedron"],"max_hp_gain":0,"max_hp_loss":0,"event_name":"WeMeetAgain","floor":19,"gold_loss":80}],"is_beta":false,"boss_relics":[{"not_picked":["Black Blood","Eternal Feather"],"picked":"Pandora\u0027s Box"}],"items_purged_floors":[3,21],"is_endless":false,"potions_floor_spawned":[1,2,12,20],"killed_by":"Book of Stabbing","ascension_level":0}