{"gold_per_floor":[369,47,62,79,79,79,79,79,79,4,20,31,49,75,75,149,149,123,138,138,138,138],"floor_reached":22,"playtime":776,"items_purged":["Regret"],"score":372,"play_id":"f67f0804-4c54-4c49-a251-fad17c5352c4","local_time":"20190404112617","is_ascension_mode":true,"campfire_choices":[{"data":"Neutralize","floor":6,"key":"SMITH"},{"data":"Malaise","floor":8,"key":"SMITH"},{"data":"Caltrops","floor":15,"key":"SMITH"}],"neow_cost":"TEN_PERCENT_HP_LOSS","seed_source_timestamp":528620884596630,"circlet_count":0,"master_deck":["AscendersBane","Defend_G","Defend_G","Defend_G","Defend_G","Defend_G","Strike_G","Strike_G","Strike_G","Strike_G","Strike_G","Survivor","Neutralize+1","Cloak And Dagger","Caltrops+1","Dagger Spray+1","Malaise+1","Quick Slash","Leg Sweep","Predator","PiercingWail","Burst","Deadly Poison","Well Laid Plans","Necronomicurse","Pain"],"relics":["Ring of the Snake","OrangePellets","Vajra","Mercury Hourglass","Regal Pillow","Fusion Hammer","Necronomicon","WarpedTongs"],"potions_floor_usage":[11,22],"damage_taken":[{"damage":3,"enemies":"Jaw Worm","floor":1,"turns":6},{"damage":0,"enemies":"Small Slimes","floor":3,"turns":3},{"damage":0,"enemies":"2 Louse","floor":4,"turns":2},{"damage":0,"enemies":"Lots of Slimes","floor":11,"turns":2},{"damage":0,"enemies":"Looter","floor":12,"turns":4},{"damage":0,"enemies":"3 Louse","floor":13,"turns":1},{"damage":26,"enemies":"Gremlin Nob","floor":14,"turns":4},{"damage":4,"enemies":"Hexaghost","floor":16,"turns":11},{"damage":12,"enemies":"2 Thieves","floor":18,"turns":4},{"damage":13,"enemies":"Shell Parasite","floor":19,"turns":7},{"damage":8,"enemies":"Snake Plant","floor":22,"turns":2}],"seed_played":"3910298937430131927","potions_obtained":[{"floor":3,"key":"GamblersBrew"},{"floor":4,"key":"SteroidPotion"},{"floor":12,"key":"Dexterity Potion"},{"floor":14,"key":"SpeedPotion"}],"is_trial":false,"path_per_floor":["M","$","M","M","?","R","?","R","T","$","M","M","M","E","R","B",null,"M","M","?","?","M"],"character_chosen":"THE_SILENT","items_purchased":["OrangePellets","Caltrops","Dagger Spray"],"campfire_rested":0,"item_purchase_floors":[2,2,2],"current_hp_per_floor":[56,56,56,56,56,56,56,56,56,56,56,56,56,30,30,26,52,40,27,6,6,0],"gold":138,"neow_bonus":"TWO_FIFTY_GOLD","is_prod":false,"is_daily":false,"chose_seed":false,"campfire_upgraded":3,"win_rate":0,"timestamp":1554344777,"path_taken":["M","$","M","M","?","R","?","R","T","$","M","M","M","E","R","BOSS","M","M","?","?","?"],"build_version":"2019-01-23","purchased_purges":1,"victory":false,"max_hp_per_floor":[60,60,60,60,60,60,60,60,60,60,60,60,60,60,60,60,60,60,60,60,60,60],"card_choices":[{"not_picked":["Backflip","Dodge and Roll"],"picked":"Cloak And Dagger","floor":1},{"not_picked":["Bane","Poisoned Stab"],"picked":"Malaise","floor":3},{"not_picked":["Blade Dance","Expertise"],"picked":"Quick Slash","floor":4},{"not_picked":["Sucker Punch","Dodge and Roll"],"picked":"Leg Sweep","floor":11},{"not_picked":["Outmaneuver","Prepared"],"picked":"Predator","floor":12},{"not_picked":["Prepared","Slice"],"picked":"PiercingWail","floor":13},{"not_picked":["Poisoned Stab","Outmaneuver"],"picked":"Burst","floor":14},{"not_picked":["Reflex","Poisoned Stab"],"picked":"Deadly Poison","floor":18},{"not_picked":["Prepared+1","Caltrops"],"picked":"Well Laid Plans","floor":19}],"player_experience":823213,"relics_obtained":[{"floor":9,"key":"Mercury Hourglass"},{"floor":14,"key":"Regal Pillow"},{"floor":20,"key":"Necronomicon"}],"event_choices":[{"damage_healed":0,"gold_gain":0,"player_choice":"Grow","damage_taken":0,"max_hp_gain":0,"max_hp_loss":0,"event_name":"Living Wall","floor":5,"gold_loss":0,"cards_upgraded":["Dagger Spray"]},{"damage_healed":0,"gold_gain":0,"player_choice":"Box","damage_taken":0,"relics_obtained":["Vajra"],"max_hp_gain":0,"max_hp_loss":0,"event_name":"Big Fish","floor":7,"gold_loss":0,"cards_obtained":["Regret"]},{"damage_healed":0,"gold_gain":0,"player_choice":"Obtained Book","damage_taken":21,"max_hp_gain":0,"max_hp_loss":0,"event_name":"Cursed Tome","floor":20,"gold_loss":0},{"damage_healed":0,"gold_gain":0,"player_choice":"Rummage","damage_taken":0,"relics_obtained":["WarpedTongs"],"max_hp_gain":0,"max_hp_loss":0,"event_name":"Accursed Blacksmith","floor":21,"gold_loss":0,"cards_obtained":["Pain"]}],"is_beta":false,"boss_relics":[{"not_picked":["White Beast Statue","Empty Cage"],"picked":"Fusion Hammer"}],"items_purged_floors":[10],"is_endless":false,"potions_floor_spawned":[3,4,12,14,16],"killed_by":"Snake Plant","ascension_level":20}