{"gold_per_floor":[117,132,148,160,19,53,53,115,140,169,92,92,106,125,125,199,199,213,227,246,161,161,161,161,195,195,195,195,228,228,256,256,331,331,351,351,361,361,11,11,36,36,91,109,22,56,75,75,75,75,75,75,75,19,48,48],"floor_reached":56,"playtime":3989,"items_purged":["Strike_R"],"score":1942,"play_id":"ed3ba115-5b86-43b9-92a9-dc338cd8a8ef","local_time":"20190501213902","is_ascension_mode":true,"campfire_choices":[{"data":"Bash","floor":7,"key":"SMITH"},{"data":"Demon Form","floor":12,"key":"SMITH"},{"data":"Clothesline","floor":15,"key":"SMITH"},{"floor":23,"key":"REST"},{"floor":27,"key":"REST"},{"data":"Armaments","floor":30,"key":"SMITH"},{"floor":32,"key":"REST"},{"floor":40,"key":"RECALL"},{"data":"Apotheosis","floor":49,"key":"SMITH"},{"data":"Offering","floor":53,"key":"SMITH"}],"neow_cost":"NONE","seed_source_timestamp":229095321630700,"circlet_count":0,"master_deck":["AscendersBane","Strike_R+1","Strike_R+1","Defend_R","Defend_R+1","Defend_R","Defend_R","Bash+1","True Grit","Cleave","Feel No Pain","Disarm","Demon Form+1","Clothesline+1","Offering+1","Thunderclap","Burning Pact","Feel No Pain","Armaments+1","Heavy Blade","Reaper","Shrug It Off","Entrench","Apotheosis+1","Sword Boomerang","Corruption+1","Sentinel+1","Sentinel","Panacea","Pommel Strike"],"relics":["Burning Blood","NeowsBlessing","Whetstone","Orichalcum","Oddly Smooth Stone","Calipers","Shuriken","Runic Dome","Pocketwatch","Frozen Egg 2","Paper Frog","Smiling Mask","Letter Opener","Velvet Choker","Boot","Regal Pillow","Vajra","War Paint"],"potions_floor_usage":[13,16,16,25,33,33,44,55],"damage_taken":[{"damage":0,"enemies":"Cultist","floor":1,"turns":1},{"damage":0,"enemies":"2 Louse","floor":2,"turns":1},{"damage":0,"enemies":"Small Slimes","floor":3,"turns":1},{"damage":6,"enemies":"Red Slaver","floor":4,"turns":5},{"damage":18,"enemies":"3 Sentries","floor":6,"turns":15},{"damage":32,"enemies":"Gremlin Nob","floor":8,"turns":4},{"damage":20,"enemies":"Gremlin Nob","floor":10,"turns":4},{"damage":4,"enemies":"Exordium Wildlife","floor":13,"turns":3},{"damage":7,"enemies":"Blue Slaver","floor":14,"turns":5},{"damage":34,"enemies":"Slime Boss","floor":16,"turns":6},{"damage":19,"enemies":"Chosen","floor":18,"turns":5},{"damage":6,"enemies":"3 Byrds","floor":19,"turns":6},{"damage":18,"enemies":"Snake Plant","floor":20,"turns":6},{"damage":24,"enemies":"Book of Stabbing","floor":25,"turns":5},{"damage":16,"enemies":"Gremlin Leader","floor":29,"turns":6},{"damage":20,"enemies":"Book of Stabbing","floor":31,"turns":5},{"damage":24,"enemies":"Collector","floor":33,"turns":8},{"damage":19,"enemies":"Orb Walker","floor":35,"turns":3},{"damage":7,"enemies":"3 Shapes","floor":37,"turns":10},{"damage":39,"enemies":"Giant Head","floor":41,"turns":6},{"damage":24,"enemies":"Spire Growth","floor":44,"turns":5},{"damage":45,"enemies":"Nemesis","floor":46,"turns":9},{"damage":7,"enemies":"Maw","floor":47,"turns":7},{"damage":34,"enemies":"Time Eater","floor":50,"turns":19},{"damage":81,"enemies":"Donu and Deca","floor":51,"turns":11},{"damage":101,"enemies":"Shield and Spear","floor":55,"turns":8},{"damage":8,"enemies":"The Heart","floor":56,"turns":1}],"seed_played":"6938519163368695621","potions_obtained":[{"floor":1,"key":"Dexterity Potion"},{"floor":4,"key":"Energy Potion"},{"floor":13,"key":"GamblersBrew"},{"floor":14,"key":"Regen Potion"},{"floor":16,"key":"Regen Potion"},{"floor":25,"key":"Fire Potion"},{"floor":29,"key":"Dexterity Potion"},{"floor":33,"key":"Energy Potion"},{"floor":41,"key":"Explosive Potion"},{"floor":46,"key":"SteroidPotion"},{"floor":47,"key":"LiquidBronze"},{"floor":55,"key":"FearPotion"}],"is_trial":false,"path_per_floor":["M","M","M","M","$","E","R","?","T","E","?","R","M","M","R","B",null,"M","M","M","?","?","R","?","E","T","R","T","E","R","E","R","B",null,"M","?","M","?","$","R","E","?","T","M","$","E","M","?","R","B","B",null,"R","$","E","B"],"character_chosen":"IRONCLAD","items_purchased":["Disarm","PowerPotion","Entrench","Apotheosis","Sword Boomerang","Sentinel","Swift Potion"],"campfire_rested":3,"item_purchase_floors":[5,5,39,39,39,45,54],"current_hp_per_floor":[74,75,75,75,75,63,63,37,37,23,23,23,25,24,24,11,59,46,46,34,34,13,37,37,33,33,57,57,47,47,33,57,39,70,57,57,74,74,74,74,41,41,41,46,46,36,76,76,76,76,52,70,70,70,8,0],"gold":48,"neow_bonus":"THREE_ENEMY_KILL","is_prod":false,"is_daily":false,"chose_seed":false,"campfire_upgraded":6,"win_rate":0,"timestamp":1556714342,"path_taken":["M","M","M","M","?","E","R","?","T","E","?","R","M","?","R","BOSS","M","M","M","?","?","R","?","E","T","R","?","E","R","E","R","BOSS","M","?","M","?","$","R","E","?","T","M","$","E","?","?","R","BOSS","BOSS","R","$","E","BOSS"],"build_version":"2019-01-23","purchased_purges":1,"victory":false,"max_hp_per_floor":[75,75,75,75,75,75,75,75,75,75,75,75,75,75,75,75,75,75,75,75,75,80,80,80,80,80,80,80,80,80,80,80,80,80,80,80,80,76,76,76,76,76,76,76,76,76,76,76,76,76,76,76,76,76,76,76],"card_choices":[{"not_picked":["Second Wind","Perfected Strike"],"picked":"True Grit","floor":1},{"not_picked":["Warcry","Infernal Blade","Intimidate"],"picked":"SKIP","floor":2},{"not_picked":["Shrug It Off","Evolve"],"picked":"Cleave","floor":3},{"not_picked":["True Grit","Evolve"],"picked":"Feel No Pain","floor":4},{"not_picked":["Dual Wield","Shrug It Off"],"picked":"Demon Form","floor":6},{"not_picked":["Blood for Blood","Double Tap"],"picked":"Clothesline","floor":10},{"not_picked":["Body Slam","Clash","Flex"],"picked":"SKIP","floor":13},{"not_picked":["Bloodletting","Metallicize"],"picked":"Anger","floor":14},{"not_picked":["Reaper","Immolate"],"picked":"Offering","floor":16},{"not_picked":["Cleave","Combust","Havoc"],"picked":"SKIP","floor":18},{"not_picked":["Clothesline","Rupture","Bloodletting"],"picked":"SKIP","floor":19},{"not_picked":["Havoc+1","Warcry"],"picked":"Thunderclap","floor":20},{"not_picked":["Body Slam","Perfected Strike"],"picked":"Armaments","floor":25},{"not_picked":["Body Slam","Headbutt+1","Armaments"],"picked":"SKIP","floor":29},{"not_picked":["Dropkick","Double Tap"],"picked":"Heavy Blade","floor":31},{"not_picked":["Juggernaut+1","Bludgeon"],"picked":"Reaper","floor":33},{"not_picked":["Searing Blow","Iron Wave","Warcry"],"picked":"SKIP","floor":35},{"not_picked":["Thunderclap","Iron Wave"],"picked":"Shrug It Off","floor":37},{"not_picked":["Cleave","Armaments","Bludgeon"],"picked":"SKIP","floor":41},{"not_picked":["Twin Strike+1","Hemokinesis"],"picked":"Corruption+1","floor":44},{"not_picked":["Sword Boomerang","Heavy Blade","Hemokinesis"],"picked":"SKIP","floor":46},{"not_picked":["Armaments","Pommel Strike"],"picked":"Sentinel","floor":47},{"not_picked":["Madness","Forethought"],"picked":"Panacea","floor":48},{"not_picked":["Body Slam+1","Fiend Fire"],"picked":"Pommel Strike","floor":55}],"player_experience":1171537,"relics_obtained":[{"floor":6,"key":"Whetstone"},{"floor":8,"key":"Orichalcum"},{"floor":9,"key":"Oddly Smooth Stone"},{"floor":10,"key":"Calipers"},{"floor":25,"key":"Frozen Egg 2"},{"floor":28,"key":"Paper Frog"},{"floor":29,"key":"Smiling Mask"},{"floor":31,"key":"Letter Opener"},{"floor":41,"key":"Boot"},{"floor":43,"key":"Regal Pillow"},{"floor":46,"key":"Vajra"},{"floor":55,"key":"War Paint"}],"event_choices":[{"damage_healed":0,"gold_gain":0,"player_choice":"Searched \u00271\u0027 times","damage_taken":0,"max_hp_gain":0,"max_hp_loss":0,"event_name":"Dead Adventurer","floor":8,"gold_loss":0},{"damage_healed":0,"gold_gain":0,"player_choice":"Paid Gold","damage_taken":0,"relics_obtained":["Shuriken"],"max_hp_gain":0,"max_hp_loss":0,"event_name":"WeMeetAgain","floor":11,"gold_loss":77},{"damage_healed":0,"gold_gain":0,"player_choice":"Obtained Relic","damage_taken":0,"relics_obtained":["Pocketwatch"],"max_hp_gain":0,"max_hp_loss":0,"event_name":"Addict","floor":21,"gold_loss":85},{"damage_healed":0,"gold_gain":0,"player_choice":"Shed Blood","damage_taken":26,"max_hp_gain":5,"max_hp_loss":0,"event_name":"Forgotten Altar","floor":22,"gold_loss":0},{"damage_healed":0,"gold_gain":0,"cards_transformed":["Strike_R","Strike_R"],"player_choice":"Became Test Subject","damage_taken":0,"max_hp_gain":0,"max_hp_loss":0,"event_name":"Drug Dealer","floor":24,"gold_loss":0,"cards_obtained":["Burning Pact","Feel No Pain"]},{"damage_healed":0,"gold_gain":0,"player_choice":"Ignored","damage_taken":0,"max_hp_gain":0,"max_hp_loss":0,"event_name":"Tomb of Lord Red Mask","floor":36,"gold_loss":0},{"damage_healed":0,"gold_gain":0,"player_choice":"Max HP","damage_taken":0,"max_hp_gain":0,"max_hp_loss":4,"event_name":"Winding Halls","floor":38,"gold_loss":0},{"cards_removed":["Anger"],"damage_healed":0,"gold_gain":0,"player_choice":"Purged","damage_taken":0,"max_hp_gain":0,"max_hp_loss":0,"event_name":"Purifier","floor":42,"gold_loss":0},{"damage_healed":0,"gold_gain":0,"player_choice":"Memory 1","damage_taken":0,"max_hp_gain":0,"max_hp_loss":0,"event_name":"SensoryStone","floor":48,"gold_loss":0}],"is_beta":false,"boss_relics":[{"not_picked":["Lizard Tail","Runic Cube"],"picked":"Runic Dome"},{"not_picked":["Empty Cage","Runic Pyramid"],"picked":"Velvet Choker"}],"items_purged_floors":[39],"is_endless":false,"potions_floor_spawned":[1,4,6,13,14,16,25,29,33,41,46,47,55],"killed_by":"The Heart","ascension_level":20}