{"gold_per_floor":[114,129,31,46,61,91,91,121,171,171,171,186,151,166,166,266,266,281,281,281,281,287,287,317,329,391,433,445,472,484,246,246,346,346,361,85,85,100,322,322,322,22,47,62,77,77,92,107,107,107],"floor_reached":51,"playtime":4695,"items_purged":[],"score":768,"play_id":"fc72c01d-b45c-4337-8eb5-0d40a373716d","local_time":"20181014150618","daily_mods":["Draft","Green Cards","Elite Swarm"],"is_ascension_mode":false,"campfire_choices":[{"data":"Fusion","floor":7,"key":"SMITH"},{"data":"White Noise","floor":15,"key":"SMITH"},{"data":"Streamline","floor":23,"key":"SMITH"},{"data":"Backstab","floor":25,"key":"SMITH"},{"data":"Redo","floor":28,"key":"SMITH"},{"data":"Rebound","floor":30,"key":"SMITH"},{"data":"Heatsinks","floor":32,"key":"SMITH"},{"data":"Mayhem","floor":40,"key":"SMITH"},{"data":"Sweeping Beam","floor":46,"key":"SMITH"},{"data":"The Bomb","floor":49,"key":"SMITH"}],"neow_cost":"","seed_source_timestamp":0,"circlet_count":0,"master_deck":["Scrape","White Noise+1","Rebound+1","Loop","Redo+1","Cold Snap","Steam","Ball Lightning","Heatsinks+1","Compile Driver","Ball Lightning","Self Repair","Coolheaded","Backstab+1","Genetic Algorithm","Streamline+1","Fusion+1","Enlightenment","Sweeping Beam","Conserve Battery","Creative AI+1","Beam Cell+1","Hologram+1","Sweeping Beam+1","The Bomb+1","Mayhem+1","Quick Slash+1","Steam+1","Streamline+1"],"special_seed":17818,"relics":["Cracked Core","Ancient Tea Set","Singing Bowl","Regal Pillow","Eternal Feather","MutagenicStrength","Red Mask","MawBank","DataDisk","Pen Nib","Cables","Lizard Tail","Bottled Tornado","Gambling Chip","Boot"],"potions_floor_usage":[24,33,33,50,50],"damage_taken":[{"damage":0,"enemies":"2 Louse","floor":1,"turns":2},{"damage":3,"enemies":"Jaw Worm","floor":2,"turns":2},{"damage":7,"enemies":"Small Slimes","floor":4,"turns":2},{"damage":0,"enemies":"2 Fungi Beasts","floor":5,"turns":2},{"damage":19,"enemies":"3 Sentries","floor":6,"turns":5},{"damage":16,"enemies":"Lagavulin","floor":8,"turns":5},{"damage":0,"enemies":"Looter","floor":12,"turns":2},{"damage":6,"enemies":"Exordium Thugs","floor":14,"turns":3},{"damage":0,"enemies":"Slime Boss","floor":16,"turns":6},{"damage":16,"enemies":"3 Byrds","floor":18,"turns":5},{"damage":16,"enemies":"Masked Bandits","floor":22,"turns":4},{"damage":21,"enemies":"Book of Stabbing","floor":24,"turns":4},{"damage":32,"enemies":"Gremlin Leader","floor":27,"turns":6},{"damage":0,"enemies":"Chosen","floor":29,"turns":3},{"damage":0,"enemies":"Collector","floor":33,"turns":7},{"damage":15,"enemies":"3 Shapes","floor":35,"turns":4},{"damage":11,"enemies":"Orb Walker","floor":38,"turns":2},{"damage":20,"enemies":"3 Darklings","floor":44,"turns":4},{"damage":6,"enemies":"Reptomancer","floor":45,"turns":4},{"damage":0,"enemies":"Maw","floor":47,"turns":5},{"damage":7,"enemies":"Transient","floor":48,"turns":5},{"damage":60,"enemies":"Donu and Deca","floor":50,"turns":10}],"seed_played":"8003308014887678719","potions_obtained":[{"floor":2,"key":"Explosive Potion"},{"floor":4,"key":"Weak Potion"},{"floor":8,"key":"SpeedPotion"},{"floor":24,"key":"Energy Potion"},{"floor":47,"key":"FairyPotion"},{"floor":48,"key":"GamblersBrew"}],"is_trial":false,"path_per_floor":["M","M","$","M","M","E","R","E","T","?","?","M","?","M","R","B",null,"M","?","?","?","?","R","E","R","T","E","R","M","R","$","R","B",null,"M","$","?","M","?","R","?","$","T","M","M","R","M","M","R","B"],"character_chosen":"DEFECT","items_purchased":["Enlightenment","Cables","Bottled Tornado","Sweeping Beam","Gambling Chip"],"campfire_rested":0,"item_purchase_floors":[3,31,36,36,42],"current_hp_per_floor":[75,72,72,65,65,46,46,39,39,39,44,53,74,77,77,79,88,79,79,79,79,65,77,65,77,77,54,66,68,80,80,92,98,98,90,90,85,74,74,89,89,89,89,78,72,87,96,89,97,37],"gold":107,"neow_bonus":"","is_prod":false,"is_daily":true,"chose_seed":false,"campfire_upgraded":10,"win_rate":0.0,"timestamp":1539543978,"path_taken":["M","M","$","M","M","E","R","E","T","?","?","?","?","M","R","BOSS","M","?","?","?","?","R","E","R","T","E","R","M","R","$","R","BOSS","M","$","?","M","?","R","?","?","T","M","M","R","M","?","R","BOSS"],"build_version":"2018-10-11","purchased_purges":0,"victory":true,"max_hp_per_floor":[75,75,75,75,75,75,75,77,77,77,82,84,84,86,86,88,88,88,88,88,88,90,90,92,92,92,94,94,96,96,96,96,98,98,98,98,98,98,98,98,93,93,93,95,95,95,97,97,97,97],"card_choices":[{"not_picked":["Dagger Throw","Slice"],"picked":"Scrape","floor":0},{"not_picked":["Sunder","Quick Slash"],"picked":"White Noise","floor":0},{"not_picked":["Blizzard","Caltrops"],"picked":"Rebound","floor":0},{"not_picked":["Outmaneuver","Blade Dance"],"picked":"Loop","floor":0},{"not_picked":["Reprogram","PiercingWail"],"picked":"Redo","floor":0},{"not_picked":["Compile Driver","Quick Slash"],"picked":"Cold Snap","floor":0},{"not_picked":["Slice","Barrage"],"picked":"Steam","floor":0},{"not_picked":["Blur","PiercingWail"],"picked":"Ball Lightning","floor":0},{"not_picked":["Bane","Blade Dance"],"picked":"Heatsinks","floor":0},{"not_picked":["Concentrate","White Noise"],"picked":"Compile Driver","floor":0},{"not_picked":["Aggregate","Outmaneuver"],"picked":"Ball Lightning","floor":0},{"not_picked":["Fusion","Streamline"],"picked":"Self Repair","floor":0},{"not_picked":["Endless Agony","Turbo"],"picked":"Coolheaded","floor":0},{"not_picked":["Leap","Flying Knee"],"picked":"Backstab","floor":0},{"not_picked":["Bane","Quick Slash"],"picked":"Genetic Algorithm","floor":0},{"not_picked":["Footwork","Outmaneuver"],"picked":"Streamline","floor":1},{"not_picked":["Dodge and Roll","Capacitor"],"picked":"Fusion","floor":2},{"not_picked":["Genetic Algorithm","Dash"],"picked":"Sweeping Beam","floor":4},{"not_picked":["Dagger Throw","Reflex"],"picked":"Conserve Battery","floor":5},{"not_picked":["Meteor Strike","Grand Finale"],"picked":"Creative AI","floor":6},{"not_picked":["Core Surge","Machine Learning","Corpse Explosion"],"picked":"Singing Bowl","floor":8},{"not_picked":["Eviscerate","Compile Driver","Leg Sweep"],"picked":"Singing Bowl","floor":12},{"not_picked":["Outmaneuver","Dagger Spray","Bane"],"picked":"Singing Bowl","floor":14},{"not_picked":["Adrenaline","Storm of Steel","Die Die Die"],"picked":"Singing Bowl","floor":16},{"not_picked":["Streamline","Flying Knee"],"picked":"Beam Cell+1","floor":18},{"not_picked":["Outmaneuver+1","Caltrops","Chill"],"picked":"Singing Bowl","floor":22},{"not_picked":["Buffer","Envenom","Meteor Strike"],"picked":"Singing Bowl","floor":24},{"not_picked":["Bullet Time","Envenom","After Image"],"picked":"Singing Bowl","floor":27},{"not_picked":["Flying Knee","Coolheaded","Poisoned Stab"],"picked":"Singing Bowl","floor":29},{"not_picked":["Meteor Strike","Multi-Cast","Reboot"],"picked":"Singing Bowl","floor":33},{"not_picked":["Outmaneuver+1","Hello World+1"],"picked":"Hologram+1","floor":35},{"not_picked":["Enlightenment","Violence"],"picked":"The Bomb","floor":37},{"not_picked":["Panacea","Sadistic Nature"],"picked":"Mayhem","floor":37},{"not_picked":["Chill+1","Deadly Poison"],"picked":"Quick Slash+1","floor":38},{"not_picked":["Skewer","Bane+1","Dagger Throw+1"],"picked":"Singing Bowl","floor":44},{"not_picked":["Dash+1","Blade Dance"],"picked":"Steam+1","floor":45},{"not_picked":["Sucker Punch","Stack","Redo"],"picked":"Singing Bowl","floor":47},{"not_picked":["Caltrops","Reprogram"],"picked":"Streamline+1","floor":48}],"player_experience":28853,"relics_obtained":[{"floor":6,"key":"Ancient Tea Set"},{"floor":8,"key":"Singing Bowl"},{"floor":9,"key":"Regal Pillow"},{"floor":22,"key":"Red Mask"},{"floor":24,"key":"MawBank"},{"floor":26,"key":"DataDisk"},{"floor":27,"key":"Pen Nib"},{"floor":43,"key":"Boot"}],"event_choices":[{"event_name":"Shining Light","player_choice":"Ignored","floor":10,"damage_taken":0},{"event_name":"Big Fish","player_choice":"Donut","floor":11,"damage_taken":0},{"event_name":"The Cleric","player_choice":"Healed","floor":13,"damage_taken":0},{"event_name":"Upgrade Shrine","player_choice":"Upgraded","floor":19,"damage_taken":0},{"event_name":"Drug Dealer","player_choice":"Inject Mutagens","floor":20,"damage_taken":0},{"event_name":"Vampires","player_choice":"Ignored","floor":21,"damage_taken":0},{"event_name":"Masked Bandits","player_choice":"Fought Bandits","floor":22,"damage_taken":0},{"event_name":"SensoryStone","player_choice":"Memory 2","floor":37,"damage_taken":0},{"event_name":"Tomb of Lord Red Mask","player_choice":"Wore Mask","floor":39,"damage_taken":0},{"event_name":"Winding Halls","player_choice":"Max HP","floor":41,"damage_taken":0}],"is_beta":false,"boss_relics":[{"not_picked":["Cursed Key","Fusion Hammer"],"picked":"Eternal Feather"},{"not_picked":["Calling Bell","White Beast Statue"],"picked":"Lizard Tail"}],"items_purged_floors":[],"is_endless":false,"potions_floor_spawned":[2,4,8,12,16,22,24,29,47,48],"ascension_level":0}