{"gold_per_floor":[112,130,130,143,318,318,344,344,367,387,387,405,405,36,36,131,131,147,147,147,147,79,111,111,145,145,170,130,16,16,35,35,137,137,151,171,0,0,0,29,41,41,95,130,130,141,141,157,157,157],"floor_reached":51,"playtime":4496,"items_purged":["Regret"],"score":849,"play_id":"b3ecdf06-b5e7-4aff-87b0-3c27063f4e87","local_time":"20181115215542","is_ascension_mode":true,"campfire_choices":[{"data":"Genetic Algorithm","floor":6.0,"key":"SMITH"},{"floor":8.0,"key":"REST"},{"data":"White Noise","floor":11.0,"key":"SMITH"},{"data":"Static Discharge","floor":13.0,"key":"SMITH"},{"data":"Electrodynamics","floor":15.0,"key":"SMITH"},{"floor":24.0,"key":"REST"},{"floor":32.0,"key":"REST"},{"floor":42,"key":"REST"},{"data":"Capacitor","floor":45,"key":"SMITH"},{"data":"Aggregate","floor":47,"key":"SMITH"},{"floor":49,"key":"REST"}],"neow_cost":"NONE","seed_source_timestamp":0,"circlet_count":0,"master_deck":["Strike_B+1","Strike_B+1","Strike_B+1","Strike_B+1","Defend_B+1","Defend_B+1","Defend_B+1","Defend_B+1","Zap","Dualcast","Genetic Algorithm+1","Reprogram","Aggregate+1","Electrodynamics+1","Turbo","White Noise+1","Static Discharge+1","Echo Form","Recycle","Capacitor+1","Reprogram+1","Consume+1","Turbo+1","Genetic Algorithm+1","BootSequence","Redo+1","Barrage","Rainbow","Turbo+1","Go for the Eyes+1","Redo+1","Glacier+1","Writhe","Chill+1","Self Repair+1","Reboot","Turbo+1","Sweeping Beam+1","Turbo+1","Melter","Parasite","Barrage+1","Consume+1"],"special_seed":0,"relics":["Cracked Core","Omamori","Dream Catcher","Blood Vial","Pocketwatch","Black Star","MutagenicStrength","WingedGreaves","Unceasing Top","Prayer Wheel","Bag of Preparation","Vajra","Gambling Chip","StoneCalendar","Turnip","Sozu","Red Mask","Regal Pillow","Pen Nib","Orichalcum","Shovel","FossilizedHelix"],"potions_floor_usage":[],"damage_taken":[{"damage":2.0,"enemies":"2 Louse","floor":1.0,"turns":3.0},{"damage":7.0,"enemies":"Jaw Worm","floor":2.0,"turns":3.0},{"damage":3.0,"enemies":"Small Slimes","floor":4.0,"turns":4.0},{"damage":34.0,"enemies":"Gremlin Nob","floor":7.0,"turns":4.0},{"damage":1.0,"enemies":"3 Louse","floor":10.0,"turns":2.0},{"damage":4.0,"enemies":"2 Fungi Beasts","floor":12.0,"turns":3.0},{"damage":41.0,"enemies":"Slime Boss","floor":16.0,"turns":6.0},{"damage":18.0,"enemies":"Shell Parasite","floor":18.0,"turns":3.0},{"damage":41.0,"enemies":"Gremlin Leader","floor":23.0,"turns":6.0},{"damage":15.0,"enemies":"Book of Stabbing","floor":25.0,"turns":4.0},{"damage":12.0,"enemies":"Slavers","floor":27.0,"turns":5.0},{"damage":17.0,"enemies":"2 Thieves","floor":29.0,"turns":3.0},{"damage":11.0,"enemies":"Book of Stabbing","floor":31.0,"turns":4.0},{"damage":65.0,"enemies":"Automaton","floor":33.0,"turns":8.0},{"damage":21.0,"enemies":"3 Shapes","floor":35.0,"turns":5.0},{"damage":23,"enemies":"3 Darklings","floor":36,"turns":3},{"damage":0,"enemies":"Nemesis","floor":40,"turns":5},{"damage":35,"enemies":"Transient","floor":41,"turns":5},{"damage":27,"enemies":"Reptomancer","floor":44,"turns":5},{"damage":0,"enemies":"Maw","floor":46,"turns":5},{"damage":0,"enemies":"Writhing Mass","floor":48,"turns":4},{"damage":24,"enemies":"Donu and Deca","floor":50,"turns":8}],"seed_played":"754617038294093623","potions_obtained":[{"floor":1.0,"key":"FearPotion"},{"floor":4.0,"key":"Strength Potion"},{"floor":10.0,"key":"FairyPotion"},{"floor":23.0,"key":"Block Potion"},{"floor":25.0,"key":"Block Potion"},{"floor":27.0,"key":"Ancient Potion"}],"is_trial":false,"path_per_floor":["M","M","?","M","?","R","E","R","T","M","R","M","R","$","R","B",null,"M","?","?","?","$","E","R","E","T","E","?","M","$","?","E","R","B",null,"M","M","M","?","?","$","E","M","R","T","E","R","M","R","M","R","B",null],"character_chosen":"DEFECT","items_purchased":["Pocketwatch","Capacitor","BootSequence"],"campfire_rested":5,"item_purchase_floors":[14,22,29],"current_hp_per_floor":[80,73,73,70,70,70,36,60,60,61,61,59,59,59,59,20,82,64,64,64,64,64,25,49,36,36,26,26,11,11,2,26,8,82,61,40,40,61,61,63,30,69,69,54,54,66,66,68,82,58],"gold":157,"neow_bonus":"TEN_PERCENT_HP_BONUS","is_prod":false,"is_daily":false,"chose_seed":false,"campfire_upgraded":6,"win_rate":0,"timestamp":1542340542,"path_taken":["M","M","?","M","?","R","E","R","T","M","R","M","R","$","R","BOSS","M","?","?","?","$","E","R","E","T","E","?","?","?","E","R","BOSS","M","M","?","?","?","E","M","R","T","E","R","?","R","M","R","BOSS"],"build_version":"2018-11-15","purchased_purges":1,"victory":true,"max_hp_per_floor":[82,82,82,82,82,82,82,82,82,82,82,82,82,82,82,82,82,82,82,82,82,82,82,82,82,82,82,82,82,82,82,82,82,82,82,82,82,82,82,82,82,82,82,82,82,82,82,82,82,82],"card_choices":[{"not_picked":["Doom and Gloom","Static Discharge"],"picked":"Genetic Algorithm","floor":1.0},{"not_picked":["Stack","Leap"],"picked":"Reprogram","floor":2.0},{"not_picked":["Hologram","Reinforced Body"],"picked":"Aggregate","floor":4.0},{"not_picked":["Meteor Strike","Cold Snap"],"picked":"Electrodynamics","floor":7.0},{"not_picked":["Skim","Coolheaded"],"picked":"Turbo","floor":8.0},{"not_picked":["Aggregate","Darkness"],"picked":"White Noise","floor":10.0},{"not_picked":["Sweeping Beam","Glacier"],"picked":"Static Discharge","floor":12.0},{"not_picked":["Meteor Strike","Biased Cognition"],"picked":"Echo Form","floor":16.0},{"not_picked":["FTL","Gash"],"picked":"Recycle","floor":18.0},{"not_picked":["Rebound","FTL"],"picked":"Reprogram+1","floor":23.0},{"not_picked":["Ball Lightning","Echo Form"],"picked":"Consume+1","floor":24.0},{"not_picked":["Aggregate","Ball Lightning"],"picked":"Turbo+1","floor":25.0},{"not_picked":["Streamline","Cold Snap"],"picked":"Genetic Algorithm","floor":27.0},{"not_picked":["Beam Cell+1","Conserve Battery"],"picked":"Redo+1","floor":31.0},{"not_picked":["Gash","Steam Power"],"picked":"Barrage","floor":32.0},{"not_picked":["All For One","Multi-Cast"],"picked":"Rainbow","floor":33.0},{"not_picked":["Stack+1","Hello World+1"],"picked":"Turbo+1","floor":35},{"not_picked":["Compile Driver","Leap"],"picked":"Go for the Eyes+1","floor":35},{"not_picked":["Scrape+1","Reprogram+1"],"picked":"Redo+1","floor":36},{"not_picked":["Barrage","Go for the Eyes"],"picked":"Glacier+1","floor":36},{"not_picked":["Sweeping Beam+1","Ball Lightning"],"picked":"Chill+1","floor":40},{"not_picked":["FTL","Redo+1"],"picked":"Self Repair+1","floor":41},{"not_picked":["Ball Lightning","Barrage"],"picked":"Reboot","floor":41},{"not_picked":["Streamline","Chaos"],"picked":"Turbo+1","floor":42},{"not_picked":["Hologram","Compile Driver"],"picked":"Sweeping Beam+1","floor":44},{"not_picked":["Tempest","Gash+1"],"picked":"Turbo+1","floor":46},{"not_picked":["Rebound+1","Turbo"],"picked":"Melter","floor":46},{"not_picked":["Rebound+1","Turbo"],"picked":"Barrage+1","floor":48},{"not_picked":["Compile Driver","Coolheaded","Gash+1"],"picked":"SKIP","floor":48},{"not_picked":["Ball Lightning","Doom and Gloom"],"picked":"Consume+1","floor":49}],"player_experience":196683,"relics_obtained":[{"floor":7.0,"key":"Dream Catcher"},{"floor":9.0,"key":"Blood Vial"},{"floor":23.0,"key":"Unceasing Top"},{"floor":23.0,"key":"Prayer Wheel"},{"floor":25.0,"key":"Bag of Preparation"},{"floor":25.0,"key":"Vajra"},{"floor":26.0,"key":"Gambling Chip"},{"floor":27.0,"key":"StoneCalendar"},{"floor":27.0,"key":"Turnip"},{"floor":40,"key":"Regal Pillow"},{"floor":40,"key":"Pen Nib"},{"floor":43,"key":"Orichalcum"},{"floor":44,"key":"Shovel"},{"floor":44,"key":"FossilizedHelix"}],"event_choices":[{"damage_healed":0.0,"max_hp_gain":0.0,"max_hp_loss":0.0,"gold_gain":0.0,"event_name":"Big Fish","player_choice":"Box","floor":3.0,"gold_loss":0.0,"damage_taken":0.0,"relics_obtained":["Omamori"],"cards_obtained":["Regret"]},{"damage_healed":0.0,"max_hp_gain":0.0,"max_hp_loss":0.0,"gold_gain":175.0,"event_name":"Liars Game","player_choice":"AGREE","floor":5.0,"gold_loss":0.0,"damage_taken":0.0,"cards_obtained":["Doubt"]},{"damage_healed":0.0,"max_hp_gain":0.0,"max_hp_loss":0.0,"gold_gain":0.0,"event_name":"Drug Dealer","player_choice":"Inject Mutagens","floor":19.0,"gold_loss":0.0,"damage_taken":0.0,"relics_obtained":["MutagenicStrength"]},{"damage_healed":0.0,"max_hp_gain":0.0,"max_hp_loss":0.0,"gold_gain":0.0,"event_name":"Back to Basics","player_choice":"Simplicity","floor":20.0,"gold_loss":0.0,"damage_taken":0.0,"cards_upgraded":["Strike_B","Strike_B","Strike_B","Strike_B","Defend_B","Defend_B","Defend_B","Defend_B"]},{"damage_healed":0.0,"max_hp_gain":0.0,"max_hp_loss":0.0,"gold_gain":0.0,"event_name":"The Mausoleum","player_choice":"Opened","floor":21.0,"gold_loss":0.0,"damage_taken":0.0,"relics_obtained":["WingedGreaves"],"cards_obtained":["Writhe"]},{"damage_healed":0.0,"max_hp_gain":0.0,"max_hp_loss":0.0,"gold_gain":0.0,"event_name":"Designer","player_choice":"Upgrade","floor":28.0,"gold_loss":40.0,"damage_taken":0.0,"cards_upgraded":["Genetic Algorithm"]},{"damage_healed":0.0,"max_hp_gain":0.0,"max_hp_loss":0.0,"gold_gain":0.0,"event_name":"Ghosts","player_choice":"Ignored","floor":30.0,"gold_loss":0.0,"damage_taken":0.0},{"damage_healed":0,"gold_gain":0,"player_choice":"Paid","damage_taken":0,"relics_obtained":["Red Mask"],"max_hp_gain":0,"max_hp_loss":0,"event_name":"Tomb of Lord Red Mask","floor":37,"gold_loss":171},{"damage_healed":21,"gold_gain":0,"player_choice":"Writhe","damage_taken":0,"max_hp_gain":0,"max_hp_loss":0,"event_name":"Winding Halls","floor":38,"gold_loss":0,"cards_obtained":["Writhe"]}],"is_beta":false,"boss_relics":[{"not_picked":["Fusion Hammer","Runic Pyramid"],"picked":"Black Star"},{"not_picked":["Busted Crown","Runic Dome"],"picked":"Sozu"}],"items_purged_floors":[14],"is_endless":false,"potions_floor_spawned":[1,4,10,23,25,27,29,35,41,46],"ascension_level":1}