{"gold_per_floor":[112,162,84,96,246,246,280,280,305,340,54,80,80,94,94,169,219,234,247,12,12,12,40,40,60,60,60,73,93,93,93,93,168,168,179,179,179,1178,1178,1178,1194,1226,1226,1226,132,42,42,42,42,42,42],"floor_reached":51,"playtime":2467,"items_purged":["Doubt","Strike_R","Normality"],"score":1560,"play_id":"7c5bc5f2-0b44-4af2-9d9f-ce8163baa1e7","local_time":"20190419005814","is_ascension_mode":true,"campfire_choices":[{"data":"Bash","floor":6.0,"key":"SMITH"},{"data":"Seeing Red","floor":8.0,"key":"SMITH"},{"data":"Fiend Fire","floor":13.0,"key":"SMITH"},{"floor":15.0,"key":"REST"},{"data":"True Grit","floor":27.0,"key":"SMITH"},{"data":"Feel No Pain","floor":30.0,"key":"SMITH"},{"floor":32.0,"key":"REST"},{"data":"Dark Shackles","floor":40.0,"key":"SMITH"},{"data":"Battle Trance","floor":44,"key":"SMITH"},{"floor":49,"key":"REST"}],"neow_cost":"TEN_PERCENT_HP_LOSS","seed_source_timestamp":94686232983400,"circlet_count":0,"master_deck":["AscendersBane","Strike_R+1","Defend_R+1","Defend_R+1","Defend_R+1","Defend_R+1","Bash+1","Ghostly Armor","Flame Barrier","Sword Boomerang+1","Seeing Red+1","Fiend Fire+1","Clothesline+1","Rage","Pommel Strike+1","Exhume+1","Warcry","Shrug It Off","Battle Trance+1","Purity+1","Feel No Pain+1","True Grit+1","Shrug It Off","Feel No Pain+1","Offering","Offering+1","Carnage+1","Inflame+1","Dark Shackles+1","Thinking Ahead","Writhe","Corruption","Sentinel","Master of Strategy","Sentinel","Parasite"],"special_seed":0,"relics":["Burning Blood","Dead Branch","Juzu Bracelet","Bronze Scales","MawBank","Molten Egg 2","Tiny House","Letter Opener","Blue Candle","War Paint","Astrolabe","Whetstone","Thread and Needle","Bottled Tornado","Turnip"],"potions_floor_usage":[51],"damage_taken":[{"damage":9.0,"enemies":"2 Louse","floor":1.0,"turns":3.0},{"damage":0.0,"enemies":"Cultist","floor":4.0,"turns":3.0},{"damage":27.0,"enemies":"Gremlin Nob","floor":7.0,"turns":4.0},{"damage":18.0,"enemies":"3 Sentries","floor":10.0,"turns":6.0},{"damage":6.0,"enemies":"Lagavulin","floor":12.0,"turns":5.0},{"damage":2.0,"enemies":"Jaw Worm","floor":14.0,"turns":2.0},{"damage":54.0,"enemies":"The Guardian","floor":16.0,"turns":14.0},{"damage":16.0,"enemies":"Spheric Guardian","floor":18.0,"turns":5.0},{"damage":12.0,"enemies":"2 Thieves","floor":19.0,"turns":4.0},{"damage":12.0,"enemies":"Slavers","floor":23.0,"turns":4.0},{"damage":3.0,"enemies":"Snake Plant","floor":25.0,"turns":3.0},{"damage":6.0,"enemies":"Centurion and Healer","floor":28.0,"turns":7.0},{"damage":9.0,"enemies":"Cultist and Chosen","floor":29.0,"turns":7.0},{"damage":7.0,"enemies":"Champ","floor":33.0,"turns":17.0},{"damage":39.0,"enemies":"3 Darklings","floor":35.0,"turns":3.0},{"damage":2.0,"enemies":"3 Shapes","floor":41.0,"turns":6.0},{"damage":20,"enemies":"Nemesis","floor":42,"turns":7},{"damage":12,"enemies":"Donu and Deca","floor":50,"turns":2},{"damage":55,"enemies":"Time Eater","floor":51,"turns":9}],"seed_played":"4676208701314842326","potions_obtained":[{"floor":4.0,"key":"Fire Potion"},{"floor":7.0,"key":"LiquidBronze"},{"floor":16.0,"key":"SkillPotion"},{"floor":17.0,"key":"Strength Potion"},{"floor":19.0,"key":"Weak Potion"},{"floor":25.0,"key":"Regen Potion"},{"floor":29.0,"key":"Fire Potion"},{"floor":42,"key":"EssenceOfSteel"}],"is_trial":false,"path_per_floor":["M","?","$","M","?","R","E","R","T","E","$","E","R","M","R","B",null,"M","M","$","?","?","E","?","M","T","R","M","M","R","T","R","B",null,"M","$","?","?","?","R","M","E","T","R","$","$","?","$","R","B","B"],"character_chosen":"IRONCLAD","items_purchased":["Flame Barrier","Fiend Fire","Clothesline","Battle Trance","Purity","Corruption","Bottled Tornado","Sentinel","Turnip","Master of Strategy","Sentinel"],"campfire_rested":3,"item_purchase_floors":[3,11,11,20,20,45,45,45,45,45,46],"current_hp_per_floor":[65,59,59,65,65,65,44,44,44,32,32,32,32,36,56,8,58,48,42,42,42,42,36,36,39,39,39,53,50,50,50,71,70,72,39,39,34,34,49,49,53,39,39,39,39,39,39,39,60,54,0],"gold":42,"neow_bonus":"ONE_RARE_RELIC","is_prod":false,"is_daily":false,"chose_seed":false,"campfire_upgraded":7,"win_rate":0,"timestamp":1555628294,"path_taken":["M","?","$","?","?","R","E","R","T","E","$","E","R","M","R","BOSS","M","M","$","?","?","E","?","M","T","R","M","M","R","?","R","BOSS","M","$","?","?","?","R","M","E","T","R","?","$","?","$","R","BOSS","BOSS"],"build_version":"2019-01-23","purchased_purges":3,"victory":false,"max_hp_per_floor":[68,68,68,68,68,68,68,68,68,68,68,68,68,68,68,68,73,73,73,73,73,73,73,73,73,73,73,73,73,73,73,73,73,73,73,73,73,73,73,73,73,73,73,73,73,73,73,73,73,73,73],"card_choices":[{"not_picked":["Clash","Thunderclap"],"picked":"Ghostly Armor","floor":1.0},{"not_picked":["Iron Wave","Armaments"],"picked":"Sword Boomerang","floor":4.0},{"not_picked":["Twin Strike","Sever Soul"],"picked":"Seeing Red","floor":7.0},{"not_picked":["Heavy Blade","Clash","Armaments"],"picked":"SKIP","floor":10.0},{"not_picked":["Reckless Charge","Wild Strike"],"picked":"Rage","floor":12.0},{"not_picked":["Wild Strike+1","Rage"],"picked":"Pommel Strike+1","floor":14.0},{"not_picked":["Immolate+1","Impervious"],"picked":"Exhume","floor":16.0},{"not_picked":["Pommel Strike+1","Twin Strike+1"],"picked":"Warcry","floor":17.0},{"not_picked":["Headbutt+1","Body Slam+1"],"picked":"Shrug It Off","floor":18.0},{"not_picked":["Bloodletting","Pommel Strike+1","Clash+1"],"picked":"SKIP","floor":19.0},{"not_picked":["Pommel Strike+1","Flex+1"],"picked":"Feel No Pain","floor":23.0},{"not_picked":["Flame Barrier","Anger+1"],"picked":"True Grit","floor":25.0},{"not_picked":["Flame Barrier","Power Through"],"picked":"Shrug It Off","floor":28.0},{"not_picked":["Shockwave","Pommel Strike+1"],"picked":"Feel No Pain+1","floor":29.0},{"not_picked":["Bludgeon+1","Demon Form"],"picked":"Offering","floor":33.0},{"not_picked":["Heavy Blade+1","Clothesline+1","Rage"],"picked":"SKIP","floor":35.0},{"not_picked":["The Bomb","Panacea"],"picked":"Dark Shackles","floor":37.0},{"not_picked":["Swift Strike+1","Flash of Steel+1"],"picked":"Thinking Ahead","floor":37.0},{"not_picked":["Clothesline+1","Pommel Strike+1","Dual Wield"],"picked":"SKIP","floor":41.0},{"not_picked":["Flex","Armaments","Clash+1"],"picked":"SKIP","floor":42}],"player_experience":565375,"relics_obtained":[{"floor":7.0,"key":"Juzu Bracelet"},{"floor":9.0,"key":"Bronze Scales"},{"floor":10.0,"key":"MawBank"},{"floor":12.0,"key":"Molten Egg 2"},{"floor":23.0,"key":"Letter Opener"},{"floor":26.0,"key":"Blue Candle"},{"floor":31.0,"key":"War Paint"},{"floor":42,"key":"Whetstone"},{"floor":43,"key":"Thread and Needle"}],"event_choices":[{"damage_healed":0.0,"max_hp_gain":0.0,"max_hp_loss":0.0,"gold_gain":50.0,"event_name":"FaceTrader","player_choice":"Touch","floor":2.0,"gold_loss":0.0,"damage_taken":6.0},{"damage_healed":0.0,"max_hp_gain":0.0,"max_hp_loss":0.0,"gold_gain":150.0,"event_name":"Liars Game","player_choice":"AGREE","floor":5.0,"gold_loss":0.0,"damage_taken":0.0,"cards_obtained":["Doubt"]},{"damage_healed":0.0,"max_hp_gain":0.0,"max_hp_loss":0.0,"gold_gain":0.0,"event_name":"Ghosts","player_choice":"Ignored","floor":21.0,"gold_loss":0.0,"damage_taken":0.0},{"damage_healed":0.0,"max_hp_gain":0.0,"max_hp_loss":0.0,"gold_gain":0.0,"event_name":"Beggar","player_choice":"Ignored","floor":22.0,"gold_loss":0.0,"damage_taken":0.0},{"damage_healed":0.0,"max_hp_gain":0.0,"max_hp_loss":0.0,"gold_gain":0.0,"event_name":"Back to Basics","player_choice":"Simplicity","floor":24.0,"gold_loss":0.0,"damage_taken":0.0,"cards_upgraded":["Strike_R","Strike_R","Strike_R","Strike_R","Defend_R","Defend_R","Defend_R"]},{"damage_healed":0.0,"max_hp_gain":0.0,"max_hp_loss":0.0,"gold_gain":0.0,"event_name":"SensoryStone","player_choice":"Memory 2","floor":37.0,"gold_loss":0.0,"damage_taken":5.0},{"damage_healed":0.0,"max_hp_gain":0.0,"max_hp_loss":0.0,"gold_gain":999.0,"event_name":"MindBloom","player_choice":"Gold","floor":38.0,"gold_loss":0.0,"damage_taken":0.0,"cards_obtained":["Normality","Normality"]},{"damage_healed":15.0,"max_hp_gain":0.0,"max_hp_loss":0.0,"gold_gain":0.0,"event_name":"Winding Halls","player_choice":"Writhe","floor":39.0,"gold_loss":0.0,"damage_taken":0.0,"cards_obtained":["Writhe"]},{"damage_healed":0,"gold_gain":0,"cards_transformed":["Normality"],"player_choice":"Transformed","damage_taken":0,"max_hp_gain":0,"max_hp_loss":0,"event_name":"Transmorgrifier","floor":47,"gold_loss":0,"cards_obtained":["Parasite"]}],"is_beta":false,"boss_relics":[{"not_picked":["Ectoplasm","Empty Cage"],"picked":"Tiny House"},{"not_picked":["Orrery","Black Blood"],"picked":"Astrolabe"}],"items_purged_floors":[11,20,45],"is_endless":false,"potions_floor_spawned":[4,7,16,19,25,29,42],"killed_by":"Time Eater","ascension_level":20}