{"gold_per_floor":[109,128,140,140,290,290,318,318,318,318,215,228,228,248,248,327,327,343,361,361,374,384,384,397,40,118,118,118,132,132,132],"floor_reached":31,"playtime":1729,"items_purged":["Doubt"],"score":427,"play_id":"86756530-2e1d-4f19-8aab-d33376abfa2c","local_time":"20190507222405","is_ascension_mode":true,"campfire_choices":[{"data":"Zap","floor":6.0,"key":"SMITH"},{"floor":8.0,"key":"REST"},{"floor":13.0,"key":"REST"},{"data":"Hologram","floor":15.0,"key":"SMITH"},{"floor":23.0,"key":"REST"},{"floor":28.0,"key":"REST"},{"floor":30,"key":"REST"}],"neow_cost":"NONE","seed_source_timestamp":200818941417421,"circlet_count":0,"master_deck":["AscendersBane","Strike_B","Strike_B","Strike_B","Defend_B","Defend_B","Defend_B","Defend_B+1","Zap+1","Dualcast+1","Fusion","Streamline","Hologram+1","Buffer","Creative AI","Sweeping Beam","Steam","Rebound","Machine Learning","Reinforced Body+1","Streamline","Chaos+1","Apotheosis","Writhe","Gash"],"special_seed":0,"relics":["Cracked Core","Art of War","Symbiotic Virus","Oddly Smooth Stone","Kunai","Cursed Key","War Paint","Toxic Egg 2"],"potions_floor_usage":[],"damage_taken":[{"damage":0.0,"enemies":"2 Louse","floor":1.0,"turns":2.0},{"damage":7.0,"enemies":"Small Slimes","floor":2.0,"turns":3.0},{"damage":7.0,"enemies":"Jaw Worm","floor":3.0,"turns":3.0},{"damage":32.0,"enemies":"3 Sentries","floor":7.0,"turns":9.0},{"damage":3.0,"enemies":"Red Slaver","floor":12.0,"turns":3.0},{"damage":5.0,"enemies":"Looter","floor":14.0,"turns":3.0},{"damage":3.0,"enemies":"Slime Boss","floor":16.0,"turns":7.0},{"damage":15.0,"enemies":"Shell Parasite","floor":18.0,"turns":4.0},{"damage":12.0,"enemies":"Chosen","floor":19.0,"turns":4.0},{"damage":6.0,"enemies":"3 Cultists","floor":21.0,"turns":6.0},{"damage":21.0,"enemies":"Sentry and Sphere","floor":22.0,"turns":7.0},{"damage":19.0,"enemies":"Snake Plant","floor":24.0,"turns":5.0},{"damage":26,"enemies":"3 Cultists","floor":29,"turns":6},{"damage":30,"enemies":"Gremlin Leader","floor":31,"turns":2}],"seed_played":"1784209185441695379","potions_obtained":[{"floor":2.0,"key":"SpeedPotion"},{"floor":12.0,"key":"GamblersBrew"},{"floor":14.0,"key":"Energy Potion"},{"floor":16.0,"key":"Ancient Potion"},{"floor":22.0,"key":"Block Potion"}],"is_trial":false,"path_per_floor":["M","M","M","?","?","R","E","R","T","?","$","M","R","M","R","B",null,"M","M","?","M","M","R","M","$","T","?","R","M","R","E"],"character_chosen":"DEFECT","items_purchased":["Sweeping Beam","War Paint","Apotheosis"],"campfire_rested":5,"item_purchase_floors":[11,25,25],"current_hp_per_floor":[64,57,50,50,50,50,18,39,39,28,28,25,46,41,41,38,63,48,36,36,30,9,30,11,11,11,11,32,6,27,0],"gold":132,"neow_bonus":"RANDOM_COMMON_RELIC","is_prod":false,"is_daily":false,"chose_seed":false,"campfire_upgraded":2,"win_rate":0,"timestamp":1557293045,"path_taken":["M","M","M","?","?","R","E","R","T","?","?","M","R","M","R","BOSS","M","M","?","M","M","R","M","$","T","?","R","M","R","E"],"build_version":"2019-01-23","purchased_purges":1,"victory":false,"max_hp_per_floor":[71,71,71,71,71,71,71,71,71,71,71,71,71,71,71,71,71,71,71,71,71,71,71,71,71,71,71,71,71,71,71],"card_choices":[{"not_picked":["Stack","Blizzard"],"picked":"Fusion","floor":1.0},{"not_picked":["Consume","Coolheaded"],"picked":"Streamline","floor":2.0},{"not_picked":["Fusion","Glacier"],"picked":"Hologram","floor":3.0},{"not_picked":["Redo","Beam Cell"],"picked":"Creative AI","floor":7.0},{"not_picked":["Turbo","Hello World"],"picked":"Steam","floor":12.0},{"not_picked":["Go for the Eyes","Melter"],"picked":"Rebound","floor":14.0},{"not_picked":["Buffer","Hyperbeam"],"picked":"Machine Learning","floor":16.0},{"not_picked":["Barrage","Gash"],"picked":"Reinforced Body+1","floor":18.0},{"not_picked":["Cold Snap","Leap"],"picked":"Streamline","floor":19.0},{"not_picked":["Turbo+1","Recycle","Cold Snap"],"picked":"SKIP","floor":21.0},{"not_picked":["Cold Snap","Hello World","BootSequence"],"picked":"SKIP","floor":22.0},{"not_picked":["Steam","Hologram"],"picked":"Chaos+1","floor":24.0},{"not_picked":["Turbo+1","Reprogram+1"],"picked":"Gash","floor":29}],"player_experience":657960,"relics_obtained":[{"floor":7.0,"key":"Symbiotic Virus"},{"floor":9.0,"key":"Oddly Smooth Stone"},{"floor":26.0,"key":"Toxic Egg 2"}],"event_choices":[{"damage_healed":0.0,"max_hp_gain":0.0,"max_hp_loss":0.0,"gold_gain":0.0,"cards_transformed":["Strike_B"],"event_name":"Living Wall","player_choice":"Change","floor":4.0,"gold_loss":0.0,"damage_taken":0.0,"cards_obtained":["Buffer"]},{"damage_healed":0.0,"max_hp_gain":0.0,"max_hp_loss":0.0,"gold_gain":150.0,"event_name":"Liars Game","player_choice":"AGREE","floor":5.0,"gold_loss":0.0,"damage_taken":0.0,"cards_obtained":["Doubt"]},{"damage_healed":0.0,"max_hp_gain":0.0,"max_hp_loss":0.0,"gold_gain":0.0,"event_name":"Scrap Ooze","player_choice":"Success","floor":10.0,"gold_loss":0.0,"damage_taken":11.0,"relics_obtained":["Kunai"]},{"damage_healed":0.0,"max_hp_gain":0.0,"max_hp_loss":0.0,"gold_gain":0.0,"event_name":"The Mausoleum","player_choice":"Ignored","floor":20.0,"gold_loss":0.0,"damage_taken":0.0},{"damage_healed":0.0,"max_hp_gain":0.0,"max_hp_loss":0.0,"gold_gain":0.0,"event_name":"Vampires","player_choice":"Ignored","floor":27.0,"gold_loss":0.0,"damage_taken":0.0}],"is_beta":false,"boss_relics":[{"not_picked":["Sozu","Ectoplasm"],"picked":"Cursed Key"}],"items_purged_floors":[11],"is_endless":false,"potions_floor_spawned":[2,12,14,16,19,22],"killed_by":"Gremlin Leader","ascension_level":16}