{"gold_per_floor":[210,227,227,238,256,317,317,264,264,281,281,53,78,78,78,149,149,49,49,49,9,9,9,9,9,9,9,9,9,9,9,9,9,9,9,9,9,9,9,9,9,9,9,9,9,9,9,9,9,9],"floor_reached":51,"playtime":2510,"items_purged":[],"score":1581,"play_id":"200a39c5-171c-4238-830f-cca5aaa03cd1","local_time":"20190329210740","is_ascension_mode":true,"campfire_choices":[{"floor":7,"key":"REST"},{"data":"Defragment","floor":11,"key":"SMITH"},{"data":"Dualcast","floor":15,"key":"SMITH"},{"floor":24,"key":"REST"},{"floor":27,"key":"REST"},{"data":"Defragment","floor":29,"key":"SMITH"},{"data":"Loop","floor":32,"key":"SMITH"},{"data":"Doom and Gloom","floor":40,"key":"SMITH"},{"floor":42,"key":"REST"},{"floor":49,"key":"REST"}],"neow_cost":"NONE","seed_source_timestamp":76575638402560,"circlet_count":0,"master_deck":["AscendersBane","Strike_B+1","Strike_B+1","Strike_B+1","Strike_B+1","Defend_B+1","Defend_B+1","Defend_B+1","Defend_B+1","Zap+1","Dualcast+1","Cold Snap","Auto Shields","Ball Lightning+1","Undo","Cold Snap","Defragment+1","Doom and Gloom+1","Amplify+1","Hologram+1","Loop+1","Defragment+1","FTL+1","Amplify+1","White Noise+1","Auto Shields+1","Fission+1","Undo+1","Fusion+1","Seek+1","Coolheaded+1","Coolheaded+1","Conserve Battery+1"],"relics":["Cracked Core","Tiny Chest","Toxic Egg 2","Runic Capacitor","FossilizedHelix","Bird Faced Urn","Ectoplasm","Mercury Hourglass","Boot","Ice Cream","Inserter","Turnip","Matryoshka","Whetstone","Question Card","Regal Pillow","Bronze Scales","Dodecahedron"],"potions_floor_usage":[6,13,22,23,25,31,37,37,44,50,50],"damage_taken":[{"damage":1,"enemies":"Cultist","floor":1,"turns":3},{"damage":6,"enemies":"2 Louse","floor":2,"turns":3},{"damage":10,"enemies":"Small Slimes","floor":4,"turns":3},{"damage":1,"enemies":"Looter","floor":5,"turns":3},{"damage":12,"enemies":"3 Sentries","floor":6,"turns":7},{"damage":6,"enemies":"3 Louse","floor":10,"turns":2},{"damage":2,"enemies":"Lagavulin","floor":13,"turns":6},{"damage":0,"enemies":"The Guardian","floor":16,"turns":11},{"damage":29,"enemies":"2 Thieves","floor":18,"turns":4},{"damage":2,"enemies":"Shell Parasite","floor":19,"turns":7},{"damage":0,"enemies":"Snecko","floor":20,"turns":5},{"damage":10,"enemies":"3 Cultists","floor":22,"turns":5},{"damage":26,"enemies":"Book of Stabbing","floor":23,"turns":6},{"damage":21,"enemies":"Slavers","floor":25,"turns":4},{"damage":0,"enemies":"Chosen and Byrds","floor":31,"turns":5},{"damage":8,"enemies":"Collector","floor":33,"turns":8},{"damage":11,"enemies":"3 Shapes","floor":35,"turns":5},{"damage":11,"enemies":"2 Orb Walkers","floor":37,"turns":4},{"damage":2,"enemies":"Orb Walker","floor":38,"turns":3},{"damage":67,"enemies":"Reptomancer","floor":41,"turns":10},{"damage":35,"enemies":"Giant Head","floor":44,"turns":8},{"damage":22,"enemies":"4 Shapes","floor":45,"turns":4},{"damage":30,"enemies":"Reptomancer","floor":46,"turns":8},{"damage":0,"enemies":"3 Darklings","floor":47,"turns":2},{"damage":0,"enemies":"Jaw Worm Horde","floor":48,"turns":2},{"damage":41,"enemies":"Time Eater","floor":50,"turns":11}],"seed_played":"-1825464073306199957","potions_obtained":[{"floor":4,"key":"GamblersBrew"},{"floor":5,"key":"FocusPotion"},{"floor":13,"key":"PowerPotion"},{"floor":22,"key":"Explosive Potion"},{"floor":25,"key":"Swift Potion"},{"floor":31,"key":"Explosive Potion"},{"floor":33,"key":"Block Potion"},{"floor":41,"key":"AttackPotion"},{"floor":46,"key":"LiquidBronze"},{"floor":47,"key":"Block Potion"}],"is_trial":false,"path_per_floor":["M","M","?","M","M","E","R","$","T","M","R","$","E","?","R","B",null,"M","M","M","$","M","E","R","E","T","R","?","R","?","M","R","B",null,"M","?","?","M","T","R","E","R","T","E","M","E","M","M","R","B",null],"character_chosen":"DEFECT","items_purchased":["AttackPotion","Runic Capacitor","Defragment"],"campfire_rested":5,"item_purchase_floors":[8,12,21],"current_hp_per_floor":[63,57,57,47,46,34,55,55,55,49,49,49,47,47,47,49,66,39,39,43,43,45,25,46,31,31,52,52,52,52,66,66,63,69,64,64,64,70,70,70,36,57,57,40,32,12,22,32,68,37],"gold":9,"neow_bonus":"HUNDRED_GOLD","is_prod":false,"is_daily":false,"chose_seed":false,"campfire_upgraded":5,"win_rate":0,"timestamp":1553911660,"path_taken":["M","M","?","M","M","E","R","$","T","M","R","$","E","?","R","BOSS","M","?","M","$","M","E","R","E","T","R","?","R","?","M","R","BOSS","M","?","?","M","?","R","E","R","T","E","M","E","M","M","R","BOSS"],"build_version":"2019-01-23","purchased_purges":0,"victory":true,"max_hp_per_floor":[71,71,71,71,71,71,71,71,71,71,71,71,71,71,71,71,71,71,71,71,71,71,71,71,71,71,71,71,71,71,71,71,71,71,71,71,71,71,71,71,71,71,71,71,71,71,71,71,71,71],"card_choices":[{"not_picked":["Glacier","Sweeping Beam"],"picked":"Cold Snap","floor":1},{"not_picked":["Stack","Beam Cell"],"picked":"Auto Shields","floor":2},{"not_picked":["Cold Snap","Sweeping Beam"],"picked":"Ball Lightning","floor":4},{"not_picked":["Barrage","Turbo"],"picked":"Undo","floor":5},{"not_picked":["Barrage","Reprogram"],"picked":"Cold Snap","floor":6},{"not_picked":["Ball Lightning","Compile Driver"],"picked":"Defragment","floor":10},{"not_picked":["Rip and Tear","Beam Cell"],"picked":"Doom and Gloom","floor":13},{"not_picked":["Meteor Strike","Multi-Cast+1"],"picked":"Amplify+1","floor":16},{"not_picked":["Leap+1","Turbo+1"],"picked":"Conserve Battery+1","floor":18},{"not_picked":["Go for the Eyes","Stack+1"],"picked":"Hologram+1","floor":19},{"not_picked":["Streamline","Amplify+1"],"picked":"Loop","floor":20},{"not_picked":["Conserve Battery+1","Stack+1"],"picked":"FTL","floor":22},{"not_picked":["Barrage","Blizzard"],"picked":"Amplify+1","floor":23},{"not_picked":["Sweeping Beam","Undo+1"],"picked":"White Noise+1","floor":25},{"not_picked":["Conserve Battery+1","Stack+1"],"picked":"Auto Shields+1","floor":31},{"not_picked":["Rainbow+1","Amplify+1"],"picked":"Fission+1","floor":33},{"not_picked":["Conserve Battery+1","Lockon"],"picked":"Undo+1","floor":35},{"not_picked":["Rebound","Hologram+1"],"picked":"Fusion+1","floor":38},{"not_picked":["Stack+1","Sweeping Beam","Rebound"],"picked":"SKIP","floor":41},{"not_picked":["Cold Snap+1","Hologram+1","Meteor Strike"],"picked":"Seek+1","floor":44},{"not_picked":["Recycle+1","Conserve Battery+1","Consume+1"],"picked":"Coolheaded+1","floor":45},{"not_picked":["Capacitor","Gash+1","Hologram+1","Beam Cell"],"picked":"SKIP","floor":46},{"not_picked":["Doom and Gloom+1","BootSequence+1","Melter+1"],"picked":"Coolheaded+1","floor":47},{"not_picked":["All For One","FTL","Hologram+1"],"picked":"Conserve Battery+1","floor":48}],"player_experience":1189144,"relics_obtained":[{"floor":6,"key":"Tiny Chest"},{"floor":9,"key":"Toxic Egg 2"},{"floor":13,"key":"FossilizedHelix"},{"floor":14,"key":"Bird Faced Urn"},{"floor":23,"key":"Mercury Hourglass"},{"floor":25,"key":"Boot"},{"floor":26,"key":"Ice Cream"},{"floor":37,"key":"Turnip"},{"floor":39,"key":"Matryoshka"},{"floor":41,"key":"Whetstone"},{"floor":43,"key":"Question Card"},{"floor":43,"key":"Regal Pillow"},{"floor":44,"key":"Bronze Scales"},{"floor":46,"key":"Dodecahedron"}],"event_choices":[{"damage_healed":0,"gold_gain":0,"player_choice":"Grow","damage_taken":0,"max_hp_gain":0,"max_hp_loss":0,"event_name":"Living Wall","floor":3,"gold_loss":0,"cards_upgraded":["Zap"]},{"damage_healed":0,"gold_gain":0,"player_choice":"Relic","damage_taken":0,"max_hp_gain":0,"max_hp_loss":0,"event_name":"Wheel of Change","floor":14,"gold_loss":0},{"damage_healed":0,"gold_gain":0,"player_choice":"Simplicity","damage_taken":0,"max_hp_gain":0,"max_hp_loss":0,"event_name":"Back to Basics","floor":28,"gold_loss":0,"cards_upgraded":["Strike_B","Strike_B","Strike_B","Strike_B","Defend_B","Defend_B","Defend_B","Defend_B"]},{"damage_healed":0,"gold_gain":0,"player_choice":"Ignored","damage_taken":0,"max_hp_gain":0,"max_hp_loss":0,"event_name":"The Mausoleum","floor":30,"gold_loss":0},{"cards_removed":["Conserve Battery"],"damage_healed":0,"gold_gain":0,"player_choice":"Removed Skill","damage_taken":0,"max_hp_gain":0,"max_hp_loss":0,"event_name":"Falling","floor":36,"gold_loss":0},{"damage_healed":0,"gold_gain":0,"player_choice":"Fight","damage_taken":0,"max_hp_gain":0,"max_hp_loss":0,"event_name":"Mysterious Sphere","floor":37,"gold_loss":0}],"is_beta":false,"boss_relics":[{"not_picked":["Astrolabe","Runic Dome"],"picked":"Ectoplasm"},{"not_picked":["Busted Crown","Snecko Eye"],"picked":"Inserter"}],"items_purged_floors":[],"is_endless":false,"potions_floor_spawned":[4,5,10,13,22,25,31,33,35,41,46,47,48],"ascension_level":19}