{"gold_per_floor":[109,109,129,140,140,140,155,155,155,155,1,16,26,39,39,110,110,123,38,54,104,115,115],"floor_reached":23,"playtime":869,"items_purged":["Pain"],"score":370,"play_id":"d96539f4-60aa-42d8-beba-244fee4cd3fd","local_time":"20190427203926","is_ascension_mode":true,"campfire_choices":[{"data":"Whirlwind","floor":6,"key":"SMITH"},{"data":"Havoc","floor":8,"key":"SMITH"},{"data":"Clothesline","floor":10,"key":"SMITH"},{"data":"Flex","floor":15,"key":"SMITH"}],"neow_cost":"NONE","seed_source_timestamp":45624420104365,"circlet_count":0,"master_deck":["AscendersBane","Strike_R","Strike_R","Defend_R","Defend_R","Defend_R","Defend_R","Bash+1","Clothesline+1","Whirlwind+1","Havoc+1","Double Tap","Flex+1","Spot Weakness","Iron Wave","Feed","Body Slam+1","Heavy Blade+1","Cleave+1","Inflame","Pommel Strike"],"relics":["Burning Blood","WarpedTongs","Gremlin Horn","Astrolabe","Paper Frog"],"potions_floor_usage":[16,23],"damage_taken":[{"damage":2,"enemies":"2 Louse","floor":1,"turns":3},{"damage":4,"enemies":"Jaw Worm","floor":3,"turns":4},{"damage":6,"enemies":"Cultist","floor":4,"turns":4},{"damage":7,"enemies":"Exordium Wildlife","floor":7,"turns":3},{"damage":4,"enemies":"2 Fungi Beasts","floor":12,"turns":2},{"damage":12,"enemies":"Blue Slaver","floor":13,"turns":4},{"damage":9,"enemies":"Looter","floor":14,"turns":3},{"damage":46,"enemies":"Slime Boss","floor":16,"turns":10},{"damage":32,"enemies":"Shell Parasite","floor":18,"turns":5},{"damage":19,"enemies":"Chosen","floor":20,"turns":4},{"damage":11,"enemies":"Sentry and Sphere","floor":22,"turns":3},{"damage":30,"enemies":"Slavers","floor":23,"turns":2}],"seed_played":"6839013442582994418","potions_obtained":[{"floor":12,"key":"BloodPotion"},{"floor":14,"key":"Block Potion"},{"floor":20,"key":"SpeedPotion"}],"is_trial":false,"path_per_floor":["M","?","M","M","?","R","M","R","T","R","$","M","M","M","R","B",null,"M","?","M","?","M","E"],"character_chosen":"IRONCLAD","items_purchased":["Double Tap"],"campfire_rested":0,"item_purchase_floors":[11],"current_hp_per_floor":[72,72,74,74,74,74,73,73,73,73,73,75,69,66,66,26,63,37,37,24,24,22,0],"gold":115,"neow_bonus":"UPGRADE_CARD","is_prod":false,"is_daily":false,"chose_seed":false,"campfire_upgraded":4,"win_rate":0,"timestamp":1556365166,"path_taken":["M","?","M","M","?","R","M","R","T","R","$","M","?","M","R","BOSS","M","?","M","?","M","E"],"build_version":"2019-01-23","purchased_purges":1,"victory":false,"max_hp_per_floor":[75,75,75,75,75,75,75,75,75,75,75,75,75,75,75,75,75,75,75,75,75,78,78],"card_choices":[{"not_picked":["Havoc","Perfected Strike"],"picked":"Clothesline","floor":1},{"not_picked":["Warcry","Havoc","Rupture"],"picked":"SKIP","floor":3},{"not_picked":["Armaments","Clash"],"picked":"Whirlwind","floor":4},{"not_picked":["Warcry","Reckless Charge"],"picked":"Havoc","floor":7},{"not_picked":["Iron Wave","Clash"],"picked":"Flex","floor":12},{"not_picked":["Flex","Wild Strike"],"picked":"Spot Weakness","floor":13},{"not_picked":["Wild Strike","Perfected Strike"],"picked":"Iron Wave","floor":14},{"not_picked":["Berserk","Immolate"],"picked":"Feed","floor":16},{"not_picked":["Clothesline","Intimidate","Fire Breathing"],"picked":"SKIP","floor":18},{"not_picked":["Clash","Sword Boomerang"],"picked":"Inflame","floor":20},{"not_picked":["Pommel Strike","Cleave","Sword Boomerang+1"],"picked":"SKIP","floor":22},{"not_picked":["Cleave","Sword Boomerang+1"],"picked":"Pommel Strike","floor":22}],"player_experience":1110983,"relics_obtained":[{"floor":9,"key":"Gremlin Horn"}],"event_choices":[{"damage_healed":0,"gold_gain":0,"player_choice":"Ignored","damage_taken":0,"max_hp_gain":0,"max_hp_loss":0,"event_name":"Liars Game","floor":2,"gold_loss":0},{"damage_healed":0,"gold_gain":0,"player_choice":"Rummage","damage_taken":0,"relics_obtained":["WarpedTongs"],"max_hp_gain":0,"max_hp_loss":0,"event_name":"Accursed Blacksmith","floor":5,"gold_loss":0,"cards_obtained":["Pain"]},{"damage_healed":0,"gold_gain":0,"player_choice":"Obtained Relic","damage_taken":0,"relics_obtained":["Paper Frog"],"max_hp_gain":0,"max_hp_loss":0,"event_name":"Addict","floor":19,"gold_loss":85},{"damage_healed":0,"gold_gain":50,"player_choice":"Stole From Cult","damage_taken":0,"max_hp_gain":0,"max_hp_loss":0,"event_name":"Nest","floor":21,"gold_loss":0}],"is_beta":false,"boss_relics":[{"not_picked":["Empty Cage","Runic Dome"],"picked":"Astrolabe"}],"items_purged_floors":[11],"is_endless":false,"potions_floor_spawned":[12,14,20],"killed_by":"Slavers","ascension_level":20}