{"gold_per_floor":[109,120,22,22,37,37,53,81,93,105,140,70,70,91,91,219,219,240,13,13,13,38,38,38,62,362,16,52,73,89,103,103,233,233,248,98,121,71,84,84,128,128,128,142,181,195,195,220,220,220],"floor_reached":51,"playtime":7522,"items_purged":["Strike_R","Strike_R","Armaments","Iron Wave"],"score":731,"play_id":"d7d8811a-767f-456d-bc2d-462c5aef106b","local_time":"20180930124541","is_ascension_mode":false,"campfire_choices":[{"data":"Body Slam","floor":6,"key":"SMITH"},{"data":"Inflame","floor":13,"key":"SMITH"},{"floor":15,"key":"REST"},{"data":"Shrug It Off","floor":23,"key":"SMITH"},{"data":"Barricade","floor":32,"key":"SMITH"},{"data":"Rage","floor":40,"key":"SMITH"},{"data":"Inflame","floor":42,"key":"SMITH"},{"floor":49,"key":"REST"}],"neow_cost":"PERCENT_DAMAGE","seed_source_timestamp":54470703307030,"circlet_count":0,"master_deck":["Strike_R+1","Strike_R+1","Strike_R+1","Defend_R+1","Defend_R+1","Defend_R+1","Defend_R+1","Bash","Body Slam+1","Thunderclap+1","Anger+1","Power Through","Iron Wave+1","Inflame+1","Cleave+1","Anger+1","Reaper+1","Headbutt+1","Rampage+1","Shrug It Off+1","Offering","Shrug It Off","Spot Weakness","Barricade+1","Inflame+1","Anger+1","Body Slam+1","Twin Strike+1","Rage+1","Heavy Blade+1","Intimidate+1","Flex+1","Warcry+1"],"relics":["Black Blood","Molten Egg 2","MawBank","Nunchaku","Golden Idol","Eternal Feather","Old Coin","Red Skull","Pantograph","Paper Frog","Kunai","Incense Burner"],"potions_floor_usage":[28,44,45,50],"damage_taken":[{"damage":1,"enemies":"Cultist","floor":1,"turns":3},{"damage":0,"enemies":"Small Slimes","floor":2,"turns":3},{"damage":2,"enemies":"2 Louse","floor":5,"turns":3},{"damage":0,"enemies":"Gremlin Gang","floor":7,"turns":3},{"damage":37,"enemies":"Lagavulin","floor":8,"turns":7},{"damage":0,"enemies":"Large Slime","floor":11,"turns":4},{"damage":0,"enemies":"Blue Slaver","floor":14,"turns":3},{"damage":61,"enemies":"The Guardian","floor":16,"turns":9},{"damage":15,"enemies":"Shell Parasite","floor":18,"turns":6},{"damage":2,"enemies":"Chosen","floor":22,"turns":3},{"damage":6,"enemies":"Centurion and Healer","floor":25,"turns":5},{"damage":17,"enemies":"Gremlin Leader","floor":28,"turns":6},{"damage":13,"enemies":"Chosen and Byrds","floor":29,"turns":6},{"damage":8,"enemies":"Snecko","floor":30,"turns":6},{"damage":11,"enemies":"Sentry and Sphere","floor":31,"turns":6},{"damage":71,"enemies":"Automaton","floor":33,"turns":9},{"damage":15,"enemies":"3 Darklings","floor":35,"turns":6},{"damage":16,"enemies":"Orb Walker","floor":37,"turns":2},{"damage":48,"enemies":"Transient","floor":39,"turns":5},{"damage":64,"enemies":"Giant Head","floor":41,"turns":7},{"damage":41,"enemies":"Reptomancer","floor":44,"turns":5},{"damage":53,"enemies":"Nemesis","floor":45,"turns":7},{"damage":15,"enemies":"Spire Growth","floor":46,"turns":5},{"damage":29,"enemies":"Sphere and 2 Shapes","floor":48,"turns":5},{"damage":62,"enemies":"Awakened One","floor":50,"turns":13}],"seed_played":"-6055790137838634930","potions_obtained":[{"floor":2,"key":"Block Potion"},{"floor":5,"key":"Dexterity Potion"},{"floor":14,"key":"Weak Potion"},{"floor":18,"key":"Dexterity Potion"},{"floor":25,"key":"FairyPotion"},{"floor":28,"key":"Poison Potion"},{"floor":45,"key":"Poison Potion"},{"floor":48,"key":"Fire Potion"}],"is_trial":false,"path_per_floor":["M","M","$","T","M","R","M","E","T","?","M","$","R","M","R","B",null,"M","$","?","?","M","R","?","M","T","$","E","M","M","M","R","B",null,"M","$","M","$","M","R","E","R","T","M","E","M","?","M","R","B"],"character_chosen":"IRONCLAD","items_purchased":["Iron Wave","Inflame","Cleave+1","Rampage+1","Shrug It Off","Spot Weakness","Red Skull","Heavy Blade+1"],"campfire_rested":2,"item_purchase_floors":[3,12,12,19,19,27,27,38],"current_hp_per_floor":[74,80,80,80,84,84,90,59,59,35,41,41,41,47,75,20,96,87,87,87,87,91,96,96,96,96,96,85,89,95,90,96,31,96,91,91,85,85,59,77,37,55,55,39,34,37,37,29,75,44],"gold":220,"neow_bonus":"TWENTY_PERCENT_HP_BONUS","is_prod":false,"is_daily":false,"chose_seed":false,"campfire_upgraded":6,"win_rate":0.0,"timestamp":1538304341,"path_taken":["M","M","$","?","M","R","M","E","T","?","M","$","R","M","R","BOSS","M","$","?","?","?","R","?","M","T","$","E","?","M","?","R","BOSS","M","$","M","$","M","R","E","R","T","M","E","?","?","M","R","BOSS"],"build_version":"2018-09-27","purchased_purges":4,"victory":true,"max_hp_per_floor":[96,96,96,96,96,96,96,96,96,96,96,96,96,96,96,96,96,96,96,96,96,96,96,96,96,96,96,96,96,96,96,96,96,96,96,96,96,96,96,96,96,96,96,96,96,96,96,96,96,96],"card_choices":[{"not_picked":["Clash","Second Wind"],"picked":"Body Slam","floor":1},{"not_picked":["Whirlwind","Fire Breathing"],"picked":"Armaments","floor":2},{"not_picked":["True Grit","Rupture"],"picked":"Thunderclap+1","floor":5},{"not_picked":["Warcry","Rage"],"picked":"Anger+1","floor":7},{"not_picked":["Double Tap","Brutality"],"picked":"Power Through","floor":8},{"not_picked":["Shrug It Off","Heavy Blade+1"],"picked":"Iron Wave+1","floor":11},{"not_picked":["Iron Wave+1","Seeing Red"],"picked":"Anger+1","floor":14},{"not_picked":["Limit Break","Demon Form"],"picked":"Reaper+1","floor":16},{"not_picked":["Clash+1","Perfected Strike+1"],"picked":"Headbutt+1","floor":18},{"not_picked":["Twin Strike+1","Warcry"],"picked":"Offering","floor":22},{"not_picked":["Thunderclap+1","Pummel+1"],"picked":"Shrug It Off","floor":25},{"not_picked":["Headbutt+1","Twin Strike+1"],"picked":"Barricade","floor":28},{"not_picked":["Seeing Red+1","Warcry"],"picked":"Inflame","floor":29},{"not_picked":["Warcry","Headbutt+1"],"picked":"Anger+1","floor":30},{"not_picked":["Twin Strike+1","Sword Boomerang+1"],"picked":"Body Slam+1","floor":31},{"not_picked":["Armaments","Iron Wave+1"],"picked":"Twin Strike+1","floor":35},{"not_picked":["True Grit","Anger+1"],"picked":"Rage","floor":37},{"not_picked":["Thunderclap+1","Searing Blow+1","Clothesline+1"],"picked":"SKIP","floor":39},{"not_picked":["Perfected Strike+1","Flex"],"picked":"Intimidate+1","floor":41},{"not_picked":["Searing Blow+1","Headbutt+1"],"picked":"Flex+1","floor":44},{"not_picked":["Rupture","Blood for Blood+1","Burning Pact"],"picked":"SKIP","floor":45},{"not_picked":["Burning Pact","Reaper+1","Anger+1"],"picked":"SKIP","floor":46},{"not_picked":["Flex+1","Twin Strike+1"],"picked":"Warcry+1","floor":48}],"player_experience":80585,"relics_obtained":[{"floor":4,"key":"Molten Egg 2"},{"floor":8,"key":"MawBank"},{"floor":9,"key":"Nunchaku"},{"floor":26,"key":"Old Coin"},{"floor":28,"key":"Pantograph"},{"floor":41,"key":"Paper Frog"},{"floor":43,"key":"Kunai"},{"floor":45,"key":"Incense Burner"}],"event_choices":[{"event_name":"Golden Idol","player_choice":"Take Damage","floor":10,"damage_taken":0},{"event_name":"Back to Basics","player_choice":"Simplicity","floor":20,"damage_taken":0},{"event_name":"N\u0027loth","player_choice":"Ignored","floor":21,"damage_taken":0},{"event_name":"Beggar","player_choice":"Ignored","floor":24,"damage_taken":0},{"event_name":"Mysterious Sphere","player_choice":"Ignore","floor":47,"damage_taken":0}],"is_beta":false,"boss_relics":[{"not_picked":["White Beast Statue","Coffee Dripper"],"picked":"Eternal Feather"},{"not_picked":["Sozu","Runic Cube"],"picked":"Black Blood"}],"items_purged_floors":[3,19,27,36],"is_endless":false,"potions_floor_spawned":[2,5,14,18,25,28,30,33,35,39,45,48],"ascension_level":0}