{"gold_per_floor":[112,123,134,154,167,195,195,220,244,258,284,304,304,71,71,149,149,160,160,160,75,175,175,202,202,202,202,221,240,258,86,86,157,157,170,170,184,284,296,325,352,352,378,406,406,438,438,21,21,21],"floor_reached":51,"playtime":2697,"items_purged":["Normality","Decay"],"score":1384,"play_id":"87764f87-11c5-4aeb-8d9e-b37df76181a9","local_time":"20190323144153","is_ascension_mode":true,"campfire_choices":[{"data":"Buffer","floor":7,"key":"SMITH"},{"floor":15,"key":"REST"},{"data":"Steam Power","floor":23,"key":"SMITH"},{"floor":25,"key":"REST"},{"data":"Defragment","floor":27,"key":"SMITH"},{"floor":32,"key":"REST"},{"floor":45,"key":"REST"},{"floor":47,"key":"REST"},{"data":"Defragment","floor":49,"key":"SMITH"}],"neow_cost":"NONE","seed_source_timestamp":46147102609600,"circlet_count":0,"master_deck":["AscendersBane","Strike_B","Strike_B","Defend_B","Defend_B","Defend_B+1","Zap","Dualcast+1","Sweeping Beam","Cold Snap","Beam Cell","Buffer+1","Chill","Glacier","Cold Snap","Double Energy","Double Energy","Electrodynamics","Undo","Creative AI","Steam Power+1","Melter","Fusion","Leap+1","Storm","Defragment+1","Defragment","Loop","Coolheaded+1","Defragment","Conserve Battery+1","Amplify+1","Defragment+1","Flash of Steel","Capacitor","White Noise+1","Parasite","White Noise+1","Sweeping Beam","Go for the Eyes+1","Coolheaded+1","Master of Strategy+1"],"relics":["Cracked Core","Question Card","Dream Catcher","Happy Flower","Potion Belt","Cursed Key","Strawberry","Calipers","Meat on the Bone","WingedGreaves","Toxic Egg 2","Black Star","Girya","Smiling Mask","Orichalcum","Boot","Ornamental Fan","PreservedInsect","Blood Vial","FossilizedHelix","Shuriken","Bottled Tornado","Bag of Preparation"],"potions_floor_usage":[5,6,8,16,16,22,22,30,50,50,50],"damage_taken":[{"damage":0,"enemies":"Cultist","floor":1,"turns":3},{"damage":0,"enemies":"2 Louse","floor":2,"turns":2},{"damage":0,"enemies":"Small Slimes","floor":3,"turns":3},{"damage":0,"enemies":"3 Louse","floor":4,"turns":4},{"damage":11,"enemies":"Large Slime","floor":5,"turns":8},{"damage":13,"enemies":"Lagavulin","floor":6,"turns":6},{"damage":9,"enemies":"3 Sentries","floor":8,"turns":8},{"damage":0,"enemies":"Exordium Wildlife","floor":10,"turns":3},{"damage":16,"enemies":"Gremlin Nob","floor":11,"turns":5},{"damage":0,"enemies":"3 Louse","floor":12,"turns":2},{"damage":38,"enemies":"Hexaghost","floor":16,"turns":11},{"damage":10,"enemies":"2 Thieves","floor":18,"turns":5},{"damage":1,"enemies":"Colosseum Slavers","floor":22,"turns":3},{"damage":11,"enemies":"Colosseum Nobs","floor":22,"turns":5},{"damage":20,"enemies":"Slavers","floor":24,"turns":7},{"damage":9,"enemies":"Chosen","floor":28,"turns":6},{"damage":37,"enemies":"Shelled Parasite and Fungi","floor":29,"turns":8},{"damage":21,"enemies":"3 Cultists","floor":30,"turns":6},{"damage":48,"enemies":"Champ","floor":33,"turns":8},{"damage":0,"enemies":"3 Shapes","floor":35,"turns":3},{"damage":0,"enemies":"Orb Walker","floor":37,"turns":6},{"damage":0,"enemies":"Mind Bloom Boss Battle","floor":38,"turns":5},{"damage":9,"enemies":"Writhing Mass","floor":39,"turns":5},{"damage":28,"enemies":"Nemesis","floor":40,"turns":9},{"damage":0,"enemies":"Reptomancer","floor":41,"turns":5},{"damage":8,"enemies":"Giant Head","floor":44,"turns":5},{"damage":11,"enemies":"Reptomancer","floor":46,"turns":6},{"damage":14,"enemies":"Time Eater","floor":50,"turns":9}],"seed_played":"-2018267706496798425","potions_obtained":[{"floor":2,"key":"Block Potion"},{"floor":3,"key":"Weak Potion"},{"floor":6,"key":"PowerPotion"},{"floor":12,"key":"Poison Potion"},{"floor":16,"key":"FocusPotion"},{"floor":18,"key":"SteroidPotion"},{"floor":28,"key":"Energy Potion"},{"floor":29,"key":"Strength Potion"},{"floor":38,"key":"EssenceOfSteel"},{"floor":39,"key":"Fire Potion"},{"floor":41,"key":"Energy Potion"}],"is_trial":false,"path_per_floor":["M","M","M","M","M","E","R","E","T","M","E","M","?","$","R","B",null,"M","?","?","?","?","R","E","R","T","R","M","M","M","$","R","B",null,"M","?","M","?","M","E","E","?","T","E","R","E","R","$","R","B",null],"character_chosen":"DEFECT","items_purchased":["Electrodynamics","Regen Potion","Defragment","Conserve Battery+1","Bag of Preparation","Master of Strategy+1","PowerPotion"],"campfire_rested":5,"item_purchase_floors":[14,14,31,31,48,48,48],"current_hp_per_floor":[75,75,75,75,64,51,51,42,42,42,26,26,10,10,34,11,64,54,81,81,88,76,76,56,82,82,82,73,48,39,39,65,29,74,74,74,74,74,65,49,49,49,49,53,79,70,89,89,89,75],"gold":21,"neow_bonus":"TEN_PERCENT_HP_BONUS","is_prod":false,"is_daily":false,"chose_seed":false,"campfire_upgraded":4,"win_rate":0,"timestamp":1553370113,"path_taken":["M","M","M","M","M","E","R","E","T","?","E","M","?","$","R","BOSS","M","?","?","?","?","R","E","R","T","R","M","M","M","$","R","BOSS","M","?","M","?","M","E","E","?","T","E","R","E","R","$","R","BOSS"],"build_version":"2019-01-23","purchased_purges":2,"victory":true,"max_hp_per_floor":[82,82,82,82,82,82,82,82,82,82,82,82,82,82,82,82,82,82,82,82,89,89,89,89,89,89,89,89,89,89,89,89,89,89,89,89,89,89,89,89,89,89,89,89,89,89,89,89,89,89],"card_choices":[{"not_picked":["Rebound","Conserve Battery"],"picked":"Sweeping Beam","floor":1},{"not_picked":["Redo","Compile Driver"],"picked":"Cold Snap","floor":2},{"not_picked":["Sweeping Beam","Rebound"],"picked":"Beam Cell","floor":3},{"not_picked":["Streamline","Redo"],"picked":"Buffer","floor":4},{"not_picked":["Cold Snap","Double Energy"],"picked":"Chill","floor":5},{"not_picked":["Cold Snap","Force Field"],"picked":"Glacier","floor":6},{"not_picked":["Hologram","Steam Power","Ball Lightning"],"picked":"Cold Snap","floor":8},{"not_picked":["Compile Driver","Reprogram","Leap"],"picked":"Double Energy","floor":10},{"not_picked":["Meteor Strike","Rebound","Hello World","Gash"],"picked":"SKIP","floor":11},{"not_picked":["Heatsinks","Genetic Algorithm","Streamline"],"picked":"Double Energy","floor":12},{"not_picked":["Gash","Chill","Redo"],"picked":"Undo","floor":15},{"not_picked":["Seek","Reboot","Rainbow"],"picked":"Creative AI","floor":16},{"not_picked":["Beam Cell","Conserve Battery","Gash"],"picked":"Steam Power","floor":18},{"not_picked":["Coolheaded","Heatsinks","Reinforced Body"],"picked":"Leap+1","floor":22},{"not_picked":["Turbo","Cold Snap","Blizzard"],"picked":"Storm","floor":24},{"not_picked":["Stack","Fusion","Cold Snap"],"picked":"Defragment","floor":25},{"not_picked":["Heatsinks","Beam Cell+1","Steam+1"],"picked":"Defragment","floor":28},{"not_picked":["Chaos+1","Reprogram+1","Streamline"],"picked":"Loop","floor":29},{"not_picked":["All For One","Gash","Compile Driver"],"picked":"Coolheaded+1","floor":30},{"not_picked":["Rainbow+1","Meteor Strike","Electrodynamics"],"picked":"Amplify+1","floor":33},{"not_picked":["Cold Snap","Ball Lightning","Streamline+1"],"picked":"Defragment","floor":35},{"not_picked":["Panacea+1","Impatience+1","Dramatic Entrance"],"picked":"Flash of Steel","floor":36},{"not_picked":["Steam+1","Ball Lightning+1","Force Field+1"],"picked":"Capacitor","floor":37},{"not_picked":["Steam+1","Ball Lightning","Reinforced Body+1"],"picked":"White Noise+1","floor":38},{"not_picked":["Hologram+1","Core Surge","Force Field+1"],"picked":"White Noise+1","floor":39},{"not_picked":["Self Repair","Loop","Creative AI"],"picked":"Sweeping Beam","floor":40},{"not_picked":["Reprogram+1","Steam+1","Sweeping Beam","Chill+1"],"picked":"SKIP","floor":41},{"not_picked":["Ball Lightning+1","Meteor Strike","Hologram+1","Cold Snap+1"],"picked":"SKIP","floor":44},{"not_picked":["Force Field+1","Hologram+1","Lockon"],"picked":"Go for the Eyes+1","floor":45},{"not_picked":["Ball Lightning","Machine Learning","Redo+1","Compile Driver"],"picked":"SKIP","floor":46},{"not_picked":["Steam+1","Beam Cell","Stack+1"],"picked":"Coolheaded+1","floor":47}],"player_experience":1136792,"relics_obtained":[{"floor":6,"key":"Question Card"},{"floor":8,"key":"Dream Catcher"},{"floor":9,"key":"Happy Flower"},{"floor":11,"key":"Potion Belt"},{"floor":22,"key":"Calipers"},{"floor":22,"key":"Meat on the Bone"},{"floor":24,"key":"WingedGreaves"},{"floor":26,"key":"Toxic Egg 2"},{"floor":38,"key":"Girya"},{"floor":40,"key":"Smiling Mask"},{"floor":40,"key":"Orichalcum"},{"floor":41,"key":"Boot"},{"floor":41,"key":"Ornamental Fan"},{"floor":43,"key":"PreservedInsect"},{"floor":44,"key":"Blood Vial"},{"floor":44,"key":"FossilizedHelix"},{"floor":46,"key":"Shuriken"},{"floor":46,"key":"Bottled Tornado"}],"event_choices":[{"damage_healed":0,"gold_gain":0,"player_choice":"Entered Light","damage_taken":16,"max_hp_gain":0,"max_hp_loss":0,"event_name":"Shining Light","floor":13,"gold_loss":0,"cards_upgraded":["Dualcast","Defend_B"]},{"damage_healed":27,"gold_gain":0,"player_choice":"Heal","damage_taken":0,"max_hp_gain":0,"max_hp_loss":0,"event_name":"The Library","floor":19,"gold_loss":0},{"damage_healed":0,"gold_gain":0,"cards_transformed":["Strike_B","Strike_B"],"player_choice":"Became Test Subject","damage_taken":0,"max_hp_gain":0,"max_hp_loss":0,"event_name":"Drug Dealer","floor":20,"gold_loss":0,"cards_obtained":["Melter","Fusion"]},{"damage_healed":0,"gold_gain":0,"player_choice":"Obtained Relic","damage_taken":0,"relics_obtained":["Strawberry"],"max_hp_gain":0,"max_hp_loss":0,"event_name":"Addict","floor":21,"gold_loss":85},{"damage_healed":0,"gold_gain":0,"player_choice":"Fight","damage_taken":0,"max_hp_gain":0,"max_hp_loss":0,"event_name":"Colosseum","floor":22,"gold_loss":0},{"damage_healed":0,"gold_gain":0,"player_choice":"Fought Nobs","damage_taken":0,"max_hp_gain":0,"max_hp_loss":0,"event_name":"Colosseum","floor":22,"gold_loss":0},{"damage_healed":0,"gold_gain":0,"player_choice":"Memory 1","damage_taken":0,"max_hp_gain":0,"max_hp_loss":0,"event_name":"SensoryStone","floor":36,"gold_loss":0},{"damage_healed":0,"gold_gain":0,"player_choice":"Fight","damage_taken":0,"max_hp_gain":0,"max_hp_loss":0,"event_name":"MindBloom","floor":38,"gold_loss":0},{"cards_removed":["Defend_B"],"damage_healed":0,"gold_gain":0,"player_choice":"Removed Skill","damage_taken":0,"max_hp_gain":0,"max_hp_loss":0,"event_name":"Falling","floor":42,"gold_loss":0}],"is_beta":false,"boss_relics":[{"not_picked":["Sozu","Philosopher\u0027s Stone"],"picked":"Cursed Key"},{"not_picked":["Snecko Eye","FrozenCore"],"picked":"Black Star"}],"items_purged_floors":[31,48],"is_endless":false,"potions_floor_spawned":[2,3,6,12,16,18,28,29,38,39,41],"ascension_level":13}