{"gold_per_floor":[109,119,294,1,18,49,49,49,75,75,75,87,87,16,16,118,118,132,132,144,20,20,20,20],"floor_reached":24,"playtime":1652,"items_purged":["Doubt","Strike_B"],"score":192,"play_id":"d0160b63-4d2d-4eb1-967b-23b5a66a066c","local_time":"20180930132411","is_ascension_mode":false,"campfire_choices":[{"data":"Steam","floor":7,"key":"SMITH"},{"data":"Fusion","floor":11,"key":"SMITH"},{"data":"Steam","floor":15,"key":"SMITH"},{"data":"Doom and Gloom","floor":23,"key":"SMITH"}],"neow_cost":"","seed_source_timestamp":62682821054619,"circlet_count":0,"master_deck":["Strike_B","Strike_B","Defend_B","Defend_B","Defend_B","Zap","Dualcast","Steam+1","Leap","Doom and Gloom+1","Steam+1","Dramatic Entrance","Sweeping Beam","Capacitor","Deep Breath","Fusion+1","Coolheaded","Sweeping Beam+1","Redo","All For One+1","Static Discharge+1","Beam Cell+1","Barrage+1"],"relics":["Cracked Core","Bronze Scales","Blood Vial","Molten Egg 2","Inserter","MutagenicStrength"],"potions_floor_usage":[16,16,24,24],"damage_taken":[{"damage":0,"enemies":"Small Slimes","floor":1,"turns":2},{"damage":9,"enemies":"2 Louse","floor":2,"turns":3},{"damage":2,"enemies":"Jaw Worm","floor":5,"turns":3},{"damage":2,"enemies":"Lagavulin","floor":6,"turns":6},{"damage":1,"enemies":"3 Louse","floor":12,"turns":2},{"damage":56,"enemies":"Slime Boss","floor":16,"turns":10},{"damage":14,"enemies":"Spheric Guardian","floor":18,"turns":4},{"damage":20,"enemies":"2 Thieves","floor":20,"turns":2},{"damage":45,"enemies":"Book of Stabbing","floor":24,"turns":5}],"seed_played":"6987805966480208096","potions_obtained":[{"floor":1,"key":"Regen Potion"},{"floor":2,"key":"LiquidBronze"},{"floor":16,"key":"SteroidPotion"},{"floor":20,"key":"Explosive Potion"}],"is_trial":false,"path_per_floor":["M","M","?","$","M","E","R","?","T","?","R","M","T","$","R","B",null,"M","?","M","$","?","R"],"character_chosen":"DEFECT","items_purchased":["Doom and Gloom","Steam","Dramatic Entrance","Sweeping Beam+1","Redo","Barrage+1"],"campfire_rested":0,"item_purchase_floors":[4,4,4,14,14,21],"current_hp_per_floor":[75,66,66,66,64,62,62,62,62,62,62,63,63,63,63,24,75,61,61,43,43,43,43,0],"gold":20,"neow_bonus":"","is_prod":false,"is_daily":false,"chose_seed":false,"campfire_upgraded":4,"win_rate":0.0,"timestamp":1538306651,"path_taken":["M","M","?","$","M","E","R","?","T","?","R","M","?","?","R","BOSS","M","?","M","$","?","R","E"],"build_version":"2018-09-27","purchased_purges":2,"victory":false,"max_hp_per_floor":[75,75,75,75,75,75,75,75,75,75,75,75,75,75,75,75,75,75,75,75,75,75,75,75],"card_choices":[{"not_picked":["Consume","Beam Cell"],"picked":"Steam","floor":1},{"not_picked":["Rip and Tear","Reprogram"],"picked":"Leap","floor":2},{"not_picked":["Cold Snap","Heatsinks"],"picked":"Sweeping Beam","floor":5},{"not_picked":["Multi-Cast","Loop"],"picked":"Capacitor","floor":6},{"not_picked":["Steam Power","Beam Cell"],"picked":"Coolheaded","floor":12},{"not_picked":["Echo Form","Machine Learning"],"picked":"All For One+1","floor":16},{"not_picked":["Beam Cell+1","Compile Driver+1"],"picked":"Static Discharge+1","floor":18},{"not_picked":["Steam","Static Discharge"],"picked":"Beam Cell+1","floor":20}],"player_experience":88716,"relics_obtained":[{"floor":6,"key":"Bronze Scales"},{"floor":9,"key":"Blood Vial"},{"floor":13,"key":"Molten Egg 2"}],"event_choices":[{"event_name":"Liars Game","player_choice":"agreed","floor":3,"damage_taken":0},{"event_name":"Match and Keep!","player_choice":"2 cards matched","floor":8,"damage_taken":0},{"event_name":"Living Wall","player_choice":"Forget","floor":10,"damage_taken":0},{"event_name":"Drug Dealer","player_choice":"Inject Mutagens","floor":19,"damage_taken":0},{"event_name":"Purifier","player_choice":"One Purge","floor":22,"damage_taken":0}],"is_beta":false,"boss_relics":[{"not_picked":["Empty Cage","Sozu"],"picked":"Inserter"}],"items_purged_floors":[4,21],"is_endless":false,"potions_floor_spawned":[1,2,16,20],"killed_by":"Book of Stabbing","ascension_level":0}