{"gold_per_floor":[119,194,194,214,214,249,249,10,65,84,119,119,129,146,146,241,241,257,147,165,178,205,205,280,280,330,346,374,391,391,404,404,504,504,524,799,811,811,824,824,841,841,841,841,89,89,189,200,200,200,200,200,15,40,40],"floor_reached":56,"playtime":2746,"items_purged":["Strike_B","Regret"],"score":1177,"play_id":"b703a4fe-ebfd-4754-9262-3ab075daf3db","local_time":"20190423205227","is_ascension_mode":false,"campfire_choices":[{"data":"Zap","floor":7,"key":"SMITH"},{"data":"Loop","floor":12,"key":"SMITH"},{"data":"Creative AI","floor":15,"key":"SMITH"},{"data":"Biased Cognition","floor":23,"key":"SMITH"},{"data":"Dualcast","floor":25,"key":"SMITH"},{"floor":30,"key":"REST"},{"floor":32,"key":"REST"},{"data":"Heatsinks","floor":40,"key":"SMITH"},{"data":"Conserve Battery","floor":42,"key":"SMITH"},{"floor":44,"key":"REST"},{"floor":49,"key":"RECALL"},{"data":"Thunder Strike","floor":52,"key":"SMITH"}],"neow_cost":"NONE","seed_source_timestamp":5491339073847,"circlet_count":0,"master_deck":["Strike_B","Strike_B+1","Defend_B","Zap+1","Dualcast+1","Conserve Battery+1","Tempest+1","Glacier+1","Loop+1","Cold Snap+1","Creative AI+1","Redo+1","Force Field+1","Biased Cognition+1","Recycle+1","Heatsinks+1","Barrage","Conserve Battery+1","Redo+1","Redo+1","Force Field+1","Rainbow+1","Tempest+1","Chill+1","White Noise+1","Tempest+1","Thunder Strike+1","Defragment","Deep Breath+1","Buffer","Meteor Strike"],"relics":["Cracked Core","NeowsBlessing","Toxic Egg 2","Orichalcum","ClockworkSouvenir","Tiny Chest","Whetstone","Runic Dome","Red Mask","Dodecahedron","Strawberry","Anchor","Empty Cage","Unceasing Top","StoneCalendar","DataDisk"],"potions_floor_usage":[13,22,22,39,50,50,54,55],"damage_taken":[{"damage":0,"enemies":"2 Louse","floor":1,"turns":1},{"damage":0,"enemies":"Jaw Worm","floor":4,"turns":1},{"damage":0,"enemies":"Lagavulin","floor":6,"turns":1},{"damage":0,"enemies":"Small Slimes","floor":10,"turns":3},{"damage":12,"enemies":"Gremlin Nob","floor":11,"turns":4},{"damage":1,"enemies":"Red Slaver","floor":13,"turns":4},{"damage":6,"enemies":"Lots of Slimes","floor":14,"turns":2},{"damage":10,"enemies":"Hexaghost","floor":16,"turns":10},{"damage":9,"enemies":"2 Thieves","floor":18,"turns":3},{"damage":6,"enemies":"Spheric Guardian","floor":20,"turns":4},{"damage":15,"enemies":"Centurion and Healer","floor":21,"turns":5},{"damage":4,"enemies":"Masked Bandits","floor":22,"turns":4},{"damage":9,"enemies":"Snecko","floor":27,"turns":4},{"damage":4,"enemies":"Book of Stabbing","floor":28,"turns":6},{"damage":9,"enemies":"Snake Plant","floor":29,"turns":4},{"damage":0,"enemies":"Chosen and Byrds","floor":31,"turns":8},{"damage":26,"enemies":"Collector","floor":33,"turns":13},{"damage":0,"enemies":"3 Shapes","floor":35,"turns":4},{"damage":0,"enemies":"3 Darklings","floor":37,"turns":6},{"damage":0,"enemies":"Transient","floor":39,"turns":5},{"damage":1,"enemies":"Jaw Worm Horde","floor":41,"turns":3},{"damage":0,"enemies":"Mind Bloom Boss Battle","floor":47,"turns":5},{"damage":0,"enemies":"Spire Growth","floor":48,"turns":4},{"damage":30,"enemies":"Awakened One","floor":50,"turns":6},{"damage":42,"enemies":"Shield and Spear","floor":54,"turns":8},{"damage":26,"enemies":"The Heart","floor":55,"turns":6}],"seed_played":"6889009085821161150","potions_obtained":[{"floor":10,"key":"AttackPotion"},{"floor":11,"key":"Block Potion"},{"floor":14,"key":"AttackPotion"},{"floor":16,"key":"Energy Potion"},{"floor":22,"key":"LiquidBronze"},{"floor":28,"key":"Fire Potion"}],"is_trial":false,"path_per_floor":["M","?","T","M","?","E","R","$","T","M","E","R","M","M","R","B",null,"M","$","M","M","?","R","T","R","T","M","E","M","R","M","R","B",null,"M","?","M","?","M","R","M","R","T","R","$","?","?","M","R","B",null,"R","$","E","B",null],"character_chosen":"DEFECT","items_purchased":["ClockworkSouvenir","Loop","Heatsinks","Unceasing Top","Tempest+1","Thunder Strike","Defragment","FocusPotion","Buffer","Block Potion"],"campfire_rested":3,"item_purchase_floors":[8,8,19,45,45,45,45,45,53,53],"current_hp_per_floor":[75,64,64,64,64,64,64,64,64,64,52,52,51,45,45,35,75,66,66,60,45,41,41,41,41,48,39,35,26,50,50,74,48,82,82,82,82,82,82,82,81,81,81,82,82,82,82,82,82,52,82,82,82,40,14],"gold":40,"neow_bonus":"THREE_ENEMY_KILL","is_prod":false,"is_daily":false,"chose_seed":false,"campfire_upgraded":8,"win_rate":0,"timestamp":1556023947,"path_taken":["M","?","?","M","?","E","R","$","T","M","E","R","?","M","R","BOSS","M","?","?","M","?","R","?","R","T","?","E","M","R","M","R","BOSS","M","?","?","?","M","R","M","R","T","R","$","?","?","M","R","BOSS","R","$","E","BOSS"],"build_version":"2019-01-23","purchased_purges":2,"victory":true,"max_hp_per_floor":[75,75,75,75,75,75,75,75,75,75,75,75,75,75,75,75,75,75,75,75,75,75,75,75,75,82,82,82,82,82,82,82,82,82,82,82,82,82,82,82,82,82,82,82,82,82,82,82,82,82,82,82,82,82,82],"card_choices":[{"not_picked":["Sweeping Beam","Chill"],"picked":"Conserve Battery","floor":1},{"not_picked":["Leap+1","Aggregate+1"],"picked":"Tempest+1","floor":4},{"not_picked":["Ball Lightning","Stack+1"],"picked":"Glacier+1","floor":6},{"not_picked":["Static Discharge","Stack+1"],"picked":"Cold Snap","floor":10},{"not_picked":["Gash","Self Repair"],"picked":"Creative AI","floor":11},{"not_picked":["Ball Lightning","Turbo+1"],"picked":"Redo+1","floor":13},{"not_picked":["Streamline","Cold Snap"],"picked":"Force Field+1","floor":14},{"not_picked":["Machine Learning","Core Surge"],"picked":"Biased Cognition","floor":16},{"not_picked":["Gash","Compile Driver"],"picked":"Recycle+1","floor":18},{"not_picked":["Leap+1","Streamline","Steam+1"],"picked":"SKIP","floor":20},{"not_picked":["FTL","Stack+1"],"picked":"Barrage","floor":21},{"not_picked":["Doom and Gloom","Gash"],"picked":"Conserve Battery+1","floor":22},{"not_picked":["Consume+1","Darkness+1"],"picked":"Redo+1","floor":27},{"not_picked":["Steam+1","Hello World","Heatsinks"],"picked":"SKIP","floor":28},{"not_picked":["Leap+1","Compile Driver+1"],"picked":"Redo+1","floor":29},{"not_picked":["BootSequence+1","Conserve Battery+1"],"picked":"Force Field+1","floor":31},{"not_picked":["Reboot+1","Hyperbeam"],"picked":"Rainbow+1","floor":33},{"not_picked":["Melter","Coolheaded+1"],"picked":"Tempest+1","floor":35},{"not_picked":["Ball Lightning+1","Steam+1"],"picked":"Chill+1","floor":37},{"not_picked":["Beam Cell+1","Genetic Algorithm+1"],"picked":"White Noise+1","floor":39},{"not_picked":["Gash+1","Beam Cell+1","Compile Driver+1"],"picked":"SKIP","floor":41},{"not_picked":["Forethought+1","Thinking Ahead+1"],"picked":"Deep Breath+1","floor":46},{"not_picked":["Ball Lightning","Self Repair","Rebound"],"picked":"SKIP","floor":48},{"not_picked":["Hologram+1","Cold Snap+1"],"picked":"Meteor Strike","floor":54}],"player_experience":467585,"relics_obtained":[{"floor":3,"key":"Toxic Egg 2"},{"floor":6,"key":"Orichalcum"},{"floor":9,"key":"Tiny Chest"},{"floor":11,"key":"Whetstone"},{"floor":22,"key":"Red Mask"},{"floor":24,"key":"Dodecahedron"},{"floor":26,"key":"Strawberry"},{"floor":28,"key":"Anchor"},{"floor":47,"key":"StoneCalendar"},{"floor":54,"key":"DataDisk"}],"event_choices":[{"damage_healed":0,"gold_gain":75,"player_choice":"Gather Gold","damage_taken":11,"max_hp_gain":0,"max_hp_loss":0,"event_name":"World of Goop","floor":2,"gold_loss":0},{"cards_removed":["Strike_B"],"damage_healed":0,"gold_gain":0,"player_choice":"Purged","damage_taken":0,"max_hp_gain":0,"max_hp_loss":0,"event_name":"Purifier","floor":5,"gold_loss":0},{"damage_healed":0,"gold_gain":0,"player_choice":"Fought Bandits","damage_taken":0,"max_hp_gain":0,"max_hp_loss":0,"event_name":"Masked Bandits","floor":22,"gold_loss":0},{"damage_healed":0,"gold_gain":275,"player_choice":"Desecrate","damage_taken":0,"max_hp_gain":0,"max_hp_loss":0,"event_name":"Golden Shrine","floor":36,"gold_loss":0,"cards_obtained":["Regret"]},{"cards_removed":["Defend_B"],"damage_healed":0,"gold_gain":0,"player_choice":"Removed Skill","damage_taken":0,"max_hp_gain":0,"max_hp_loss":0,"event_name":"Falling","floor":38,"gold_loss":0},{"damage_healed":0,"gold_gain":0,"player_choice":"Memory 1","damage_taken":0,"max_hp_gain":0,"max_hp_loss":0,"event_name":"SensoryStone","floor":46,"gold_loss":0},{"damage_healed":0,"gold_gain":0,"player_choice":"Fight","damage_taken":0,"max_hp_gain":0,"max_hp_loss":0,"event_name":"MindBloom","floor":47,"gold_loss":0}],"is_beta":false,"boss_relics":[{"not_picked":["Orrery","Velvet Choker"],"picked":"Runic Dome"},{"not_picked":["Inserter","Snecko Eye"],"picked":"Empty Cage"}],"items_purged_floors":[19,45],"is_endless":false,"potions_floor_spawned":[10,11,14,16,18,21,22,28,31,37],"ascension_level":0}