{"gold_per_floor":[119,119,137,148,30,30,52,79,79,79,90,90,108,183,183,255,255,272,283,294,15,30,30,56,68,116,116,30,49,65,75,75,152,152,166,33,33,52,71,100,116,116,140,240,240,240,257,290,290,290,290],"floor_reached":51,"playtime":4446,"items_purged":["Strike_G"],"score":1412,"play_id":"e49b7ea7-46ea-49e5-ba03-6a07b8d84b4d","local_time":"20190425224937","is_ascension_mode":true,"campfire_choices":[{"data":"Neutralize","floor":6,"key":"SMITH"},{"data":"Adrenaline","floor":10,"key":"SMITH"},{"data":"Cloak And Dagger","floor":12,"key":"SMITH"},{"data":"Deadly Poison","floor":15,"key":"SMITH"},{"floor":23,"key":"REST"},{"data":"Adrenaline","floor":27,"key":"SMITH"},{"floor":32,"key":"REST"},{"floor":45,"key":"RECALL"},{"floor":49,"key":"REST"}],"neow_cost":"NONE","seed_source_timestamp":26270442338848,"circlet_count":0,"master_deck":["AscendersBane","Survivor","Neutralize+1","Poisoned Stab","PiercingWail","Adrenaline+1","Backstab","Deadly Poison+1","Cloak And Dagger+1","PiercingWail","Adrenaline+1","Catalyst","Finisher","Slice","Sucker Punch","Unload","Concentrate","Accuracy","Terror","Caltrops","Cloak And Dagger+1","Cloak And Dagger","Dagger Spray","Well Laid Plans","Dash","PiercingWail","Cloak And Dagger","Die Die Die","Infinite Blades","After Image","Blur","Blur","Deflect+1","Burst","Clumsy","After Image","Acrobatics+1"],"relics":["Ring of the Snake","NeowsBlessing","Mango","Odd Mushroom","Shuriken","Bottled Lightning","Pandora\u0027s Box","PreservedInsect","Meat on the Bone","Happy Flower","Cursed Key","The Courier","Peace Pipe","Snake Skull"],"potions_floor_usage":[16,18,33,50,50],"damage_taken":[{"damage":0,"enemies":"Cultist","floor":1,"turns":1},{"damage":0,"enemies":"Small Slimes","floor":3,"turns":1},{"damage":0,"enemies":"Jaw Worm","floor":4,"turns":1},{"damage":0,"enemies":"The Mushroom Lair","floor":7,"turns":6},{"damage":25,"enemies":"Lagavulin","floor":8,"turns":7},{"damage":3,"enemies":"3 Louse","floor":11,"turns":3},{"damage":0,"enemies":"2 Fungi Beasts","floor":13,"turns":2},{"damage":20,"enemies":"The Guardian","floor":16,"turns":11},{"damage":18,"enemies":"Shell Parasite","floor":18,"turns":4},{"damage":0,"enemies":"3 Byrds","floor":19,"turns":4},{"damage":29,"enemies":"Cultist and Chosen","floor":20,"turns":6},{"damage":0,"enemies":"Snake Plant","floor":22,"turns":3},{"damage":20,"enemies":"Slavers","floor":24,"turns":4},{"damage":3,"enemies":"Centurion and Healer","floor":25,"turns":4},{"damage":29,"enemies":"Snecko","floor":29,"turns":5},{"damage":3,"enemies":"Snake Plant","floor":30,"turns":4},{"damage":19,"enemies":"Shelled Parasite and Fungi","floor":31,"turns":5},{"damage":1,"enemies":"Collector","floor":33,"turns":3},{"damage":6,"enemies":"Orb Walker","floor":35,"turns":3},{"damage":8,"enemies":"3 Shapes","floor":38,"turns":7},{"damage":18,"enemies":"Sphere and 2 Shapes","floor":39,"turns":6},{"damage":41,"enemies":"Nemesis","floor":40,"turns":7},{"damage":6,"enemies":"4 Shapes","floor":41,"turns":11},{"damage":0,"enemies":"Mind Bloom Boss Battle","floor":44,"turns":5},{"damage":0,"enemies":"Jaw Worm Horde","floor":47,"turns":5},{"damage":38,"enemies":"Reptomancer","floor":48,"turns":6},{"damage":52,"enemies":"Awakened One","floor":50,"turns":18},{"damage":26,"enemies":"Donu and Deca","floor":51,"turns":2}],"seed_played":"-6077069460287147160","potions_obtained":[{"floor":7,"key":"Ancient Potion"},{"floor":8,"key":"Poison Potion"},{"floor":16,"key":"SteroidPotion"},{"floor":18,"key":"Fruit Juice"},{"floor":19,"key":"GhostInAJar"},{"floor":33,"key":"Block Potion"},{"floor":39,"key":"Strength Potion"},{"floor":44,"key":"Swift Potion"},{"floor":47,"key":"PowerPotion"}],"is_trial":false,"path_per_floor":["M","T","M","M","$","R","?","E","T","R","M","R","M","?","R","B",null,"M","M","M","$","M","R","E","M","T","R","$","M","M","M","R","B",null,"M","$","?","M","M","E","M","?","T","?","R","?","M","E","R","B","B"],"character_chosen":"THE_SILENT","items_purchased":["Backstab","PreservedInsect","Well Laid Plans","Dash","Infinite Blades","Fire Potion","Blur"],"campfire_rested":3,"item_purchase_floors":[5,21,21,21,28,36,36],"current_hp_per_floor":[59,73,73,73,73,73,73,48,48,48,45,45,45,34,34,14,64,51,51,22,22,22,47,27,36,36,36,36,19,28,21,46,45,75,69,69,85,77,59,30,36,70,70,70,70,70,70,44,65,25,0],"gold":290,"neow_bonus":"THREE_ENEMY_KILL","is_prod":false,"is_daily":false,"chose_seed":false,"campfire_upgraded":5,"win_rate":0,"timestamp":1556200177,"path_taken":["M","?","M","M","$","R","?","E","T","R","M","R","M","?","R","BOSS","M","M","M","$","M","R","E","M","T","R","$","M","M","M","R","BOSS","M","$","?","M","?","E","M","?","T","?","R","?","M","E","R","BOSS","BOSS"],"build_version":"2019-01-23","purchased_purges":1,"victory":false,"max_hp_per_floor":[66,80,80,80,80,80,80,80,80,80,80,80,80,80,80,80,80,85,85,85,85,85,85,85,85,85,85,85,85,85,85,85,85,85,85,85,85,85,85,85,85,70,70,70,70,70,70,70,70,70,70],"card_choices":[{"not_picked":["Bane","Dagger Throw"],"picked":"Poisoned Stab","floor":1},{"not_picked":["Dagger Throw","Dagger Spray"],"picked":"PiercingWail","floor":3},{"not_picked":["Endless Agony","Crippling Poison"],"picked":"Adrenaline","floor":4},{"not_picked":["Deflect","Flying Knee"],"picked":"Deadly Poison","floor":7},{"not_picked":["Slice","Deadly Poison","Concentrate"],"picked":"SKIP","floor":8},{"not_picked":["Concentrate","Heel Hook"],"picked":"Cloak And Dagger","floor":11},{"not_picked":["Acrobatics","Terror"],"picked":"PiercingWail","floor":13},{"not_picked":["Envenom","Grand Finale"],"picked":"Adrenaline","floor":16},{"not_picked":["Slice","Deadly Poison"],"picked":"Cloak And Dagger+1","floor":18},{"not_picked":["Bane","Flechettes"],"picked":"Cloak And Dagger","floor":19},{"not_picked":["Quick Slash","Backstab"],"picked":"Dagger Spray","floor":20},{"not_picked":["Dagger Throw","Outmaneuver"],"picked":"PiercingWail","floor":22},{"not_picked":["Bouncing Flask+1","Infinite Blades"],"picked":"Cloak And Dagger","floor":24},{"not_picked":["Dagger Spray","Flying Knee"],"picked":"Die Die Die","floor":25},{"not_picked":["Prepared","Skewer","Masterful Stab"],"picked":"SKIP","floor":29},{"not_picked":["Reflex","Eviscerate","Sucker Punch"],"picked":"SKIP","floor":30},{"not_picked":["Accuracy","Finisher","Deflect"],"picked":"SKIP","floor":31},{"not_picked":["Die Die Die","Unload"],"picked":"After Image","floor":33},{"not_picked":["Dash","Cloak And Dagger"],"picked":"Blur","floor":35},{"not_picked":["Accuracy","Outmaneuver","Sucker Punch"],"picked":"SKIP","floor":38},{"not_picked":["Dagger Throw","Eviscerate","Tactician"],"picked":"SKIP","floor":39},{"not_picked":["Sucker Punch","Finisher"],"picked":"Deflect+1","floor":40},{"not_picked":["Dodge and Roll","Cloak And Dagger"],"picked":"Burst","floor":41},{"not_picked":["Deadly Poison+1","Bane+1"],"picked":"Acrobatics+1","floor":47},{"not_picked":["Choke","Predator","Bane"],"picked":"SKIP","floor":48}],"player_experience":1089836,"relics_obtained":[{"floor":2,"key":"Mango"},{"floor":7,"key":"Odd Mushroom"},{"floor":8,"key":"Shuriken"},{"floor":9,"key":"Bottled Lightning"},{"floor":24,"key":"Meat on the Bone"},{"floor":26,"key":"Happy Flower"},{"floor":40,"key":"The Courier"},{"floor":44,"key":"Peace Pipe"},{"floor":48,"key":"Snake Skull"}],"event_choices":[{"damage_healed":0,"gold_gain":0,"player_choice":"Fought Mushrooms","damage_taken":0,"max_hp_gain":0,"max_hp_loss":0,"event_name":"Mushrooms","floor":7,"gold_loss":0},{"damage_healed":0,"gold_gain":75,"player_choice":"Gather Gold","damage_taken":11,"max_hp_gain":0,"max_hp_loss":0,"event_name":"World of Goop","floor":14,"gold_loss":0},{"damage_healed":16,"gold_gain":0,"player_choice":"Full Heal","damage_taken":0,"max_hp_gain":0,"max_hp_loss":0,"event_name":"Wheel of Change","floor":37,"gold_loss":0},{"damage_healed":70,"gold_gain":0,"player_choice":"Heal","damage_taken":0,"max_hp_gain":0,"max_hp_loss":15,"event_name":"The Moai Head","floor":42,"gold_loss":0},{"damage_healed":0,"gold_gain":0,"player_choice":"Fight","damage_taken":0,"max_hp_gain":0,"max_hp_loss":0,"event_name":"MindBloom","floor":44,"gold_loss":0},{"damage_healed":0,"gold_gain":0,"player_choice":"Copied","damage_taken":0,"max_hp_gain":0,"max_hp_loss":0,"event_name":"Duplicator","floor":46,"gold_loss":0,"cards_obtained":["After Image"]}],"is_beta":false,"boss_relics":[{"not_picked":["Philosopher\u0027s Stone","Lizard Tail"],"picked":"Pandora\u0027s Box"},{"not_picked":["Busted Crown","Runic Pyramid"],"picked":"Cursed Key"}],"items_purged_floors":[5],"is_endless":false,"potions_floor_spawned":[7,8,11,16,18,19,22,30,33,39,44,47],"killed_by":"Donu and Deca","ascension_level":20}