{"gold_per_floor":[111,122,73,73,73,73,73,105,105,115,16,34,0,14,14,14],"floor_reached":16,"playtime":484,"items_purged":["Strike_R"],"score":100,"play_id":"861cdd2d-21a0-4aa8-9033-46901d989653","local_time":"20190511193329","is_ascension_mode":false,"campfire_choices":[{"data":"Body Slam","floor":6,"key":"SMITH"},{"data":"Shrug It Off","floor":15,"key":"SMITH"}],"neow_cost":"PERCENT_DAMAGE","seed_source_timestamp":433217575299788,"circlet_count":0,"master_deck":["Strike_R","Strike_R","Strike_R","Defend_R","Defend_R","Defend_R","Bash","Body Slam+1","Shrug It Off+1","Cleave","Body Slam"],"relics":["Burning Blood","Potion Belt","The Courier","Calipers"],"potions_floor_usage":[8,16,16],"damage_taken":[{"damage":0,"enemies":"2 Louse","floor":1,"turns":2},{"damage":6,"enemies":"Jaw Worm","floor":2,"turns":3},{"damage":33,"enemies":"Lagavulin","floor":8,"turns":9},{"damage":0,"enemies":"Cultist","floor":10,"turns":4},{"damage":13,"enemies":"Large Slime","floor":12,"turns":6},{"damage":12,"enemies":"Exordium Thugs","floor":14,"turns":5},{"damage":40,"enemies":"The Guardian","floor":16,"turns":10}],"seed_played":"4045436359142292821","potions_obtained":[{"floor":2,"key":"Dexterity Potion"},{"floor":8,"key":"Block Potion"},{"floor":12,"key":"SpeedPotion"}],"is_trial":false,"path_per_floor":["M","M","$","?","?","R","T","E","T","M","$","M","?","M","R","B"],"character_chosen":"IRONCLAD","items_purchased":["Shrug It Off","Weak Potion"],"campfire_rested":0,"item_purchase_floors":[3,11],"current_hp_per_floor":[62,62,62,67,67,67,67,40,40,46,46,39,39,33,33,0],"gold":14,"neow_bonus":"REMOVE_TWO","is_prod":false,"is_daily":false,"chose_seed":false,"campfire_upgraded":2,"win_rate":0,"timestamp":1557617609,"path_taken":["M","M","$","?","?","R","?","E","T","M","$","M","?","M","R","BOSS"],"build_version":"2019-01-23","purchased_purges":1,"victory":false,"max_hp_per_floor":[80,80,80,85,85,85,85,85,85,85,85,85,85,85,85,85],"card_choices":[{"not_picked":["Sentinel","Infernal Blade"],"picked":"Body Slam","floor":1},{"not_picked":["Wild Strike","Rampage","Headbutt"],"picked":"SKIP","floor":2},{"not_picked":["Sentinel","Iron Wave","Blood for Blood"],"picked":"SKIP","floor":8},{"not_picked":["Twin Strike","Havoc","Thunderclap"],"picked":"SKIP","floor":10},{"not_picked":["True Grit","Perfected Strike"],"picked":"Cleave","floor":12},{"not_picked":["Bludgeon","Uppercut"],"picked":"Body Slam","floor":14}],"player_experience":125359,"relics_obtained":[{"floor":7,"key":"Potion Belt"},{"floor":8,"key":"The Courier"},{"floor":9,"key":"Calipers"}],"event_choices":[{"damage_healed":0,"gold_gain":0,"player_choice":"Donut","damage_taken":0,"max_hp_gain":5,"max_hp_loss":0,"event_name":"Big Fish","floor":4,"gold_loss":0},{"damage_healed":0,"gold_gain":0,"player_choice":"Ignored","damage_taken":0,"max_hp_gain":0,"max_hp_loss":0,"event_name":"Liars Game","floor":5,"gold_loss":0},{"damage_healed":0,"gold_gain":0,"player_choice":"Left Gold","damage_taken":0,"max_hp_gain":0,"max_hp_loss":0,"event_name":"World of Goop","floor":13,"gold_loss":34}],"is_beta":false,"boss_relics":[],"items_purged_floors":[11],"is_endless":false,"potions_floor_spawned":[2,8,12],"killed_by":"The Guardian","ascension_level":0}