{"gold_per_floor":[19,43,9,22,33,33,49,49,49,62,62,62,78,98,98,170,170,187,204,154,0,18,18,18,18,18,18,43,43,43,43,43,114,114,128,146,146,0,14,14,31,31,31,50,68,68],"floor_reached":46,"playtime":1732,"items_purged":[],"score":756,"play_id":"5dc3fbcd-dbb1-4546-b0a2-b28b12ae3809","local_time":"20190203234938","is_ascension_mode":true,"campfire_choices":[{"data":"Zap","floor":6.0,"key":"SMITH"},{"data":"Doom and Gloom","floor":8.0,"key":"SMITH"},{"data":"Reboot","floor":12.0,"key":"SMITH"},{"data":"Go for the Eyes","floor":15,"key":"SMITH"},{"data":"Capacitor","floor":23,"key":"SMITH"},{"data":"Barrage","floor":25,"key":"SMITH"},{"data":"Self Repair","floor":27,"key":"SMITH"},{"floor":29,"key":"REST"},{"floor":32,"key":"REST"},{"data":"Biased Cognition","floor":40,"key":"SMITH"}],"neow_cost":"NO_GOLD","seed_source_timestamp":999995827588619,"circlet_count":0,"master_deck":["AscendersBane","Strike_B","Strike_B","Defend_B","Defend_B","Defend_B","Zap+1","Dualcast","Self Repair+1","Doom and Gloom+1","Hologram","Capacitor+1","Ball Lightning","Go for the Eyes+1","Reboot+1","Glacier","Biased Cognition+1","Barrage+1","Glacier","Undo+1","Core Surge","Darkness+1","Parasite"],"special_seed":0,"relics":["Cracked Core","Lantern","Emotion Chip","Velvet Choker","Juzu Bracelet","Enchiridion","Toxic Egg 2","Strawberry","Runic Dome","Red Mask","The Courier"],"potions_floor_usage":[28,33,33],"damage_taken":[{"damage":1.0,"enemies":"Cultist","floor":1.0,"turns":3.0},{"damage":12.0,"enemies":"Jaw Worm","floor":4.0,"turns":3.0},{"damage":8.0,"enemies":"Small Slimes","floor":5.0,"turns":4.0},{"damage":13.0,"enemies":"Exordium Thugs","floor":7.0,"turns":3.0},{"damage":16.0,"enemies":"3 Louse","floor":10.0,"turns":2.0},{"damage":9.0,"enemies":"Exordium Wildlife","floor":13.0,"turns":2.0},{"damage":3,"enemies":"2 Fungi Beasts","floor":14,"turns":4},{"damage":9,"enemies":"The Guardian","floor":16,"turns":11},{"damage":3,"enemies":"Shell Parasite","floor":18,"turns":5},{"damage":9,"enemies":"Chosen","floor":19,"turns":2},{"damage":0,"enemies":"Centurion and Healer","floor":22,"turns":7},{"damage":34,"enemies":"Slavers","floor":28,"turns":3},{"damage":13,"enemies":"Automaton","floor":33,"turns":9},{"damage":0,"enemies":"Orb Walker","floor":35,"turns":3},{"damage":21,"enemies":"3 Darklings","floor":36,"turns":5},{"damage":25,"enemies":"Jaw Worm Horde","floor":39,"turns":4},{"damage":14,"enemies":"Writhing Mass","floor":41,"turns":7},{"damage":7,"enemies":"3 Darklings","floor":44,"turns":5},{"damage":20,"enemies":"Spire Growth","floor":45,"turns":6},{"damage":53,"enemies":"Writhing Mass","floor":46,"turns":3}],"seed_played":"-4545650749716873978","potions_obtained":[{"floor":1.0,"key":"Poison Potion"},{"floor":5.0,"key":"Ancient Potion"},{"floor":14,"key":"Swift Potion"},{"floor":19,"key":"Weak Potion"},{"floor":28,"key":"PowerPotion"},{"floor":35,"key":"PowerPotion"},{"floor":36,"key":"Swift Potion"},{"floor":45,"key":"Regen Potion"}],"is_trial":false,"path_per_floor":["M","T","$","M","M","R","M","R","T","M","?","R","M","M","R","B",null,"M","M","?","$","M","R","?","R","T","R","E","R","?","$","R","B",null,"M","M","?","?","M","R","M","?","T","M","M","M"],"character_chosen":"DEFECT","items_purchased":["Doom and Gloom","Juzu Bracelet"],"campfire_rested":2,"item_purchase_floors":[3,21],"current_hp_per_floor":[63,63,63,58,57,57,51,51,51,42,42,42,33,37,37,35,62,66,64,64,64,71,71,50,50,50,50,33,56,34,34,58,55,76,83,72,72,72,57,57,53,53,53,56,46,0],"gold":68,"neow_bonus":"REMOVE_TWO","is_prod":false,"is_daily":false,"chose_seed":false,"campfire_upgraded":8,"win_rate":0,"timestamp":1549205378,"path_taken":["M","?","$","M","M","R","M","R","T","M","?","R","M","M","R","BOSS","M","?","?","$","M","R","?","R","T","R","E","R","?","?","R","BOSS","M","M","?","?","M","R","M","?","T","M","M","M"],"build_version":"2019-01-23","purchased_purges":0,"victory":false,"max_hp_per_floor":[71,71,71,71,71,71,71,71,71,71,71,71,71,71,71,71,71,71,71,71,71,71,71,71,71,71,71,78,78,83,83,83,83,83,83,83,83,83,83,83,83,79,79,79,79,79],"card_choices":[{"not_picked":["Gash","Force Field"],"picked":"Self Repair","floor":1.0},{"not_picked":["Sweeping Beam","Conserve Battery"],"picked":"Hologram","floor":4.0},{"not_picked":["Scrape","Darkness"],"picked":"Capacitor","floor":5.0},{"not_picked":["Redo","Beam Cell"],"picked":"Ball Lightning","floor":7.0},{"not_picked":["Hologram","Coolheaded"],"picked":"Go for the Eyes","floor":10.0},{"not_picked":["Rebound","Leap"],"picked":"Glacier","floor":13},{"not_picked":["Cold Snap","Sweeping Beam","Steam"],"picked":"SKIP","floor":14},{"not_picked":["Hyperbeam","Meteor Strike"],"picked":"Biased Cognition","floor":16},{"not_picked":["Storm","Coolheaded"],"picked":"Barrage","floor":18},{"not_picked":["Redo","Skim"],"picked":"Glacier","floor":19},{"not_picked":["Conserve Battery","Beam Cell","Blizzard"],"picked":"SKIP","floor":22},{"not_picked":["Skim+1","Lockon"],"picked":"Undo+1","floor":28},{"not_picked":["Machine Learning","Creative AI"],"picked":"Core Surge","floor":33},{"not_picked":["Coolheaded+1","Go for the Eyes","Conserve Battery+1"],"picked":"SKIP","floor":35},{"not_picked":["Coolheaded+1","Aggregate+1"],"picked":"Darkness+1","floor":36},{"not_picked":["Coolheaded+1","Sweeping Beam","Redo+1"],"picked":"SKIP","floor":39},{"not_picked":["Leap+1","Beam Cell","Redo+1"],"picked":"SKIP","floor":41},{"not_picked":["Streamline","Chaos+1","Undo+1"],"picked":"SKIP","floor":44},{"not_picked":["Coolheaded+1","Rainbow+1","Sweeping Beam+1"],"picked":"SKIP","floor":45}],"player_experience":458361,"relics_obtained":[{"floor":2.0,"key":"Lantern"},{"floor":9.0,"key":"Emotion Chip"},{"floor":24,"key":"Enchiridion"},{"floor":26,"key":"Toxic Egg 2"},{"floor":28,"key":"Strawberry"},{"floor":43,"key":"The Courier"}],"event_choices":[{"damage_healed":0.0,"max_hp_gain":0.0,"max_hp_loss":0.0,"gold_gain":0.0,"event_name":"Match and Keep!","player_choice":"1 cards matched","floor":11.0,"gold_loss":0.0,"damage_taken":0.0,"cards_obtained":["Reboot"]},{"damage_healed":0,"gold_gain":0,"player_choice":"Bet on Owner","damage_taken":0,"max_hp_gain":0,"max_hp_loss":0,"event_name":"The Joust","floor":20,"gold_loss":50},{"damage_healed":0,"gold_gain":0,"player_choice":"Obtained Book","damage_taken":21,"max_hp_gain":0,"max_hp_loss":0,"event_name":"Cursed Tome","floor":24,"gold_loss":0},{"damage_healed":0,"gold_gain":0,"player_choice":"Shed Blood","damage_taken":27,"max_hp_gain":5,"max_hp_loss":0,"event_name":"Forgotten Altar","floor":30,"gold_loss":0},{"cards_removed":["Strike_B"],"damage_healed":0,"gold_gain":0,"player_choice":"Removed Attack","damage_taken":0,"max_hp_gain":0,"max_hp_loss":0,"event_name":"Falling","floor":37,"gold_loss":0},{"damage_healed":0,"gold_gain":0,"player_choice":"Paid","damage_taken":0,"relics_obtained":["Red Mask"],"max_hp_gain":0,"max_hp_loss":0,"event_name":"Tomb of Lord Red Mask","floor":38,"gold_loss":146},{"damage_healed":0,"gold_gain":0,"player_choice":"Max HP","damage_taken":0,"max_hp_gain":0,"max_hp_loss":4,"event_name":"Winding Halls","floor":42,"gold_loss":0}],"is_beta":false,"boss_relics":[{"not_picked":["FrozenCore","Black Star"],"picked":"Velvet Choker"},{"not_picked":["Coffee Dripper","Calling Bell"],"picked":"Runic Dome"}],"items_purged_floors":[],"is_endless":false,"potions_floor_spawned":[1,5,14,19,22,28,35,36,44,45],"killed_by":"Writhing Mass","ascension_level":15}