{"gold_per_floor":[116,136,151,171,188,188,164,198,198,214,214,214,214,225,225,299,299,309,309,224,224,240,269,269,269],"floor_reached":25,"playtime":827,"items_purged":[],"score":471,"play_id":"2d9c633d-c91e-4e52-87a4-16c8d3586fd6","local_time":"20190329221400","is_ascension_mode":true,"campfire_choices":[{"floor":6.0,"key":"REST"},{"floor":11,"key":"REST"},{"floor":13,"key":"REST"},{"data":"Storm","floor":15,"key":"SMITH"},{"floor":24,"key":"REST"}],"neow_cost":"NONE","seed_source_timestamp":0,"circlet_count":0,"master_deck":["AscendersBane","Defend_B","Defend_B","Defend_B","Defend_B+1","Zap","Dualcast","Storm+1","Reinforced Body","Capacitor","Go for the Eyes+1","Coolheaded","Ball Lightning","Conserve Battery","Hologram","Machine Learning","Buffer","Bite","Bite","Bite","Bite","Bite","Sweeping Beam","Undo"],"special_seed":0,"relics":["Cracked Core","Vajra","Sundial","Fusion Hammer","Blue Candle","Matryoshka","Strawberry"],"potions_floor_usage":[10,10,10,10,22,23,23],"damage_taken":[{"damage":1.0,"enemies":"Cultist","floor":1.0,"turns":3.0},{"damage":8.0,"enemies":"2 Louse","floor":2.0,"turns":3.0},{"damage":0.0,"enemies":"Jaw Worm","floor":3.0,"turns":5.0},{"damage":20.0,"enemies":"3 Louse","floor":4.0,"turns":4.0},{"damage":12.0,"enemies":"Blue Slaver","floor":5.0,"turns":4.0},{"damage":10.0,"enemies":"Lagavulin","floor":8.0,"turns":7.0},{"damage":16,"enemies":"Gremlin Gang","floor":10,"turns":5},{"damage":10,"enemies":"Looter","floor":14,"turns":3},{"damage":28,"enemies":"Hexaghost","floor":16,"turns":12},{"damage":14,"enemies":"Spheric Guardian","floor":18,"turns":5},{"damage":15,"enemies":"3 Byrds","floor":22,"turns":4},{"damage":46,"enemies":"Slavers","floor":23,"turns":5},{"damage":35,"enemies":"Gremlin Leader","floor":25,"turns":2}],"seed_played":"5805651894630557038","potions_obtained":[{"floor":3.0,"key":"LiquidBronze"},{"floor":4.0,"key":"EntropicBrew"},{"floor":10,"key":"LiquidBronze"},{"floor":16,"key":"Block Potion"},{"floor":22,"key":"Fire Potion"}],"is_trial":false,"path_per_floor":["M","M","M","M","M","R","$","E","T","M","R","?","R","M","R","B",null,"M","?","?","T","M","E","R","E"],"character_chosen":"DEFECT","items_purchased":["Ball Lightning"],"campfire_rested":4,"item_purchase_floors":[7],"current_hp_per_floor":[70,62,62,42,30,53,53,43,43,27,50,27,50,40,40,12,62,48,48,48,48,43,14,32,0],"gold":269,"neow_bonus":"TEN_PERCENT_HP_BONUS","is_prod":false,"is_daily":false,"chose_seed":false,"campfire_upgraded":1,"win_rate":0,"timestamp":1553915640,"path_taken":["M","M","?","M","M","R","$","E","T","M","R","?","R","M","R","BOSS","M","?","?","?","M","E","R","E"],"build_version":"2019-01-23","purchased_purges":0,"victory":false,"max_hp_per_floor":[78,78,78,78,78,78,78,78,78,78,78,78,78,78,78,78,78,78,54,54,54,54,61,61,61],"card_choices":[{"not_picked":["Stack","Recycle"],"picked":"Storm","floor":1.0},{"not_picked":["Recycle","Aggregate"],"picked":"Reinforced Body","floor":2.0},{"not_picked":["Stack","Go for the Eyes"],"picked":"Capacitor","floor":3.0},{"not_picked":["Sunder","Stack"],"picked":"Go for the Eyes","floor":4.0},{"not_picked":["Steam Power","Compile Driver"],"picked":"Coolheaded","floor":5.0},{"not_picked":["Compile Driver","Skim"],"picked":"Conserve Battery","floor":8.0},{"not_picked":["Go for the Eyes","Sweeping Beam"],"picked":"Hologram","floor":10},{"not_picked":["Turbo","Gash"],"picked":"Machine Learning","floor":14},{"not_picked":["Seek","Core Surge"],"picked":"Buffer","floor":16},{"not_picked":["Barrage","Go for the Eyes","Blizzard+1"],"picked":"SKIP","floor":18},{"not_picked":["Leap","Stack"],"picked":"Sweeping Beam","floor":22},{"not_picked":["Recycle","Aggregate"],"picked":"Undo","floor":23}],"player_experience":1193157,"relics_obtained":[{"floor":8.0,"key":"Vajra"},{"floor":9.0,"key":"Sundial"},{"floor":21,"key":"Matryoshka"},{"floor":23,"key":"Strawberry"}],"event_choices":[{"damage_healed":0,"gold_gain":0,"player_choice":"Entered Light","damage_taken":23,"max_hp_gain":0,"max_hp_loss":0,"event_name":"Shining Light","floor":12,"gold_loss":0,"cards_upgraded":["Defend_B","Go for the Eyes"]},{"damage_healed":0,"gold_gain":0,"player_choice":"Became a vampire","damage_taken":0,"max_hp_gain":0,"max_hp_loss":24,"event_name":"Vampires","floor":19,"gold_loss":0,"cards_obtained":["Bite","Bite","Bite","Bite","Bite"]},{"damage_healed":0,"gold_gain":0,"player_choice":"Obtained Relic","damage_taken":0,"relics_obtained":["Blue Candle"],"max_hp_gain":0,"max_hp_loss":0,"event_name":"Addict","floor":20,"gold_loss":85}],"is_beta":false,"boss_relics":[{"not_picked":["Orrery","Calling Bell"],"picked":"Fusion Hammer"}],"items_purged_floors":[],"is_endless":false,"potions_floor_spawned":[3,4,10,16,18,22],"killed_by":"Gremlin Leader","ascension_level":20}