{"gold_per_floor":[112,112,112,135,21,57,76,76,76,251,251,269,269,289,289,289],"floor_reached":16,"playtime":445,"items_purged":["Strike_B"],"score":100,"play_id":"7b9be105-92e4-42b8-9805-cdf8170ff021","local_time":"20190418180750","is_ascension_mode":false,"campfire_choices":[{"data":"Zap","floor":8,"key":"SMITH"},{"data":"Hello World","floor":11,"key":"SMITH"},{"data":"Darkness","floor":13,"key":"SMITH"},{"data":"Biased Cognition","floor":15,"key":"SMITH"}],"neow_cost":"NONE","seed_source_timestamp":31842738527436,"circlet_count":0,"master_deck":["Strike_B","Strike_B","Strike_B","Defend_B+1","Defend_B","Defend_B","Defend_B","Zap+1","Dualcast","Genetic Algorithm+1","Injury","Hologram","Darkness+1","Hello World+1","Doubt","FTL","Biased Cognition+1"],"relics":["Cracked Core","Golden Idol","Torii","Bottled Lightning"],"potions_floor_usage":[16,16],"damage_taken":[{"damage":0,"enemies":"Jaw Worm","floor":1,"turns":4},{"damage":0,"enemies":"2 Louse","floor":4,"turns":3},{"damage":27,"enemies":"Lagavulin","floor":6,"turns":8},{"damage":7,"enemies":"Small Slimes","floor":7,"turns":4},{"damage":2,"enemies":"3 Louse","floor":12,"turns":4},{"damage":8,"enemies":"Red Slaver","floor":14,"turns":4},{"damage":19,"enemies":"The Guardian","floor":16,"turns":2}],"seed_played":"-4751684660050417156","potions_obtained":[{"floor":7,"key":"Dexterity Potion"},{"floor":12,"key":"SkillPotion"}],"is_trial":false,"path_per_floor":["M","?","?","M","$","E","M","R","T","?","R","M","R","M","R","B"],"character_chosen":"DEFECT","items_purchased":["Darkness"],"campfire_rested":0,"item_purchase_floors":[5],"current_hp_per_floor":[75,60,60,60,60,33,26,26,26,26,26,24,24,16,16,0],"gold":289,"neow_bonus":"THREE_CARDS","is_prod":false,"is_daily":false,"chose_seed":false,"campfire_upgraded":4,"win_rate":0,"timestamp":1555582070,"path_taken":["M","?","?","M","$","E","M","R","T","?","R","M","R","M","R","BOSS"],"build_version":"2019-01-23","purchased_purges":1,"victory":false,"max_hp_per_floor":[75,75,75,75,75,75,75,75,75,75,75,75,75,75,75,75],"card_choices":[{"not_picked":["Go for the Eyes","Steam Power"],"picked":"Genetic Algorithm","floor":0},{"not_picked":["Compile Driver","Recycle","Fusion"],"picked":"SKIP","floor":1},{"not_picked":["Streamline","Steam Power"],"picked":"Hologram","floor":4},{"not_picked":["Rebound","Beam Cell"],"picked":"Hello World","floor":6},{"not_picked":["Go for the Eyes","Auto Shields","Heatsinks"],"picked":"SKIP","floor":7},{"not_picked":["Compile Driver","Stack"],"picked":"FTL","floor":12},{"not_picked":["FTL","Sweeping Beam"],"picked":"Biased Cognition","floor":14}],"player_experience":445779,"relics_obtained":[{"floor":6,"key":"Torii"},{"floor":9,"key":"Bottled Lightning"}],"event_choices":[{"damage_healed":0,"gold_gain":0,"player_choice":"Entered Light","damage_taken":15,"max_hp_gain":0,"max_hp_loss":0,"event_name":"Shining Light","floor":2,"gold_loss":0,"cards_upgraded":["Genetic Algorithm","Defend_B"]},{"damage_healed":0,"gold_gain":0,"player_choice":"Take Wound","damage_taken":0,"relics_obtained":["Golden Idol"],"max_hp_gain":0,"max_hp_loss":0,"event_name":"Golden Idol","floor":3,"gold_loss":0,"cards_obtained":["Injury"]},{"damage_healed":0,"gold_gain":175,"player_choice":"AGREE","damage_taken":0,"max_hp_gain":0,"max_hp_loss":0,"event_name":"Liars Game","floor":10,"gold_loss":0,"cards_obtained":["Doubt"]}],"is_beta":false,"boss_relics":[],"items_purged_floors":[5],"is_endless":false,"potions_floor_spawned":[7,12],"killed_by":"The Guardian","ascension_level":0}