{"gold_per_floor":[118,43,43,53,53,53,87,103,103,121,99,99,116,126,126,203,203,160,60,60,87,98,98,98],"floor_reached":24,"playtime":729,"items_purged":["Pain"],"score":446,"play_id":"879c5768-5b36-4645-83c2-50095a9d85dc","local_time":"20190430011500","is_ascension_mode":true,"campfire_choices":[{"data":"Footwork","floor":6.0,"key":"SMITH"},{"data":"Neutralize","floor":12,"key":"SMITH"},{"data":"Footwork","floor":15,"key":"SMITH"},{"data":"Skewer","floor":23,"key":"SMITH"}],"neow_cost":"NONE","seed_source_timestamp":354879060543500,"circlet_count":0,"master_deck":["AscendersBane","Defend_G","Defend_G","Defend_G","Defend_G","Defend_G","Strike_G","Strike_G","Strike_G","Strike_G","Survivor","Neutralize+1","Skewer+1","Footwork+1","Backstab","Footwork+1","Dodge and Roll","Flying Knee","Quick Slash","Dodge and Roll","Burst","Acrobatics","Backflip"],"special_seed":0,"relics":["Ring of the Snake","NeowsBlessing","WarpedTongs","Gremlin Horn","Boot","Philosopher\u0027s Stone","Bronze Scales"],"potions_floor_usage":[16,16,16,24],"damage_taken":[{"damage":0.0,"enemies":"Cultist","floor":1.0,"turns":1.0},{"damage":2.0,"enemies":"Small Slimes","floor":4.0,"turns":1.0},{"damage":2.0,"enemies":"Gremlin Nob","floor":7.0,"turns":1.0},{"damage":3.0,"enemies":"2 Louse","floor":8.0,"turns":3.0},{"damage":9,"enemies":"Gremlin Gang","floor":10,"turns":4},{"damage":3,"enemies":"Exordium Thugs","floor":11,"turns":4},{"damage":3,"enemies":"Exordium Wildlife","floor":13,"turns":6},{"damage":12,"enemies":"Looter","floor":14,"turns":3},{"damage":19,"enemies":"Slime Boss","floor":16,"turns":16},{"damage":17,"enemies":"2 Thieves","floor":18,"turns":5},{"damage":2,"enemies":"Spheric Guardian","floor":22,"turns":5},{"damage":34,"enemies":"Slavers","floor":24,"turns":4}],"seed_played":"-211593340006052776","potions_obtained":[{"floor":1.0,"key":"LiquidBronze"},{"floor":4.0,"key":"EntropicBrew"}],"is_trial":false,"path_per_floor":["M","?","?","M","?","R","E","M","T","M","M","R","M","M","R","B",null,"M","$","?","T","M","R","E"],"character_chosen":"THE_SILENT","items_purchased":["Acrobatics"],"campfire_rested":0,"item_purchase_floors":[19],"current_hp_per_floor":[59,59,59,57,53,53,51,48,48,39,36,36,33,21,21,2,50,33,33,33,33,31,31,0],"gold":98,"neow_bonus":"THREE_ENEMY_KILL","is_prod":false,"is_daily":false,"chose_seed":false,"campfire_upgraded":4,"win_rate":0,"timestamp":1556579700,"path_taken":["M","?","?","?","?","R","E","M","T","?","M","R","M","M","R","BOSS","M","$","?","?","M","R","E"],"build_version":"2019-01-23","purchased_purges":1,"victory":false,"max_hp_per_floor":[66,66,66,66,66,66,66,66,66,66,66,66,66,66,66,66,66,66,66,66,66,66,66,66],"card_choices":[{"not_picked":["Caltrops","Dagger Throw"],"picked":"Skewer","floor":1.0},{"not_picked":["Choke","Calculated Gamble"],"picked":"Footwork","floor":4.0},{"not_picked":["Riddle With Holes","Dagger Throw"],"picked":"Backstab","floor":7.0},{"not_picked":["Slice","Terror"],"picked":"Footwork","floor":8.0},{"not_picked":["Slice","Deadly Poison"],"picked":"Dodge and Roll","floor":10},{"not_picked":["Cloak And Dagger","Underhanded Strike"],"picked":"Flying Knee","floor":11},{"not_picked":["Riddle With Holes","Outmaneuver"],"picked":"Quick Slash","floor":13},{"not_picked":["Corpse Explosion","Slice"],"picked":"Dodge and Roll","floor":14},{"not_picked":["Wraith Form v2","Die Die Die"],"picked":"Burst","floor":16},{"not_picked":["Quick Slash","Outmaneuver","Flechettes+1"],"picked":"SKIP","floor":18},{"not_picked":["Dagger Spray","Prepared"],"picked":"Backflip","floor":22}],"player_experience":620313,"relics_obtained":[{"floor":7.0,"key":"Gremlin Horn"},{"floor":9.0,"key":"Boot"},{"floor":21,"key":"Bronze Scales"}],"event_choices":[{"cards_removed":["Strike_G"],"damage_healed":0.0,"max_hp_gain":0.0,"max_hp_loss":0.0,"gold_gain":0.0,"event_name":"The Cleric","player_choice":"Card Removal","floor":2.0,"gold_loss":75.0,"damage_taken":0.0},{"damage_healed":0.0,"max_hp_gain":0.0,"max_hp_loss":0.0,"gold_gain":0.0,"event_name":"Accursed Blacksmith","player_choice":"Rummage","floor":3.0,"gold_loss":0.0,"damage_taken":0.0,"relics_obtained":["WarpedTongs"],"cards_obtained":["Pain"]},{"damage_healed":0.0,"max_hp_gain":0.0,"max_hp_loss":0.0,"gold_gain":0.0,"event_name":"The Woman in Blue","player_choice":"Bought 0 Potions","floor":5.0,"gold_loss":0.0,"damage_taken":0.0},{"damage_healed":0,"gold_gain":0,"player_choice":"Ignored","damage_taken":0,"max_hp_gain":0,"max_hp_loss":0,"event_name":"Beggar","floor":20,"gold_loss":0}],"is_beta":false,"boss_relics":[{"not_picked":["Calling Bell","Astrolabe"],"picked":"Philosopher\u0027s Stone"}],"items_purged_floors":[19],"is_endless":false,"potions_floor_spawned":[1,4,7,10,14],"killed_by":"Slavers","ascension_level":20}