{"gold_per_floor":[114,134,151,8,28,28,59,72,72,72,72,72,83,99,99,195,195,213,224,45,145,162,162,175,190,216,216,234,184,201,215,215,215],"floor_reached":33,"playtime":1305,"items_purged":["Defend_B","Meteor Strike+1"],"score":332,"play_id":"b298534f-00d3-4139-8d14-f6851d872f0a","local_time":"20181107134935","is_ascension_mode":true,"campfire_choices":[{"floor":6,"key":"REST"},{"floor":12,"key":"REST"},{"floor":15,"key":"REST"},{"floor":23,"key":"REST"},{"floor":27,"key":"REST"},{"floor":32,"key":"REST"}],"neow_cost":"NONE","seed_source_timestamp":317057180073838,"circlet_count":0,"master_deck":["Defend_B","Defend_B","Defend_B","Zap","Dualcast+1","Go for the Eyes","Leap","Leap","Hello World","Defragment","Blizzard","Cold Snap","Electrodynamics","Capacitor","Static Discharge+1","Skim+1","Glacier","Storm","Blizzard+1","Go for the Eyes+1","Gash+1","Glacier"],"relics":["Cracked Core","Vajra","Molten Egg 2","Astrolabe","Art of War"],"potions_floor_usage":[7,16,16,18,25,31,31],"damage_taken":[{"damage":1,"enemies":"Cultist","floor":1,"turns":3},{"damage":6,"enemies":"2 Louse","floor":2,"turns":2},{"damage":2,"enemies":"Jaw Worm","floor":3,"turns":3},{"damage":13,"enemies":"Looter","floor":5,"turns":3},{"damage":20,"enemies":"Gremlin Nob","floor":7,"turns":5},{"damage":22,"enemies":"Lots of Slimes","floor":8,"turns":4},{"damage":15,"enemies":"Exordium Thugs","floor":13,"turns":4},{"damage":0,"enemies":"3 Louse","floor":14,"turns":1},{"damage":1,"enemies":"Hexaghost","floor":16,"turns":11},{"damage":24,"enemies":"Shell Parasite","floor":18,"turns":7},{"damage":7,"enemies":"3 Byrds","floor":19,"turns":3},{"damage":9,"enemies":"Snake Plant","floor":22,"turns":3},{"damage":14,"enemies":"Chosen and Byrds","floor":24,"turns":7},{"damage":18,"enemies":"Centurion and Healer","floor":25,"turns":5},{"damage":16,"enemies":"Snecko","floor":28,"turns":6},{"damage":10,"enemies":"Shelled Parasite and Fungi","floor":30,"turns":7},{"damage":13,"enemies":"Centurion and Healer","floor":31,"turns":10},{"damage":48,"enemies":"Collector","floor":33,"turns":5}],"seed_played":"-3782852328639141222","potions_obtained":[{"floor":5,"key":"Energy Potion"},{"floor":7,"key":"Weak Potion"},{"floor":13,"key":"Explosive Potion"},{"floor":14,"key":"SkillPotion"},{"floor":16,"key":"PowerPotion"},{"floor":19,"key":"Energy Potion"},{"floor":24,"key":"SmokeBomb"},{"floor":25,"key":"Fire Potion"}],"is_trial":false,"path_per_floor":["M","M","M","$","M","R","E","M","T","?","?","R","M","M","R","B",null,"M","M","$","?","M","R","M","M","T","R","M","?","M","M","R","B"],"character_chosen":"DEFECT","items_purchased":["Hello World","Blizzard+1"],"campfire_rested":6,"item_purchase_floors":[4,20],"current_hp_per_floor":[67,61,59,59,46,68,48,26,26,26,19,41,26,26,48,47,68,44,37,37,37,28,50,36,18,18,40,24,24,14,1,23,0],"gold":215,"neow_bonus":"UPGRADE_CARD","is_prod":false,"is_daily":false,"chose_seed":false,"campfire_upgraded":0,"win_rate":0,"timestamp":1541594975,"path_taken":["M","?","M","$","M","R","E","M","T","?","?","R","M","M","R","BOSS","M","M","$","?","M","R","M","?","T","R","M","?","?","M","R","BOSS"],"build_version":"2018-11-01","purchased_purges":2,"victory":false,"max_hp_per_floor":[75,75,75,75,75,75,75,75,75,75,75,75,75,75,75,75,75,75,75,75,75,75,75,75,75,75,75,75,75,75,75,75,75],"card_choices":[{"not_picked":["Steam","Scrape"],"picked":"Go for the Eyes","floor":1},{"not_picked":["FTL","Compile Driver"],"picked":"Leap","floor":2},{"not_picked":["Steam Power","Chaos"],"picked":"Leap","floor":3},{"not_picked":["Steam","BootSequence"],"picked":"Defragment","floor":5},{"not_picked":["Barrage","Cold Snap"],"picked":"Blizzard","floor":7},{"not_picked":["Coolheaded","Darkness"],"picked":"Cold Snap","floor":8},{"not_picked":["Reinforced Body","Sweeping Beam+1"],"picked":"Electrodynamics","floor":13},{"not_picked":["Go for the Eyes+1","Recycle"],"picked":"Capacitor","floor":14},{"not_picked":["Chaos","Stack"],"picked":"Glacier","floor":18},{"not_picked":["Auto Shields","Go for the Eyes+1"],"picked":"Storm","floor":19},{"not_picked":["Redo","Consume"],"picked":"Go for the Eyes+1","floor":22},{"not_picked":["Sweeping Beam+1","Hologram","Streamline+1"],"picked":"SKIP","floor":24},{"not_picked":["Capacitor","Compile Driver+1","Melter+1"],"picked":"SKIP","floor":25},{"not_picked":["Ball Lightning+1","Reinforced Body"],"picked":"Gash+1","floor":28},{"not_picked":["Darkness","Seek","Hello World"],"picked":"SKIP","floor":30},{"not_picked":["Redo+1","Sweeping Beam+1"],"picked":"Glacier","floor":31}],"player_experience":304330,"relics_obtained":[{"floor":7,"key":"Vajra"},{"floor":9,"key":"Molten Egg 2"},{"floor":26,"key":"Art of War"}],"event_choices":[{"damage_healed":0,"gold_gain":0,"player_choice":"Ignored","damage_taken":0,"max_hp_gain":0,"max_hp_loss":0,"event_name":"Shining Light","floor":10,"gold_loss":0},{"cards_removed":["Strike_B"],"damage_healed":0,"gold_gain":0,"player_choice":"Card Removal","damage_taken":7,"max_hp_gain":0,"max_hp_loss":0,"event_name":"Golden Wing","floor":11,"gold_loss":0},{"damage_healed":0,"gold_gain":100,"player_choice":"Pray","damage_taken":0,"max_hp_gain":0,"max_hp_loss":0,"event_name":"Golden Shrine","floor":21,"gold_loss":0},{"damage_healed":0,"gold_gain":0,"player_choice":"Bet on Owner","damage_taken":0,"max_hp_gain":0,"max_hp_loss":0,"event_name":"The Joust","floor":29,"gold_loss":50}],"is_beta":false,"boss_relics":[{"not_picked":["Cursed Key","Eternal Feather"],"picked":"Astrolabe"}],"items_purged_floors":[4,20],"is_endless":false,"potions_floor_spawned":[5,7,13,14,16,19,24,25],"killed_by":"Collector","ascension_level":6}