{"gold_per_floor":[114,39,39,59,59,59,116,116,165,176,208,208,208,236,236,313,313,327,252,252,142,157,157,186,186,186,219,234,248,248,283,283,357,357,374,474,493,436,453,453,479,479,479,479,492,543,561,594,594,594,594],"floor_reached":52,"playtime":1776,"items_purged":[],"score":2168,"play_id":"85a5e8bb-f329-422e-9588-f1549f1763b5","local_time":"20190603114127","is_ascension_mode":true,"campfire_choices":[{"data":"Body Slam","floor":6.0,"key":"SMITH"},{"data":"Bash","floor":8.0,"key":"SMITH"},{"data":"Disarm","floor":13.0,"key":"SMITH"},{"data":"Exhume","floor":15.0,"key":"SMITH"},{"data":"Barricade","floor":23.0,"key":"SMITH"},{"data":"Shockwave","floor":25.0,"key":"SMITH"},{"data":"Rampage","floor":32.0,"key":"SMITH"},{"data":"Fiend Fire","floor":40.0,"key":"SMITH"},{"data":"Limit Break","floor":42.0,"key":"SMITH"},{"data":"Spot Weakness","floor":44.0,"key":"SMITH"},{"data":"Heavy Blade","floor":49,"key":"SMITH"}],"neow_cost":"NONE","seed_source_timestamp":230120461291584,"circlet_count":0,"master_deck":["AscendersBane","Defend_R","Defend_R+1","Defend_R+1","Defend_R","Bash+1","Rampage+1","Body Slam+1","Disarm+1","Fiend Fire+1","Battle Trance+1","Immolate","Exhume+1","Barricade+1","Metallicize","Headbutt","Shockwave+1","Limit Break+1","Whirlwind+1","Evolve","Spot Weakness+1","Heavy Blade+1"],"special_seed":0,"relics":["Burning Blood","War Paint","Tiny Chest","Strawberry","Pocketwatch","Gremlin Horn","PreservedInsect","Velvet Choker","Bottled Lightning","Bottled Flame","Gambling Chip","Bag of Marbles","Centennial Puzzle","Cursed Key","Magic Flower","Pantograph","Girya","Shuriken"],"potions_floor_usage":[51,51],"damage_taken":[{"damage":0.0,"enemies":"2 Louse","floor":1.0,"turns":2.0},{"damage":0.0,"enemies":"Jaw Worm","floor":4.0,"turns":4.0},{"damage":38.0,"enemies":"3 Sentries","floor":7.0,"turns":13.0},{"damage":0.0,"enemies":"Cultist","floor":10.0,"turns":3.0},{"damage":1.0,"enemies":"Gremlin Nob","floor":11.0,"turns":3.0},{"damage":1.0,"enemies":"Lagavulin","floor":14.0,"turns":5.0},{"damage":8.0,"enemies":"Hexaghost","floor":16.0,"turns":7.0},{"damage":0.0,"enemies":"Chosen","floor":18.0,"turns":3.0},{"damage":4.0,"enemies":"3 Byrds","floor":22.0,"turns":6.0},{"damage":26.0,"enemies":"Slavers","floor":24.0,"turns":2.0},{"damage":0.0,"enemies":"Gremlin Leader","floor":27.0,"turns":3.0},{"damage":8.0,"enemies":"3 Cultists","floor":28.0,"turns":3.0},{"damage":0.0,"enemies":"Sentry and Sphere","floor":29.0,"turns":2.0},{"damage":18.0,"enemies":"Book of Stabbing","floor":31.0,"turns":2.0},{"damage":36.0,"enemies":"Automaton","floor":33.0,"turns":8.0},{"damage":0.0,"enemies":"3 Darklings","floor":35.0,"turns":1.0},{"damage":0.0,"enemies":"Mind Bloom Boss Battle","floor":36.0,"turns":4.0},{"damage":15.0,"enemies":"Orb Walker","floor":37.0,"turns":3.0},{"damage":35.0,"enemies":"Spire Growth","floor":39.0,"turns":4.0},{"damage":18.0,"enemies":"Reptomancer","floor":41.0,"turns":2.0},{"damage":0.0,"enemies":"3 Darklings","floor":45.0,"turns":1.0},{"damage":22.0,"enemies":"2 Orb Walkers","floor":46.0,"turns":4.0},{"damage":6.0,"enemies":"4 Shapes","floor":47.0,"turns":2.0},{"damage":0.0,"enemies":"Giant Head","floor":48.0,"turns":4.0},{"damage":57,"enemies":"Donu and Deca","floor":50,"turns":5},{"damage":39,"enemies":"Time Eater","floor":51,"turns":6}],"seed_played":"-8540400873064462455","potions_obtained":[{"floor":4.0,"key":"Ancient Potion"},{"floor":7.0,"key":"FearPotion"},{"floor":16.0,"key":"FearPotion"},{"floor":24.0,"key":"Energy Potion"},{"floor":27.0,"key":"AttackPotion"},{"floor":29.0,"key":"Fire Potion"},{"floor":35.0,"key":"Poison Potion"},{"floor":46.0,"key":"Strength Potion"}],"is_trial":false,"path_per_floor":["M","?","?","M","?","R","E","R","T","M","E","T","R","E","R","B",null,"M","?","T","?","M","R","E","R","T","E","M","M","?","E","R","B",null,"M","?","M","$","M","R","E","R","T","R","M","?","M","E","R","B","B",null],"character_chosen":"IRONCLAD","items_purchased":["PowerPotion"],"campfire_rested":0,"item_purchase_floors":[38],"current_hp_per_floor":[74,74,74,75,75,75,43,43,50,56,61,61,61,66,66,64,78,82,82,82,82,82,82,62,62,62,68,66,72,72,60,60,30,69,75,81,75,75,49,49,40,40,40,40,49,36,39,48,48,34,42],"gold":594,"neow_bonus":"RANDOM_COMMON_RELIC","is_prod":false,"is_daily":false,"chose_seed":false,"campfire_upgraded":11,"win_rate":0,"timestamp":1559536887,"path_taken":["M","?","?","?","?","R","E","R","T","?","E","?","R","E","R","BOSS","M","?","?","?","M","R","E","R","T","E","M","?","?","E","R","BOSS","M","?","M","$","M","R","E","R","T","R","M","?","M","E","R","BOSS","BOSS"],"build_version":"2019-01-23","purchased_purges":0,"victory":true,"max_hp_per_floor":[75,75,75,75,75,75,75,75,82,82,82,82,82,82,82,82,82,82,82,82,82,82,82,82,82,82,82,82,82,82,82,82,82,82,82,82,82,82,82,82,82,82,82,82,82,82,82,82,82,82,82],"card_choices":[{"not_picked":["Cleave","Iron Wave"],"picked":"Rampage","floor":1.0},{"not_picked":["Wild Strike","Cleave"],"picked":"Body Slam","floor":4.0},{"not_picked":["Sword Boomerang","Clash"],"picked":"Fiend Fire","floor":7.0},{"not_picked":["Shockwave","Clash"],"picked":"Battle Trance","floor":10.0},{"not_picked":["Rupture","Headbutt"],"picked":"Immolate","floor":11.0},{"not_picked":["Headbutt","Dropkick"],"picked":"Exhume","floor":14.0},{"not_picked":["Brutality","Immolate"],"picked":"Barricade","floor":16.0},{"not_picked":["Shrug It Off","Twin Strike"],"picked":"Metallicize","floor":18.0},{"not_picked":["Sever Soul","Clothesline"],"picked":"Headbutt","floor":22.0},{"not_picked":["Heavy Blade","Dropkick"],"picked":"Shockwave","floor":24.0},{"not_picked":["Cleave","Hemokinesis","Heavy Blade"],"picked":"SKIP","floor":27.0},{"not_picked":["Headbutt","Perfected Strike","Body Slam"],"picked":"SKIP","floor":28.0},{"not_picked":["Evolve","Iron Wave","Wild Strike"],"picked":"SKIP","floor":29.0},{"not_picked":["Disarm","Exhume","Rupture"],"picked":"SKIP","floor":31.0},{"not_picked":["Bludgeon","Barricade"],"picked":"Limit Break","floor":33.0},{"not_picked":["Evolve","Havoc"],"picked":"Whirlwind+1","floor":35.0},{"not_picked":["Combust+1","Armaments"],"picked":"Evolve","floor":36.0},{"not_picked":["Fire Breathing","Sword Boomerang+1","Carnage"],"picked":"SKIP","floor":37.0},{"not_picked":["Headbutt","Perfected Strike","Anger"],"picked":"SKIP","floor":39.0},{"not_picked":["Feel No Pain","Wild Strike+1"],"picked":"Spot Weakness","floor":41.0},{"not_picked":["Dropkick","Carnage","Armaments"],"picked":"SKIP","floor":45.0},{"not_picked":["Flex","Sever Soul"],"picked":"Heavy Blade","floor":47.0},{"not_picked":["Clash+1","Immolate","Clothesline"],"picked":"SKIP","floor":48.0}],"player_experience":538564,"relics_obtained":[{"floor":7.0,"key":"Tiny Chest"},{"floor":9.0,"key":"Strawberry"},{"floor":11.0,"key":"Pocketwatch"},{"floor":12.0,"key":"Gremlin Horn"},{"floor":14.0,"key":"PreservedInsect"},{"floor":20.0,"key":"Bottled Lightning"},{"floor":24.0,"key":"Bottled Flame"},{"floor":26.0,"key":"Gambling Chip"},{"floor":27.0,"key":"Bag of Marbles"},{"floor":31.0,"key":"Centennial Puzzle"},{"floor":36.0,"key":"Magic Flower"},{"floor":41.0,"key":"Pantograph"},{"floor":46.0,"key":"Girya"},{"floor":48.0,"key":"Shuriken"}],"event_choices":[{"cards_removed":["Strike_R"],"damage_healed":0.0,"max_hp_gain":0.0,"max_hp_loss":0.0,"gold_gain":0.0,"event_name":"The Cleric","player_choice":"Card Removal","floor":2.0,"gold_loss":75.0,"damage_taken":0.0},{"damage_healed":0.0,"max_hp_gain":0.0,"max_hp_loss":0.0,"gold_gain":0.0,"event_name":"Liars Game","player_choice":"Ignored","floor":3.0,"gold_loss":0.0,"damage_taken":0.0},{"damage_healed":0.0,"max_hp_gain":0.0,"max_hp_loss":0.0,"gold_gain":0.0,"cards_transformed":["Strike_R"],"event_name":"Transmorgrifier","player_choice":"Transformed","floor":5.0,"gold_loss":0.0,"damage_taken":0.0,"cards_obtained":["Disarm"]},{"cards_removed":["Strike_R"],"damage_healed":0.0,"max_hp_gain":0.0,"max_hp_loss":0.0,"gold_gain":0.0,"event_name":"Beggar","player_choice":"Gave Gold","floor":19.0,"gold_loss":75.0,"damage_taken":0.0},{"cards_removed":["Strike_R"],"damage_healed":0.0,"max_hp_gain":0.0,"max_hp_loss":0.0,"gold_gain":0.0,"event_name":"Designer","player_choice":"Upgrade and Remove","floor":21.0,"gold_loss":110.0,"damage_taken":0.0,"cards_upgraded":["Battle Trance"]},{"cards_removed":["Strike_R"],"damage_healed":0.0,"max_hp_gain":0.0,"max_hp_loss":0.0,"gold_gain":0.0,"event_name":"Back to Basics","player_choice":"Elegance","floor":30.0,"gold_loss":0.0,"damage_taken":0.0},{"damage_healed":0.0,"max_hp_gain":0.0,"max_hp_loss":0.0,"gold_gain":0.0,"event_name":"MindBloom","player_choice":"Fight","floor":36.0,"gold_loss":0.0,"damage_taken":0.0},{"damage_healed":0.0,"max_hp_gain":0.0,"max_hp_loss":0.0,"gold_gain":0.0,"event_name":"Mysterious Sphere","player_choice":"Fight","floor":46.0,"gold_loss":0.0,"damage_taken":0.0}],"is_beta":false,"boss_relics":[{"not_picked":["Runic Pyramid","Runic Cube"],"picked":"Velvet Choker"},{"not_picked":["Philosopher\u0027s Stone","Eternal Feather"],"picked":"Cursed Key"}],"items_purged_floors":[],"is_endless":false,"potions_floor_spawned":[4,7,16,24,27,28,29,35,39,46,48],"ascension_level":20}