{"gold_per_floor":[111,111,128,144,162,162,191,191,191,201,228,50,50,78,78,182,182,196,3,21,21,21,21,21,46,46,46,46],"floor_reached":28,"playtime":1641,"items_purged":["Defend_B","Amplify"],"score":321,"play_id":"2d74555d-22b9-4737-a892-460f3201da4a","local_time":"20190427193129","is_ascension_mode":true,"campfire_choices":[{"floor":6,"key":"REST"},{"floor":8,"key":"REST"},{"floor":15,"key":"REST"},{"floor":23,"key":"REST"}],"neow_cost":"NONE","seed_source_timestamp":0,"circlet_count":0,"master_deck":["Zap","Dualcast","Gash","Double Energy","FTL","Machine Learning","Gash","Consume","Cold Snap","Doom and Gloom","Melter","Reprogram","Flash of Steel"],"special_seed":0,"relics":["Cracked Core","Art of War","Mercury Hourglass","Torii","Bottled Flame","Pandora\u0027s Box","Darkstone Periapt","Mummified Hand","Bottled Tornado"],"potions_floor_usage":[7,14,14,14,16,25,25],"damage_taken":[{"damage":5,"enemies":"Small Slimes","floor":1,"turns":3},{"damage":1,"enemies":"2 Louse","floor":3,"turns":2},{"damage":3,"enemies":"Jaw Worm","floor":4,"turns":4},{"damage":11,"enemies":"2 Fungi Beasts","floor":5,"turns":4},{"damage":40,"enemies":"3 Sentries","floor":7,"turns":7},{"damage":8,"enemies":"Blue Slaver","floor":10,"turns":3},{"damage":45,"enemies":"Lagavulin","floor":11,"turns":6},{"damage":0,"enemies":"3 Sentries","floor":14,"turns":4},{"damage":8,"enemies":"Hexaghost","floor":16,"turns":8},{"damage":22,"enemies":"3 Byrds","floor":18,"turns":3},{"damage":31,"enemies":"2 Thieves","floor":20,"turns":3},{"damage":39,"enemies":"Gremlin Leader","floor":25,"turns":6},{"damage":6,"enemies":"Chosen and Byrds","floor":28,"turns":1}],"seed_played":"4683515785342876198","potions_obtained":[{"floor":3,"key":"GamblersBrew"},{"floor":11,"key":"SteroidPotion"},{"floor":14,"key":"EssenceOfSteel"},{"floor":16,"key":"Energy Potion"},{"floor":18,"key":"SteroidPotion"}],"is_trial":false,"path_per_floor":["M","?","M","M","M","R","E","R","T","M","E","$","?","E","R","B",null,"M","$","M","?","?","R","$","E","T","T","M"],"character_chosen":"DEFECT","items_purchased":["PowerPotion","Explosive Potion","Flash of Steel"],"campfire_rested":4,"item_purchase_floors":[12,12,19],"current_hp_per_floor":[70,70,69,66,55,75,35,57,57,49,4,4,4,4,26,18,75,53,53,22,22,22,44,44,5,5,5,0],"gold":46,"neow_bonus":"REMOVE_CARD","is_prod":false,"is_daily":false,"chose_seed":false,"campfire_upgraded":0,"win_rate":0,"timestamp":1556418689,"path_taken":["M","?","M","M","M","R","E","R","T","M","E","$","?","E","R","BOSS","M","$","M","?","?","R","?","E","T","?","M"],"build_version":"2019-01-23","purchased_purges":2,"victory":false,"max_hp_per_floor":[75,75,75,75,75,75,75,75,75,75,75,75,75,75,75,75,75,75,75,75,75,75,75,75,75,75,75,75],"card_choices":[{"not_picked":["Stack","Darkness"],"picked":"Gash","floor":1},{"not_picked":["Compile Driver","Stack","Heatsinks"],"picked":"SKIP","floor":3},{"not_picked":["Steam Power","Meteor Strike"],"picked":"Double Energy","floor":4},{"not_picked":["Cold Snap","Coolheaded"],"picked":"FTL","floor":5},{"not_picked":["Sweeping Beam","Go for the Eyes","Auto Shields"],"picked":"SKIP","floor":7},{"not_picked":["Leap","Loop","Coolheaded"],"picked":"SKIP","floor":10},{"not_picked":["Aggregate","Turbo"],"picked":"Machine Learning","floor":11},{"not_picked":["Steam Power","Steam"],"picked":"Gash","floor":14},{"not_picked":["Steam","Leap"],"picked":"Reprogram","floor":18},{"not_picked":["Chaos+1","Heatsinks+1","Barrage"],"picked":"SKIP","floor":20},{"not_picked":["Doom and Gloom","Hologram+1","Sunder"],"picked":"SKIP","floor":25}],"player_experience":141179,"relics_obtained":[{"floor":7,"key":"Art of War"},{"floor":9,"key":"Mercury Hourglass"},{"floor":11,"key":"Torii"},{"floor":14,"key":"Bottled Flame"},{"floor":25,"key":"Darkstone Periapt"},{"floor":26,"key":"Mummified Hand"},{"floor":27,"key":"Bottled Tornado"}],"event_choices":[{"damage_healed":0,"gold_gain":0,"player_choice":"Ignored","damage_taken":0,"max_hp_gain":0,"max_hp_loss":0,"event_name":"Shining Light","floor":2,"gold_loss":0},{"damage_healed":0,"gold_gain":0,"player_choice":"Ignored","damage_taken":0,"max_hp_gain":0,"max_hp_loss":0,"event_name":"Liars Game","floor":13,"gold_loss":0},{"cards_removed":["Hello World"],"damage_healed":0,"gold_gain":0,"player_choice":"Elegance","damage_taken":0,"max_hp_gain":0,"max_hp_loss":0,"event_name":"Back to Basics","floor":21,"gold_loss":0},{"damage_healed":0,"gold_gain":0,"player_choice":"Ignored","damage_taken":0,"max_hp_gain":0,"max_hp_loss":0,"event_name":"Vampires","floor":22,"gold_loss":0}],"is_beta":false,"boss_relics":[{"not_picked":["Busted Crown","Tiny House"],"picked":"Pandora\u0027s Box"}],"items_purged_floors":[12,19],"is_endless":false,"potions_floor_spawned":[3,11,14,16,18],"killed_by":"Chosen and Byrds","ascension_level":3}