{"gold_per_floor":[117,192,206,58,58,99,99,99,99,65,65,141,165,240,240,368,368,388,413,57,73,73,23,38,38,113,113,134,174,174,189,189,315,315,339,362,362,377,377,377,393,393,444,444,788,806,806,491,491,491,491,491,10,50,50],"floor_reached":56,"playtime":2508,"items_purged":["Strike_B","Strike_B","Defend_B","Defend_B","Strike_B"],"score":1343,"play_id":"e3f484fe-9f03-4c51-b162-35a03256b945","local_time":"20190515005203","is_ascension_mode":false,"campfire_choices":[{"data":"Melter","floor":7.0,"key":"SMITH"},{"data":"Defragment","floor":11.0,"key":"SMITH"},{"data":"Defragment","floor":15,"key":"SMITH"},{"data":"White Noise","floor":25,"key":"SMITH"},{"data":"Consume","floor":27,"key":"SMITH"},{"data":"Coolheaded","floor":32,"key":"SMITH"},{"data":"Defragment","floor":40,"key":"SMITH"},{"data":"Double Energy","floor":42,"key":"SMITH"},{"data":"Biased Cognition","floor":44,"key":"SMITH"},{"floor":49,"key":"RECALL"},{"data":"Zap","floor":52,"key":"SMITH"}],"neow_cost":"NONE","seed_source_timestamp":727764683340508,"circlet_count":0,"master_deck":["Strike_B","Defend_B","Defend_B","Zap+1","Dualcast+1","Coolheaded+1","Cold Snap","Melter+1","Defragment+1","Defragment+1","Consume+1","Core Surge","Biased Cognition+1","Glacier+1","Self Repair","White Noise+1","Double Energy+1","Redo+1","Coolheaded+1","Capacitor+1","Defragment+1","Chill+1","Echo Form","White Noise+1","Madness+1","Madness+1","Seek+1","Darkness+1","Recycle+1","Skim+1","Secret Technique+1"],"special_seed":0,"relics":["Cracked Core","NeowsBlessing","Golden Idol","Prayer Wheel","Question Card","Matryoshka","Smiling Mask","Inserter","DataDisk","PreservedInsect","Regal Pillow","Toxic Egg 2","Art of War","Calling Bell","Happy Flower","The Courier","FossilizedHelix","Boot","Old Coin","Mummified Hand","Letter Opener","Anchor"],"potions_floor_usage":[29,33,45,46,54,55,55],"damage_taken":[{"damage":0.0,"enemies":"Jaw Worm","floor":1.0,"turns":1.0},{"damage":0.0,"enemies":"Small Slimes","floor":3.0,"turns":1.0},{"damage":0.0,"enemies":"Lagavulin","floor":6.0,"turns":1.0},{"damage":5.0,"enemies":"2 Louse","floor":13.0,"turns":3.0},{"damage":10,"enemies":"Lagavulin Event","floor":14,"turns":5},{"damage":5,"enemies":"The Guardian","floor":16,"turns":12},{"damage":4,"enemies":"Shell Parasite","floor":18,"turns":6},{"damage":0,"enemies":"Spheric Guardian","floor":19,"turns":4},{"damage":14,"enemies":"Shelled Parasite and Fungi","floor":21,"turns":7},{"damage":1,"enemies":"Cultist and Chosen","floor":24,"turns":8},{"damage":2,"enemies":"Chosen and Byrds","floor":28,"turns":7},{"damage":0,"enemies":"Gremlin Leader","floor":29,"turns":9},{"damage":23,"enemies":"Centurion and Healer","floor":31,"turns":8},{"damage":14,"enemies":"Automaton","floor":33,"turns":7},{"damage":0,"enemies":"Orb Walker","floor":35,"turns":6},{"damage":0,"enemies":"3 Darklings","floor":36,"turns":5},{"damage":0,"enemies":"Jaw Worm Horde","floor":38,"turns":8},{"damage":0,"enemies":"4 Shapes","floor":41,"turns":8},{"damage":9,"enemies":"Nemesis","floor":45,"turns":9},{"damage":7,"enemies":"Writhing Mass","floor":46,"turns":5},{"damage":0,"enemies":"Donu and Deca","floor":50,"turns":7},{"damage":0,"enemies":"Shield and Spear","floor":54,"turns":6},{"damage":29,"enemies":"The Heart","floor":55,"turns":7}],"seed_played":"-1485043744658941528","potions_obtained":[{"floor":13.0,"key":"LiquidBronze"},{"floor":14,"key":"Energy Potion"},{"floor":19,"key":"SkillPotion"},{"floor":28,"key":"PowerPotion"},{"floor":29,"key":"EssenceOfSteel"},{"floor":35,"key":"Fire Potion"},{"floor":45,"key":"Ancient Potion"}],"is_trial":false,"path_per_floor":["M","?","M","$","?","E","R","?","T","$","R","T","M","?","R","B",null,"M","M","$","M","?","$","M","R","T","R","M","E","?","M","R","B",null,"M","M","?","M","?","R","M","R","T","R","E","M","?","$","R","B",null,"R","$","E","B",null],"character_chosen":"DEFECT","items_purchased":["Melter","Defragment","DataDisk","PreservedInsect","Recycle+1","Skim+1","Secret Technique+1","Mummified Hand","Letter Opener","SkillPotion"],"campfire_rested":0,"item_purchase_floors":[4,10,20,20,48,48,48,53,53,53],"current_hp_per_floor":[75,64,64,64,46,46,46,46,46,46,46,46,41,31,31,26,75,71,71,71,64,64,64,70,70,70,70,75,75,75,59,59,52,75,75,75,66,73,73,73,73,73,73,73,71,71,71,71,71,75,75,75,75,75,53],"gold":50,"neow_bonus":"THREE_ENEMY_KILL","is_prod":false,"is_daily":false,"chose_seed":false,"campfire_upgraded":10,"win_rate":0,"timestamp":1557849123,"path_taken":["M","?","M","$","?","E","R","?","T","$","R","?","M","?","R","BOSS","M","M","$","M","?","$","M","R","T","R","M","E","?","M","R","BOSS","M","M","?","M","?","R","M","R","T","R","E","?","?","$","R","BOSS","R","$","E","BOSS"],"build_version":"2019-01-23","purchased_purges":5,"victory":true,"max_hp_per_floor":[75,75,75,75,75,75,75,75,75,75,75,75,75,75,75,75,75,75,75,75,75,75,75,75,75,75,75,75,75,75,75,75,75,75,75,75,75,75,75,75,75,75,75,75,75,75,75,75,75,75,75,75,75,75,75],"card_choices":[{"not_picked":["Redo","Stack"],"picked":"Coolheaded","floor":1.0},{"not_picked":["Sweeping Beam","Ball Lightning"],"picked":"Cold Snap","floor":3.0},{"not_picked":["Hyperbeam","Streamline","Ball Lightning"],"picked":"SKIP","floor":6.0},{"not_picked":["Melter","Leap","Hologram"],"picked":"Defragment","floor":13.0},{"not_picked":["Barrage","Coolheaded","Cold Snap"],"picked":"Consume","floor":13.0},{"not_picked":["Sweeping Beam","Hologram","Beam Cell"],"picked":"Core Surge","floor":14},{"not_picked":["Buffer","Rainbow","Amplify"],"picked":"Biased Cognition","floor":16},{"not_picked":["Leap+1","Aggregate+1","Consume"],"picked":"Glacier+1","floor":18},{"not_picked":["Reprogram+1","Coolheaded","Sweeping Beam","Lockon"],"picked":"SKIP","floor":18},{"not_picked":["Chaos","Sweeping Beam","Barrage"],"picked":"Self Repair","floor":19},{"not_picked":["Hologram","Compile Driver","Turbo+1","Go for the Eyes"],"picked":"SKIP","floor":19},{"not_picked":["Stack","Conserve Battery","Barrage+1","Heatsinks"],"picked":"SKIP","floor":21},{"not_picked":["Cold Snap","Sweeping Beam","Consume","Coolheaded"],"picked":"SKIP","floor":21},{"not_picked":["Turbo","Cold Snap","Streamline"],"picked":"White Noise","floor":24},{"not_picked":["Streamline+1","Hyperbeam","Turbo"],"picked":"Double Energy","floor":24},{"not_picked":["Genetic Algorithm+1","Leap+1","Sweeping Beam"],"picked":"Redo+1","floor":28},{"not_picked":["Skim+1","Turbo+1","Rip and Tear"],"picked":"Coolheaded+1","floor":28},{"not_picked":["Stack+1","Rip and Tear+1","Doom and Gloom"],"picked":"Capacitor+1","floor":29},{"not_picked":["Go for the Eyes","Compile Driver+1","Coolheaded+1"],"picked":"Chill+1","floor":31},{"not_picked":["Heatsinks","Ball Lightning","Melter+1","Compile Driver"],"picked":"SKIP","floor":31},{"not_picked":["Electrodynamics","Creative AI","Thunder Strike"],"picked":"Echo Form","floor":33},{"not_picked":["Beam Cell+1","Steam Power+1","Fusion+1"],"picked":"White Noise+1","floor":35},{"not_picked":["Barrage+1","Conserve Battery+1","Melter","All For One"],"picked":"SKIP","floor":35},{"not_picked":["Go for the Eyes","Cold Snap+1","Undo+1","Steam+1"],"picked":"SKIP","floor":36},{"not_picked":["Rebound","Hologram+1","Undo+1","Ball Lightning"],"picked":"SKIP","floor":36},{"not_picked":["Self Repair+1","Heatsinks","Cold Snap+1","Stack+1"],"picked":"SKIP","floor":38},{"not_picked":["Steam+1","Rebound+1","Sweeping Beam","Undo+1"],"picked":"SKIP","floor":38},{"not_picked":["Rip and Tear+1","Loop","Lockon","Hologram+1"],"picked":"SKIP","floor":41},{"not_picked":["BootSequence+1","Steam+1","Force Field+1","Skim+1"],"picked":"SKIP","floor":41},{"not_picked":["Aggregate+1","Stack+1","BootSequence+1"],"picked":"Seek+1","floor":45},{"not_picked":["Tempest+1","BootSequence+1","Steam+1"],"picked":"Darkness+1","floor":46},{"not_picked":["Conserve Battery+1","Chaos+1","Rebound+1","Coolheaded+1"],"picked":"SKIP","floor":46},{"not_picked":["Turbo+1","Leap+1","Coolheaded+1","Compile Driver"],"picked":"SKIP","floor":54}],"player_experience":420331,"relics_obtained":[{"floor":6.0,"key":"Prayer Wheel"},{"floor":9.0,"key":"Question Card"},{"floor":12.0,"key":"Matryoshka"},{"floor":14,"key":"Smiling Mask"},{"floor":26,"key":"Regal Pillow"},{"floor":26,"key":"Toxic Egg 2"},{"floor":29,"key":"Art of War"},{"floor":34,"key":"Happy Flower"},{"floor":34,"key":"The Courier"},{"floor":34,"key":"FossilizedHelix"},{"floor":43,"key":"Boot"},{"floor":45,"key":"Old Coin"},{"floor":54,"key":"Anchor"}],"event_choices":[{"damage_healed":0.0,"max_hp_gain":0.0,"max_hp_loss":0.0,"gold_gain":75.0,"event_name":"World of Goop","player_choice":"Gather Gold","floor":2.0,"gold_loss":0.0,"damage_taken":11.0},{"damage_healed":0.0,"max_hp_gain":0.0,"max_hp_loss":0.0,"gold_gain":0.0,"event_name":"Golden Idol","player_choice":"Take Damage","floor":5.0,"gold_loss":0.0,"damage_taken":18.0,"relics_obtained":["Golden Idol"]},{"damage_healed":0.0,"max_hp_gain":0.0,"max_hp_loss":0.0,"gold_gain":0.0,"event_name":"Living Wall","player_choice":"Grow","floor":8.0,"gold_loss":0.0,"damage_taken":0.0,"cards_upgraded":["Dualcast"]},{"damage_healed":0,"gold_gain":0,"player_choice":"Searched \u00271\u0027 times","damage_taken":0,"max_hp_gain":0,"max_hp_loss":0,"event_name":"Dead Adventurer","floor":14,"gold_loss":0},{"damage_healed":0,"gold_gain":0,"player_choice":"Ignored","damage_taken":0,"max_hp_gain":0,"max_hp_loss":0,"event_name":"Ghosts","floor":22,"gold_loss":0},{"damage_healed":0,"gold_gain":0,"player_choice":"Read","damage_taken":0,"max_hp_gain":0,"max_hp_loss":0,"event_name":"The Library","floor":30,"gold_loss":0,"cards_obtained":["Defragment"]},{"damage_healed":0,"gold_gain":0,"player_choice":"Embrace Madness","damage_taken":9,"max_hp_gain":0,"max_hp_loss":0,"event_name":"Winding Halls","floor":37,"gold_loss":0,"cards_obtained":["Madness","Madness"]},{"damage_healed":0,"gold_gain":0,"player_choice":"Ignored","damage_taken":0,"max_hp_gain":0,"max_hp_loss":0,"event_name":"NoteForYourself","floor":39,"gold_loss":0},{"damage_healed":0,"gold_gain":0,"player_choice":"Ignored","damage_taken":0,"max_hp_gain":0,"max_hp_loss":0,"event_name":"Tomb of Lord Red Mask","floor":47,"gold_loss":0}],"is_beta":false,"boss_relics":[{"not_picked":["Cursed Key","White Beast Statue"],"picked":"Inserter"},{"not_picked":["Pandora\u0027s Box","Tiny House"],"picked":"Calling Bell"}],"items_purged_floors":[4,20,23,48,53],"is_endless":false,"potions_floor_spawned":[13,14,19,28,29,35,45],"ascension_level":0}