{"gold_per_floor":[16,28,39,39,4,4,16,16,40,40,40,40,67,85,85,186,186,206,206,206,217,217,217,17,31,108,208,220,232,232,50,50,151,151,164,164,164,264,281,311,311,341,341,354,374,374,4,4,4,4],"floor_reached":50,"playtime":7122,"items_purged":["Strike_B","Parasite"],"score":748,"play_id":"ceaa13ad-f874-4bb8-a713-1fd883d89524","local_time":"20190503203656","is_ascension_mode":true,"campfire_choices":[{"data":"Zap","floor":6,"key":"SMITH"},{"data":"Dualcast","floor":8,"key":"SMITH"},{"floor":11,"key":"REST"},{"data":"Chill","floor":15,"key":"SMITH"},{"floor":23,"key":"REST"},{"floor":32,"key":"REST"},{"floor":41,"key":"REST"},{"floor":46,"key":"REST"},{"floor":49,"key":"REST"}],"neow_cost":"NO_GOLD","seed_source_timestamp":208671389113604,"circlet_count":0,"master_deck":["Defend_B","Zap+1","Dualcast+1","Reinforced Body","Blizzard","Cold Snap","Glacier","Chill+1","Go for the Eyes","Rainbow","Ball Lightning","Conserve Battery","Hologram+1","Melter","Coolheaded","Cold Snap","Go for the Eyes+1","Self Repair+1","Leap","Cold Snap+1","Conserve Battery","Machine Learning","Thunder Strike+1","Steam+1","FTL+1","Hologram","Madness","Madness","Stack+1","Beam Cell+1","Cold Snap+1","Capacitor+1"],"relics":["Cracked Core","Ginger","Regal Pillow","Bag of Preparation","Odd Mushroom","Nuclear Battery","Sundial","Nilry\u0027s Codex","Dodecahedron","FossilizedHelix","Molten Egg 2","Lantern","Astrolabe","Mango","Peace Pipe","Bronze Scales","Oddly Smooth Stone"],"potions_floor_usage":[16,25,27,33,33,38,40,42,44,50,50],"damage_taken":[{"damage":13,"enemies":"Jaw Worm","floor":1,"turns":4},{"damage":6,"enemies":"Small Slimes","floor":2,"turns":3},{"damage":1,"enemies":"2 Louse","floor":3,"turns":3},{"damage":6,"enemies":"Looter","floor":7,"turns":3},{"damage":8,"enemies":"The Mushroom Lair","floor":13,"turns":4},{"damage":0,"enemies":"Exordium Wildlife","floor":14,"turns":5},{"damage":19,"enemies":"The Guardian","floor":16,"turns":15},{"damage":3,"enemies":"Shell Parasite","floor":18,"turns":8},{"damage":11,"enemies":"3 Byrds","floor":21,"turns":5},{"damage":16,"enemies":"3 Cultists","floor":25,"turns":6},{"damage":2,"enemies":"Colosseum Slavers","floor":27,"turns":5},{"damage":10,"enemies":"Colosseum Nobs","floor":27,"turns":5},{"damage":11,"enemies":"Cultist and Chosen","floor":28,"turns":7},{"damage":4,"enemies":"Sentry and Sphere","floor":29,"turns":6},{"damage":0,"enemies":"Champ","floor":33,"turns":14},{"damage":0,"enemies":"Orb Walker","floor":35,"turns":4},{"damage":0,"enemies":"Mind Bloom Boss Battle","floor":38,"turns":8},{"damage":0,"enemies":"3 Shapes","floor":39,"turns":7},{"damage":46,"enemies":"Nemesis","floor":40,"turns":7},{"damage":83,"enemies":"Giant Head","floor":42,"turns":13},{"damage":0,"enemies":"Sphere and 2 Shapes","floor":44,"turns":4},{"damage":29,"enemies":"Writhing Mass","floor":45,"turns":8},{"damage":91,"enemies":"Time Eater","floor":50,"turns":15}],"seed_played":"-4455917269129741697","potions_obtained":[{"floor":2,"key":"Explosive Potion"},{"floor":7,"key":"FearPotion"},{"floor":14,"key":"SpeedPotion"},{"floor":21,"key":"Fire Potion"},{"floor":25,"key":"Block Potion"},{"floor":33,"key":"Fire Potion"},{"floor":38,"key":"EssenceOfSteel"},{"floor":40,"key":"LiquidBronze"},{"floor":42,"key":"PowerPotion"},{"floor":45,"key":"Fire Potion"}],"is_trial":false,"path_per_floor":["M","M","M","?","?","R","M","R","T","?","R","?","?","M","R","B",null,"M","?","T","M","?","R","$","M","T","?","M","M","?","$","R","B",null,"M","?","?","?","M","E","R","E","T","M","M","R","$","?","R","B"],"character_chosen":"DEFECT","items_purchased":["Melter","Coolheaded","Lantern","Conserve Battery","Oddly Smooth Stone","EssenceOfSteel","Dexterity Potion"],"campfire_rested":6,"item_purchase_floors":[24,24,31,31,47,47,47],"current_hp_per_floor":[62,56,55,48,66,66,60,60,60,35,72,77,69,69,69,50,73,70,70,70,59,43,80,80,64,64,52,41,47,47,47,80,80,80,80,70,70,94,94,58,94,21,21,31,12,55,55,55,91,0],"gold":4,"neow_bonus":"ONE_RARE_RELIC","is_prod":false,"is_daily":false,"chose_seed":false,"campfire_upgraded":3,"win_rate":0,"timestamp":1556941016,"path_taken":["M","M","M","?","?","R","M","R","T","?","R","?","?","M","R","BOSS","M","?","?","M","?","R","$","M","T","?","M","M","?","?","R","BOSS","M","?","?","?","M","E","R","E","T","M","M","R","?","?","R","BOSS"],"build_version":"2019-01-23","purchased_purges":2,"victory":false,"max_hp_per_floor":[75,75,75,75,75,75,75,75,75,75,75,80,80,80,80,80,80,80,80,80,80,80,80,80,80,80,80,80,80,80,80,80,80,80,80,80,80,94,94,94,94,94,94,94,94,94,91,91,91,91],"card_choices":[{"not_picked":["Turbo","Aggregate"],"picked":"Reinforced Body","floor":1},{"not_picked":["Steam Power","Gash"],"picked":"Blizzard","floor":2},{"not_picked":["Coolheaded","Turbo"],"picked":"Cold Snap","floor":3},{"not_picked":["Stack","Compile Driver"],"picked":"Glacier","floor":7},{"not_picked":["Thunder Strike","Conserve Battery"],"picked":"Chill","floor":13},{"not_picked":["Beam Cell","Melter"],"picked":"Go for the Eyes","floor":14},{"not_picked":["Reboot","Multi-Cast"],"picked":"Rainbow","floor":16},{"not_picked":["Rebound+1","Go for the Eyes"],"picked":"Ball Lightning","floor":18},{"not_picked":["Loop","Skim"],"picked":"Hologram+1","floor":21},{"not_picked":["Hello World","Ball Lightning"],"picked":"Cold Snap","floor":25},{"not_picked":["Redo","Gash+1"],"picked":"Go for the Eyes+1","floor":27},{"not_picked":["Turbo","Hologram+1"],"picked":"Self Repair+1","floor":28},{"not_picked":["Auto Shields","FTL+1"],"picked":"Leap","floor":29},{"not_picked":["Biased Cognition","Thunder Strike+1"],"picked":"Machine Learning","floor":33},{"not_picked":["Chaos","Compile Driver+1"],"picked":"Hologram","floor":35},{"not_picked":["Barrage+1","Undo"],"picked":"Stack+1","floor":38},{"not_picked":["Sunder+1","Hologram"],"picked":"Beam Cell+1","floor":39},{"not_picked":["Biased Cognition","Ball Lightning+1"],"picked":"Cold Snap+1","floor":40},{"not_picked":["Undo+1","Hologram","Heatsinks"],"picked":"SKIP","floor":42},{"not_picked":["Gash+1","Lockon+1","Undo+1"],"picked":"SKIP","floor":44},{"not_picked":["Compile Driver+1","Beam Cell+1"],"picked":"Capacitor+1","floor":45}],"player_experience":244912,"relics_obtained":[{"floor":9,"key":"Regal Pillow"},{"floor":13,"key":"Odd Mushroom"},{"floor":20,"key":"Sundial"},{"floor":22,"key":"Nilry\u0027s Codex"},{"floor":26,"key":"Dodecahedron"},{"floor":27,"key":"FossilizedHelix"},{"floor":27,"key":"Molten Egg 2"},{"floor":38,"key":"Mango"},{"floor":40,"key":"Peace Pipe"},{"floor":42,"key":"Bronze Scales"}],"event_choices":[{"cards_removed":["Strike_B"],"damage_healed":0,"gold_gain":0,"player_choice":"Card Removal","damage_taken":7,"max_hp_gain":0,"max_hp_loss":0,"event_name":"Golden Wing","floor":4,"gold_loss":0},{"damage_healed":18,"gold_gain":0,"player_choice":"Healed","damage_taken":0,"max_hp_gain":0,"max_hp_loss":0,"event_name":"The Cleric","floor":5,"gold_loss":35},{"damage_healed":0,"gold_gain":0,"player_choice":"Success","damage_taken":25,"relics_obtained":["Bag of Preparation"],"max_hp_gain":0,"max_hp_loss":0,"event_name":"Scrap Ooze","floor":10,"gold_loss":0},{"damage_healed":0,"gold_gain":0,"player_choice":"Donut","damage_taken":0,"max_hp_gain":5,"max_hp_loss":0,"event_name":"Big Fish","floor":12,"gold_loss":0},{"damage_healed":0,"gold_gain":0,"player_choice":"Fought Mushrooms","damage_taken":0,"max_hp_gain":0,"max_hp_loss":0,"event_name":"Mushrooms","floor":13,"gold_loss":0},{"damage_healed":0,"gold_gain":0,"player_choice":"Read","damage_taken":0,"max_hp_gain":0,"max_hp_loss":0,"event_name":"The Library","floor":19,"gold_loss":0,"cards_obtained":["Conserve Battery"]},{"damage_healed":0,"gold_gain":0,"player_choice":"Obtained Book","damage_taken":16,"max_hp_gain":0,"max_hp_loss":0,"event_name":"Cursed Tome","floor":22,"gold_loss":0},{"damage_healed":0,"gold_gain":0,"player_choice":"Fight","damage_taken":0,"max_hp_gain":0,"max_hp_loss":0,"event_name":"Colosseum","floor":27,"gold_loss":0},{"damage_healed":0,"gold_gain":0,"player_choice":"Fought Nobs","damage_taken":0,"max_hp_gain":0,"max_hp_loss":0,"event_name":"Colosseum","floor":27,"gold_loss":0},{"damage_healed":0,"gold_gain":0,"cards_transformed":["Strike_B","Strike_B"],"player_choice":"Became Test Subject","damage_taken":0,"max_hp_gain":0,"max_hp_loss":0,"event_name":"Drug Dealer","floor":30,"gold_loss":0,"cards_obtained":["Cold Snap","Force Field"]},{"damage_healed":0,"gold_gain":0,"player_choice":"Embrace Madness","damage_taken":10,"max_hp_gain":0,"max_hp_loss":0,"event_name":"Winding Halls","floor":36,"gold_loss":0,"cards_obtained":["Madness","Madness"]},{"cards_removed":["Force Field"],"damage_healed":0,"gold_gain":0,"player_choice":"Removed Skill","damage_taken":0,"max_hp_gain":0,"max_hp_loss":0,"event_name":"Falling","floor":37,"gold_loss":0},{"damage_healed":0,"gold_gain":0,"player_choice":"Fight","damage_taken":0,"max_hp_gain":0,"max_hp_loss":0,"event_name":"MindBloom","floor":38,"gold_loss":0},{"damage_healed":0,"gold_gain":0,"player_choice":"Ignored","damage_taken":0,"max_hp_gain":0,"max_hp_loss":0,"event_name":"Mysterious Sphere","floor":48,"gold_loss":0}],"is_beta":false,"boss_relics":[{"not_picked":["Lizard Tail","Snecko Eye"],"picked":"Nuclear Battery"},{"not_picked":["Busted Crown","White Beast Statue"],"picked":"Astrolabe"}],"items_purged_floors":[24,47],"is_endless":false,"potions_floor_spawned":[2,7,14,21,25,33,38,40,42,45],"killed_by":"Time Eater","ascension_level":5}