{"gold_per_floor":[114,130,149,169,94,94,121,121,193,26,41,56,56,11,11,86,86,99,118,118,118,131,131,141,141,164,176,188,228,240],"floor_reached":30,"playtime":1208,"items_purged":[],"score":463,"play_id":"cc6d9e11-cb69-4c81-a184-9381df06fe56","local_time":"20190605220656","is_ascension_mode":true,"campfire_choices":[{"data":"Noxious Fumes","floor":6.0,"key":"SMITH"},{"data":"Dagger Spray","floor":8.0,"key":"SMITH"},{"floor":13,"key":"REST"},{"data":"Corpse Explosion","floor":15,"key":"SMITH"},{"data":"Noxious Fumes","floor":23,"key":"SMITH"},{"data":"Crippling Poison","floor":25,"key":"SMITH"},{"floor":27,"key":"REST"}],"neow_cost":"NONE","seed_source_timestamp":344149122565176,"circlet_count":0,"master_deck":["AscendersBane","Defend_G","Defend_G","Defend_G","Strike_G","Strike_G","Survivor","Neutralize+1","Predator","Backflip","Noxious Fumes+1","Dagger Spray+1","Blade Dance","Corpse Explosion+1","Well Laid Plans","All Out Attack+1","Venomology+1","Outmaneuver+1","Noxious Fumes+1","Backflip","Crippling Poison+1","Tools of the Trade"],"special_seed":0,"relics":["Ring of the Snake","Turnip","Kunai","Oddly Smooth Stone","Astrolabe","MawBank","Potion Belt"],"potions_floor_usage":[12,16,18,19,22,24,29,29,30],"damage_taken":[{"damage":1.0,"enemies":"Small Slimes","floor":1.0,"turns":6.0},{"damage":4.0,"enemies":"Jaw Worm","floor":2.0,"turns":4.0},{"damage":4.0,"enemies":"Cultist","floor":3.0,"turns":4.0},{"damage":3.0,"enemies":"2 Fungi Beasts","floor":4.0,"turns":4.0},{"damage":20.0,"enemies":"Lagavulin","floor":7.0,"turns":7.0},{"damage":10,"enemies":"Looter","floor":11,"turns":3},{"damage":5,"enemies":"Gremlin Gang","floor":12,"turns":2},{"damage":15,"enemies":"The Guardian","floor":16,"turns":9},{"damage":18,"enemies":"Spheric Guardian","floor":18,"turns":5},{"damage":15,"enemies":"Shell Parasite","floor":19,"turns":6},{"damage":1,"enemies":"Centurion and Healer","floor":22,"turns":4},{"damage":3,"enemies":"Cultist and Chosen","floor":24,"turns":5},{"damage":24,"enemies":"Slavers","floor":29,"turns":3},{"damage":18,"enemies":"Snake Plant","floor":30,"turns":3}],"seed_played":"8571494326065593323","potions_obtained":[{"floor":1.0,"key":"Block Potion"},{"floor":7.0,"key":"Strength Potion"},{"floor":12,"key":"Regen Potion"},{"floor":24,"key":"Explosive Potion"}],"is_trial":false,"path_per_floor":["M","M","M","M","?","R","E","R","T","$","M","M","R","$","R","B",null,"M","M","?","?","M","R","M","R","T","R","?","E","M"],"character_chosen":"THE_SILENT","items_purchased":["Oddly Smooth Stone","Well Laid Plans"],"campfire_rested":2,"item_purchase_floors":[10,14],"current_hp_per_floor":[58,54,50,47,47,47,27,27,27,27,17,12,31,31,31,31,57,39,24,24,24,23,23,20,20,20,39,39,15,0],"gold":240,"neow_bonus":"UPGRADE_CARD","is_prod":false,"is_daily":false,"chose_seed":false,"campfire_upgraded":5,"win_rate":0,"timestamp":1559743616,"path_taken":["M","M","M","M","?","R","E","R","T","$","M","M","R","$","R","BOSS","M","M","?","?","?","R","M","R","T","R","?","E","M"],"build_version":"2019-01-23","purchased_purges":0,"victory":false,"max_hp_per_floor":[66,66,66,66,66,66,66,66,66,66,66,66,66,66,66,66,66,66,66,66,66,66,66,66,66,66,66,66,66,66],"card_choices":[{"not_picked":["Accuracy","Dodge and Roll"],"picked":"Predator","floor":1.0},{"not_picked":["Concentrate","Underhanded Strike"],"picked":"Backflip","floor":2.0},{"not_picked":["Heel Hook","Dodge and Roll"],"picked":"Noxious Fumes","floor":3.0},{"not_picked":["Finisher","Deadly Poison","Sucker Punch"],"picked":"SKIP","floor":4.0},{"not_picked":["Concentrate","Quick Slash"],"picked":"Dagger Spray","floor":7.0},{"not_picked":["Quick Slash","Caltrops"],"picked":"Blade Dance","floor":11},{"not_picked":["Heel Hook","Escape Plan"],"picked":"Corpse Explosion","floor":12},{"not_picked":["Leg Sweep","Skewer"],"picked":"Noxious Fumes","floor":18},{"not_picked":["Poisoned Stab","Dagger Spray"],"picked":"Backflip","floor":19},{"not_picked":["Heel Hook","Backflip","Outmaneuver"],"picked":"SKIP","floor":22},{"not_picked":["Acrobatics","Riddle With Holes"],"picked":"Crippling Poison","floor":24},{"not_picked":["Underhanded Strike","Prepared"],"picked":"Tools of the Trade","floor":29}],"player_experience":630798,"relics_obtained":[{"floor":7.0,"key":"Turnip"},{"floor":9.0,"key":"Kunai"},{"floor":26,"key":"MawBank"},{"floor":29,"key":"Potion Belt"}],"event_choices":[{"cards_removed":["Defend_G"],"damage_healed":0.0,"max_hp_gain":0.0,"max_hp_loss":0.0,"gold_gain":0.0,"event_name":"The Cleric","player_choice":"Card Removal","floor":5.0,"gold_loss":75.0,"damage_taken":0.0},{"damage_healed":0,"gold_gain":0,"player_choice":"Ignored","damage_taken":0,"max_hp_gain":0,"max_hp_loss":0,"event_name":"Ghosts","floor":20,"gold_loss":0},{"cards_removed":["Strike_G"],"damage_healed":0,"gold_gain":0,"player_choice":"Offered Basic","damage_taken":0,"max_hp_gain":0,"max_hp_loss":0,"event_name":"Bonfire Elementals","floor":21,"gold_loss":0},{"damage_healed":0,"gold_gain":0,"player_choice":"Ignored","damage_taken":0,"max_hp_gain":0,"max_hp_loss":0,"event_name":"The Mausoleum","floor":28,"gold_loss":0}],"is_beta":false,"boss_relics":[{"not_picked":["Tiny House","Empty Cage"],"picked":"Astrolabe"}],"items_purged_floors":[],"is_endless":false,"potions_floor_spawned":[1,7,11,12,24],"killed_by":"Snake Plant","ascension_level":17}