{"gold_per_floor":[17,17,27,43,61,61,89,89,166,196,266,300,67,67,67,67],"floor_reached":16,"playtime":1023,"items_purged":["Strike_G"],"score":148,"play_id":"5eb04b8f-6a1d-45ac-8e96-649e4d1ae579","local_time":"20190211021148","is_ascension_mode":true,"campfire_choices":[{"data":"All Out Attack","floor":6,"key":"SMITH"},{"floor":8,"key":"REST"},{"floor":15,"key":"REST"}],"neow_cost":"NO_GOLD","seed_source_timestamp":2724499529571998,"circlet_count":0,"master_deck":["Defend_G","Defend_G","Defend_G","Defend_G","Defend_G","Strike_G","Strike_G","Strike_G","Strike_G","Survivor","Neutralize+1","All Out Attack+1","Dodge and Roll","Tools of the Trade","Bouncing Flask","Footwork+1","PiercingWail","Dash"],"relics":["Ring of the Snake","Pocketwatch","Nunchaku","Gremlin Horn","Regal Pillow","Frozen Egg 2"],"potions_floor_usage":[7,12,16,16],"damage_taken":[{"damage":1,"enemies":"2 Louse","floor":1,"turns":4},{"damage":0,"enemies":"Cultist","floor":3,"turns":4},{"damage":1,"enemies":"Jaw Worm","floor":4,"turns":3},{"damage":15,"enemies":"Gremlin Gang","floor":5,"turns":4},{"damage":29,"enemies":"Lagavulin","floor":7,"turns":8},{"damage":15,"enemies":"Gremlin Nob","floor":10,"turns":5},{"damage":25,"enemies":"3 Sentries","floor":12,"turns":4},{"damage":55,"enemies":"Slime Boss","floor":16,"turns":6}],"seed_played":"1527988439953166174","potions_obtained":[{"floor":5,"key":"Explosive Potion"},{"floor":7,"key":"LiquidBronze"},{"floor":12,"key":"Swift Potion"},{"floor":14,"key":"LiquidBronze"},{"floor":14,"key":"FearPotion"},{"floor":14,"key":"SpeedPotion"}],"is_trial":false,"path_per_floor":["M","?","M","M","M","R","E","R","T","E","?","E","$","?","R","B"],"character_chosen":"THE_SILENT","items_purchased":["Footwork+1","PiercingWail","Dash"],"campfire_rested":2,"item_purchase_floors":[13,13,13],"current_hp_per_floor":[69,69,69,68,53,53,24,45,45,30,30,5,5,5,41,0],"gold":67,"neow_bonus":"ONE_RARE_RELIC","is_prod":false,"is_daily":false,"chose_seed":false,"campfire_upgraded":1,"win_rate":0,"timestamp":1549869108,"path_taken":["M","?","M","?","?","R","E","R","T","E","?","E","$","?","R","BOSS"],"build_version":"2019-01-23","purchased_purges":1,"victory":false,"max_hp_per_floor":[70,70,70,70,70,70,70,70,70,70,70,70,70,70,70,70],"card_choices":[{"not_picked":["Slice","Blade Dance","Acrobatics"],"picked":"SKIP","floor":1},{"not_picked":["Dagger Spray","Backstab"],"picked":"All Out Attack","floor":3},{"not_picked":["Bane","Escape Plan"],"picked":"Dodge and Roll","floor":4},{"not_picked":["Underhanded Strike","Slice","Deflect"],"picked":"SKIP","floor":5},{"not_picked":["Outmaneuver","Sucker Punch"],"picked":"Tools of the Trade","floor":7},{"not_picked":["Distraction","Sucker Punch","Dodge and Roll"],"picked":"SKIP","floor":10},{"not_picked":["Outmaneuver","Sucker Punch"],"picked":"Bouncing Flask","floor":12}],"player_experience":189152,"relics_obtained":[{"floor":7,"key":"Nunchaku"},{"floor":9,"key":"Gremlin Horn"},{"floor":10,"key":"Regal Pillow"},{"floor":12,"key":"Frozen Egg 2"}],"event_choices":[{"damage_healed":0,"gold_gain":0,"player_choice":"Forge","damage_taken":0,"max_hp_gain":0,"max_hp_loss":0,"event_name":"Accursed Blacksmith","floor":2,"gold_loss":0,"cards_upgraded":["Neutralize"]},{"damage_healed":0,"gold_gain":70,"player_choice":"Gained Gold","damage_taken":0,"max_hp_gain":0,"max_hp_loss":0,"event_name":"Golden Wing","floor":11,"gold_loss":0},{"damage_healed":0,"gold_gain":0,"player_choice":"Got Potions","damage_taken":0,"max_hp_gain":0,"max_hp_loss":0,"event_name":"Lab","floor":14,"gold_loss":0}],"is_beta":false,"boss_relics":[],"items_purged_floors":[13],"is_endless":false,"potions_floor_spawned":[5,7,12],"killed_by":"Slime Boss","ascension_level":5}