{"gold_per_floor":[118,118,134,134,149,149,164,164,164,177,102,130,142,4,4,99,99,116,116,135,135,146,179,197,23,92,92,92,104,123,123,123,223,223,238,238,249,249,266,266,278,294,294,306,306,333,48,67,67,67],"floor_reached":51,"playtime":1854,"items_purged":["Strike_B","Strike_B","Strike_B","Defend_B"],"score":801,"play_id":"4ed60b98-386c-4fa0-8baa-3901fdac8abd","local_time":"20190422163247","is_ascension_mode":false,"campfire_choices":[{"data":"Zap","floor":6,"key":"SMITH"},{"data":"Doom and Gloom","floor":8,"key":"SMITH"},{"data":"Dualcast","floor":15,"key":"SMITH"},{"data":"Electrodynamics","floor":27,"key":"SMITH"},{"data":"Conserve Battery","floor":32,"key":"SMITH"},{"data":"Consume","floor":40,"key":"SMITH"},{"data":"Echo Form","floor":45,"key":"SMITH"},{"data":"Seek","floor":49,"key":"SMITH"}],"neow_cost":"NONE","seed_source_timestamp":645891907446345,"circlet_count":0,"master_deck":["Defend_B","Defend_B","Zap+1","Dualcast+1","Consume+1","Doom and Gloom+1","BootSequence+1","Sweeping Beam","Electrodynamics+1","RitualDagger","Ball Lightning","Self Repair","Loop+1","Conserve Battery+1","Loop+1","Auto Shields+1","Cold Snap+1","Seek+1","Lockon+1","Consume+1","Echo Form+1","White Noise+1","Jack Of All Trades","Coolheaded"],"relics":["FrozenCore","Thread and Needle","Mango","MawBank","Mummified Hand","Gremlin Horn","Strawberry","Inserter","Pear","Regal Pillow"],"potions_floor_usage":[12,33,41,41,44,50,50,50],"damage_taken":[{"damage":12,"enemies":"Small Slimes","floor":1,"turns":3},{"damage":2,"enemies":"Jaw Worm","floor":3,"turns":4},{"damage":0,"enemies":"2 Louse","floor":5,"turns":2},{"damage":6,"enemies":"2 Fungi Beasts","floor":7,"turns":4},{"damage":2,"enemies":"3 Louse","floor":10,"turns":2},{"damage":14,"enemies":"Lagavulin","floor":12,"turns":5},{"damage":18,"enemies":"The Guardian","floor":16,"turns":10},{"damage":0,"enemies":"3 Byrds","floor":18,"turns":2},{"damage":0,"enemies":"Chosen","floor":20,"turns":4},{"damage":4,"enemies":"Snecko","floor":22,"turns":4},{"damage":15,"enemies":"Slavers","floor":23,"turns":2},{"damage":9,"enemies":"Cultist and Chosen","floor":24,"turns":5},{"damage":0,"enemies":"Shelled Parasite and Fungi","floor":29,"turns":4},{"damage":9,"enemies":"Chosen and Byrds","floor":30,"turns":5},{"damage":29,"enemies":"Collector","floor":33,"turns":8},{"damage":7,"enemies":"3 Darklings","floor":35,"turns":3},{"damage":0,"enemies":"Orb Walker","floor":37,"turns":5},{"damage":0,"enemies":"Sphere and 2 Shapes","floor":39,"turns":3},{"damage":16,"enemies":"Spire Growth","floor":41,"turns":4},{"damage":0,"enemies":"Transient","floor":42,"turns":5},{"damage":0,"enemies":"Sphere and 2 Shapes","floor":44,"turns":5},{"damage":0,"enemies":"Nemesis","floor":46,"turns":5},{"damage":22,"enemies":"Spire Growth","floor":48,"turns":7},{"damage":64,"enemies":"Time Eater","floor":50,"turns":10}],"seed_played":"-6028209287687184800","potions_obtained":[{"floor":3,"key":"SneckoOil"},{"floor":5,"key":"Regen Potion"},{"floor":7,"key":"LiquidBronze"},{"floor":16,"key":"Regen Potion"},{"floor":23,"key":"FearPotion"},{"floor":30,"key":"PowerPotion"},{"floor":38,"key":"Fire Potion"},{"floor":38,"key":"PowerPotion"},{"floor":38,"key":"AttackPotion"},{"floor":41,"key":"SpeedPotion"},{"floor":42,"key":"Swift Potion"},{"floor":44,"key":"SpeedPotion"}],"is_trial":false,"path_per_floor":["M","?","M","?","M","R","M","R","T","M","$","E","?","$","R","B",null,"M","?","M","?","M","E","M","$","T","R","?","M","M","?","R","B",null,"M","?","M","?","M","R","M","M","T","M","R","E","$","M","R","B",null],"character_chosen":"DEFECT","items_purchased":["Sweeping Beam","Conserve Battery","SkillPotion","Jack Of All Trades"],"campfire_rested":0,"item_purchase_floors":[14,25,47,47],"current_hp_per_floor":[63,63,61,54,54,54,48,48,62,60,60,58,40,40,40,22,89,89,83,83,83,86,78,76,76,76,76,76,83,81,88,88,66,96,96,96,96,96,96,96,87,94,104,104,104,106,106,91,91,27],"gold":67,"neow_bonus":"REMOVE_CARD","is_prod":false,"is_daily":false,"chose_seed":false,"campfire_upgraded":8,"win_rate":0,"timestamp":1555943567,"path_taken":["M","?","M","?","M","R","M","R","T","M","$","E","?","$","R","BOSS","M","?","M","?","M","E","M","$","T","R","?","M","?","?","R","BOSS","M","?","M","?","?","R","M","M","T","M","R","E","$","M","R","BOSS"],"build_version":"2019-01-23","purchased_purges":4,"victory":true,"max_hp_per_floor":[75,75,75,75,75,75,75,75,89,89,89,89,89,89,89,89,89,89,89,89,89,89,89,89,89,89,89,89,89,89,96,96,96,96,96,96,96,96,96,96,96,96,106,106,106,106,106,106,106,106],"card_choices":[{"not_picked":["Turbo","Beam Cell","Go for the Eyes"],"picked":"SKIP","floor":1},{"not_picked":["Auto Shields","Streamline"],"picked":"Consume","floor":3},{"not_picked":["Compile Driver","Scrape","Stack"],"picked":"SKIP","floor":5},{"not_picked":["Double Energy","Coolheaded"],"picked":"Doom and Gloom","floor":7},{"not_picked":["Barrage","Redo","Rebound"],"picked":"SKIP","floor":10},{"not_picked":["Fusion","Leap"],"picked":"BootSequence","floor":12},{"not_picked":["Hyperbeam","All For One"],"picked":"Electrodynamics","floor":16},{"not_picked":["Beam Cell","Aggregate","Stack"],"picked":"SKIP","floor":18},{"not_picked":["Gash","Rebound"],"picked":"Ball Lightning","floor":20},{"not_picked":["Steam","Scrape","Beam Cell"],"picked":"SKIP","floor":22},{"not_picked":["Turbo+1","Coolheaded+1","Heatsinks"],"picked":"SKIP","floor":23},{"not_picked":["Sweeping Beam+1","Stack"],"picked":"Loop+1","floor":24},{"not_picked":["Compile Driver","Ball Lightning"],"picked":"Auto Shields+1","floor":29},{"not_picked":["Steam+1","Lockon"],"picked":"Cold Snap+1","floor":30},{"not_picked":["Rainbow","Buffer"],"picked":"Seek","floor":33},{"not_picked":["Hello World","Genetic Algorithm","Steam+1"],"picked":"SKIP","floor":35},{"not_picked":["Coolheaded","Beam Cell+1","Machine Learning"],"picked":"SKIP","floor":37},{"not_picked":["Gash","Go for the Eyes+1"],"picked":"Lockon+1","floor":39},{"not_picked":["Conserve Battery","Cold Snap","Streamline"],"picked":"SKIP","floor":41},{"not_picked":["Sweeping Beam","Beam Cell+1"],"picked":"Consume+1","floor":42},{"not_picked":["Rip and Tear+1","Compile Driver+1"],"picked":"Echo Form","floor":44},{"not_picked":["Sweeping Beam","Loop"],"picked":"White Noise+1","floor":46},{"not_picked":["Go for the Eyes","Redo+1"],"picked":"Coolheaded","floor":48}],"player_experience":264817,"relics_obtained":[{"floor":9,"key":"Mango"},{"floor":12,"key":"MawBank"},{"floor":23,"key":"Mummified Hand"},{"floor":26,"key":"Gremlin Horn"},{"floor":43,"key":"Pear"},{"floor":46,"key":"Regal Pillow"}],"event_choices":[{"damage_healed":0,"gold_gain":0,"player_choice":"Box","damage_taken":0,"relics_obtained":["Thread and Needle"],"max_hp_gain":0,"max_hp_loss":0,"event_name":"Big Fish","floor":2,"gold_loss":0,"cards_obtained":["Regret"]},{"cards_removed":["Regret"],"damage_healed":0,"gold_gain":0,"player_choice":"Card Removal","damage_taken":7,"max_hp_gain":0,"max_hp_loss":0,"event_name":"Golden Wing","floor":4,"gold_loss":0},{"damage_healed":0,"gold_gain":0,"player_choice":"Entered Light","damage_taken":18,"max_hp_gain":0,"max_hp_loss":0,"event_name":"Shining Light","floor":13,"gold_loss":0,"cards_upgraded":["Defend_B","BootSequence"]},{"damage_healed":0,"gold_gain":0,"player_choice":"Joined the Cult","damage_taken":6,"max_hp_gain":0,"max_hp_loss":0,"event_name":"Nest","floor":19,"gold_loss":0,"cards_obtained":["RitualDagger"]},{"damage_healed":0,"gold_gain":0,"player_choice":"Read","damage_taken":0,"max_hp_gain":0,"max_hp_loss":0,"event_name":"The Library","floor":21,"gold_loss":0,"cards_obtained":["Self Repair"]},{"damage_healed":0,"gold_gain":0,"player_choice":"Copied","damage_taken":0,"max_hp_gain":0,"max_hp_loss":0,"event_name":"Duplicator","floor":28,"gold_loss":0,"cards_obtained":["Loop"]},{"damage_healed":0,"gold_gain":0,"player_choice":"Opened","damage_taken":0,"relics_obtained":["Strawberry"],"max_hp_gain":0,"max_hp_loss":0,"event_name":"The Mausoleum","floor":31,"gold_loss":0},{"cards_removed":["Defend_B"],"damage_healed":0,"gold_gain":0,"player_choice":"Removed Skill","damage_taken":0,"max_hp_gain":0,"max_hp_loss":0,"event_name":"Falling","floor":36,"gold_loss":0},{"damage_healed":0,"gold_gain":0,"player_choice":"Got Potions","damage_taken":0,"max_hp_gain":0,"max_hp_loss":0,"event_name":"Lab","floor":38,"gold_loss":0}],"is_beta":false,"boss_relics":[{"not_picked":["Coffee Dripper","Eternal Feather"],"picked":"FrozenCore"},{"not_picked":["Pandora\u0027s Box","White Beast Statue"],"picked":"Inserter"}],"items_purged_floors":[11,14,25,47],"is_endless":false,"potions_floor_spawned":[3,5,7,16,23,24,30,41,42,44,46],"ascension_level":0}