{"gold_per_floor":[112,387,401,401,420,458,458,55,55,55,130,95,111,124,124,124],"floor_reached":16,"playtime":521,"items_purged":["Regret"],"score":150,"play_id":"ec92212b-c594-477d-a649-d09edbb34e3b","local_time":"20190423201405","is_ascension_mode":false,"campfire_choices":[{"floor":7,"key":"REST"},{"data":"Accuracy","floor":10,"key":"SMITH"},{"floor":15,"key":"REST"}],"neow_cost":"NONE","seed_source_timestamp":746913339238477,"circlet_count":0,"master_deck":["Defend_G","Defend_G","Defend_G","Defend_G","Defend_G","Strike_G","Strike_G","Strike_G","Strike_G","Strike_G","Survivor","Neutralize","Terror","Accuracy+1","Riddle With Holes","Blade Dance","Finisher","Blade Dance","Blade Dance","Injury","Caltrops","Dodge and Roll","Leg Sweep","Die Die Die+1","Dodge and Roll","Outmaneuver"],"relics":["Orrery","Golden Idol","Molten Egg 2","Shuriken","Mercury Hourglass","Darkstone Periapt"],"potions_floor_usage":[11],"damage_taken":[{"damage":0,"enemies":"Small Slimes","floor":1,"turns":2},{"damage":0,"enemies":"Cultist","floor":3,"turns":2},{"damage":6,"enemies":"Jaw Worm","floor":5,"turns":2},{"damage":35,"enemies":"Gremlin Nob","floor":6,"turns":4},{"damage":47,"enemies":"Lagavulin Event","floor":11,"turns":6},{"damage":4,"enemies":"Blue Slaver","floor":13,"turns":2},{"damage":0,"enemies":"3 Louse","floor":14,"turns":3}],"seed_played":"-341629069063664596","potions_obtained":[{"floor":5,"key":"Ancient Potion"},{"floor":13,"key":"Strength Potion"}],"is_trial":false,"path_per_floor":["M","?","M","?","M","E","R","$","T","R","?","?","M","M","R","B"],"character_chosen":"THE_SILENT","items_purchased":["Shuriken","Leg Sweep"],"campfire_rested":2,"item_purchase_floors":[8,8],"current_hp_per_floor":[70,70,70,70,64,29,50,50,50,50,3,20,16,16,37,0],"gold":124,"neow_bonus":"BOSS_RELIC","is_prod":false,"is_daily":false,"chose_seed":false,"campfire_upgraded":1,"win_rate":0,"timestamp":1556043245,"path_taken":["M","?","?","?","M","E","R","$","T","R","?","?","M","M","R","BOSS"],"build_version":"2019-01-23","purchased_purges":1,"victory":false,"max_hp_per_floor":[70,70,70,70,70,70,70,70,70,70,70,70,70,70,70,70],"card_choices":[{"not_picked":["PiercingWail","Poisoned Stab"],"picked":"Terror","floor":0},{"not_picked":["Skewer","Leg Sweep"],"picked":"Accuracy","floor":0},{"not_picked":["Acrobatics","Flying Knee"],"picked":"Riddle With Holes","floor":0},{"not_picked":["Choke","Distraction"],"picked":"Blade Dance","floor":0},{"not_picked":["Skewer","Prepared"],"picked":"Finisher","floor":0},{"not_picked":["Sucker Punch","Endless Agony"],"picked":"Blade Dance","floor":1},{"not_picked":["Slice","Acrobatics"],"picked":"Blade Dance","floor":3},{"not_picked":["Eviscerate","Bane"],"picked":"Caltrops","floor":5},{"not_picked":["Deflect","Skewer"],"picked":"Dodge and Roll","floor":6},{"not_picked":["Sucker Punch+1","Dagger Spray+1"],"picked":"Die Die Die+1","floor":11},{"not_picked":["Crippling Poison","Poisoned Stab+1"],"picked":"Dodge and Roll","floor":13},{"not_picked":["Dagger Throw+1","Dodge and Roll"],"picked":"Outmaneuver","floor":14}],"player_experience":268140,"relics_obtained":[{"floor":6,"key":"Molten Egg 2"},{"floor":9,"key":"Mercury Hourglass"}],"event_choices":[{"damage_healed":0,"gold_gain":275,"player_choice":"Desecrate","damage_taken":0,"max_hp_gain":0,"max_hp_loss":0,"event_name":"Golden Shrine","floor":2,"gold_loss":0,"cards_obtained":["Regret"]},{"damage_healed":0,"gold_gain":0,"player_choice":"Take Wound","damage_taken":0,"relics_obtained":["Golden Idol"],"max_hp_gain":0,"max_hp_loss":0,"event_name":"Golden Idol","floor":4,"gold_loss":0,"cards_obtained":["Injury"]},{"damage_healed":0,"gold_gain":0,"player_choice":"Searched \u00272\u0027 times","damage_taken":0,"relics_obtained":["Darkstone Periapt"],"max_hp_gain":0,"max_hp_loss":0,"event_name":"Dead Adventurer","floor":11,"gold_loss":0},{"damage_healed":17,"gold_gain":0,"player_choice":"Healed","damage_taken":0,"max_hp_gain":0,"max_hp_loss":0,"event_name":"The Cleric","floor":12,"gold_loss":35}],"is_beta":false,"boss_relics":[],"items_purged_floors":[8],"is_endless":false,"potions_floor_spawned":[5,13],"killed_by":"The Guardian","ascension_level":0}