{"gold_per_floor":[119,135,135,151,251,278,23,33,33,68,80,98,98,98,98,195,195,213,230,230,330,429,464,464,464,545,10,10,20,20,20,20,122,122,140,0,13,28,128,155,155,155,234,234,261,271,303,303,303,303],"floor_reached":51,"playtime":4428,"items_purged":["Strike_B"],"score":1186,"play_id":"2b246751-1bc0-4e76-91c2-a3f91705a863","local_time":"20190327193843","is_ascension_mode":true,"campfire_choices":[{"data":"Coolheaded","floor":15,"key":"SMITH"},{"floor":24,"key":"REST"},{"data":"Scrape","floor":28,"key":"SMITH"},{"data":"Scrape","floor":30,"key":"SMITH"},{"floor":32,"key":"REST"},{"data":"Scrape","floor":41,"key":"SMITH"},{"data":"Seek","floor":44,"key":"SMITH"},{"floor":49,"key":"REST"}],"neow_cost":"NONE","seed_source_timestamp":413715920399369,"circlet_count":0,"master_deck":["Zap","Dualcast","Madness","Cold Snap","FTL","Gash","Gash","Coolheaded+1","Seek+1","Compile Driver","Fission","Scrape+1","Gash","Scrape+1","Auto Shields","Sweeping Beam","Scrape+1","Steam","Writhe","Conserve Battery+1","Skim+1","FTL","Blind+1","Reboot+1","Steam+1","Beam Cell","Streamline","Core Surge","Meteor Strike","Core Surge","Hologram+1","Hologram+1","Scrape+1","Gash","Steam+1","Recycle+1","Gash+1"],"relics":["Cracked Core","Shuriken","Kunai","Cables","Anchor","Orrery","Bronze Scales","Torii","Toxic Egg 2","Happy Flower","Bottled Flame","Toy Ornithopter","Pandora\u0027s Box","Red Mask","FossilizedHelix","Dream Catcher","Ornamental Fan","Ice Cream","DataDisk"],"potions_floor_usage":[6,12,16,21,21,23,33,38,39,50,50,50],"damage_taken":[{"damage":9,"enemies":"Jaw Worm","floor":1,"turns":3},{"damage":0,"enemies":"2 Louse","floor":2,"turns":2},{"damage":1,"enemies":"Cultist","floor":4,"turns":3},{"damage":23,"enemies":"Lagavulin","floor":6,"turns":6},{"damage":7,"enemies":"3 Louse","floor":8,"turns":3},{"damage":17,"enemies":"3 Sentries","floor":10,"turns":7},{"damage":0,"enemies":"2 Fungi Beasts","floor":11,"turns":3},{"damage":4,"enemies":"Lots of Slimes","floor":12,"turns":3},{"damage":1,"enemies":"Hexaghost","floor":16,"turns":7},{"damage":0,"enemies":"Spheric Guardian","floor":18,"turns":3},{"damage":0,"enemies":"3 Byrds","floor":19,"turns":4},{"damage":8,"enemies":"Colosseum Slavers","floor":21,"turns":4},{"damage":16,"enemies":"Colosseum Nobs","floor":21,"turns":5},{"damage":13,"enemies":"Book of Stabbing","floor":23,"turns":3},{"damage":0,"enemies":"Cultist and Chosen","floor":29,"turns":3},{"damage":1,"enemies":"Champ","floor":33,"turns":6},{"damage":28,"enemies":"3 Shapes","floor":35,"turns":3},{"damage":1,"enemies":"3 Darklings","floor":37,"turns":3},{"damage":0,"enemies":"Spire Growth","floor":38,"turns":3},{"damage":0,"enemies":"Mind Bloom Boss Battle","floor":39,"turns":5},{"damage":0,"enemies":"Reptomancer","floor":40,"turns":6},{"damage":0,"enemies":"Nemesis","floor":45,"turns":3},{"damage":0,"enemies":"4 Shapes","floor":46,"turns":3},{"damage":0,"enemies":"Reptomancer","floor":47,"turns":3},{"damage":12,"enemies":"Awakened One","floor":50,"turns":7}],"seed_played":"-7554531486533641495","potions_obtained":[{"floor":1,"key":"SneckoOil"},{"floor":2,"key":"SteroidPotion"},{"floor":10,"key":"LiquidBronze"},{"floor":12,"key":"PowerPotion"},{"floor":16,"key":"EssenceOfSteel"},{"floor":18,"key":"Weak Potion"},{"floor":21,"key":"Swift Potion"},{"floor":35,"key":"Explosive Potion"},{"floor":38,"key":"Strength Potion"},{"floor":45,"key":"Strength Potion"}],"is_trial":false,"path_per_floor":["M","M","?","M","?","E","$","M","T","E","M","M","?","?","R","B",null,"M","M","?","?","?","E","R","?","T","$","R","M","R","?","R","B",null,"M","?","M","M","?","E","R","?","T","R","E","M","E","?","R","B",null],"character_chosen":"DEFECT","items_purchased":["Kunai","Toy Ornithopter","FTL","PowerPotion","Dexterity Potion","Blind+1"],"campfire_rested":3,"item_purchase_floors":[7,27,27,27,27,27],"current_hp_per_floor":[59,59,59,58,58,35,35,28,28,11,11,7,32,32,32,31,64,64,64,64,40,40,27,49,49,49,49,49,49,49,35,59,63,76,48,48,47,52,57,57,57,57,57,57,57,57,57,57,80,68],"gold":303,"neow_bonus":"RANDOM_COLORLESS","is_prod":false,"is_daily":false,"chose_seed":false,"campfire_upgraded":5,"win_rate":0,"timestamp":1553729923,"path_taken":["M","M","?","M","?","E","$","?","T","E","M","M","?","?","R","BOSS","M","?","?","?","?","E","R","?","T","$","R","M","R","?","R","BOSS","M","?","M","M","?","E","R","?","T","R","E","?","E","?","R","BOSS"],"build_version":"2019-01-23","purchased_purges":1,"victory":true,"max_hp_per_floor":[75,75,75,75,75,75,75,75,75,75,75,75,75,75,75,75,75,75,75,75,75,75,75,75,75,75,75,75,75,75,80,80,80,80,80,80,80,80,80,80,80,80,80,80,80,80,80,80,80,80],"card_choices":[{"not_picked":["Stack","Hologram"],"picked":"Beam Cell","floor":1},{"not_picked":["Turbo","Scrape"],"picked":"Cold Snap","floor":2},{"not_picked":["Stack","Barrage"],"picked":"FTL","floor":4},{"not_picked":["Defragment","Loop"],"picked":"Gash","floor":6},{"not_picked":["Sweeping Beam","Cold Snap"],"picked":"Gash","floor":8},{"not_picked":["Reinforced Body","Hello World"],"picked":"Coolheaded","floor":10},{"not_picked":["Redo","Coolheaded"],"picked":"Seek","floor":11},{"not_picked":["Storm","Chill"],"picked":"Compile Driver","floor":12},{"not_picked":["Thunder Strike","Core Surge"],"picked":"Fission","floor":16},{"not_picked":["Reinforced Body","Go for the Eyes"],"picked":"Scrape","floor":17},{"not_picked":["Reboot","Sunder"],"picked":"Gash","floor":17},{"not_picked":["Stack","Compile Driver"],"picked":"Scrape","floor":17},{"not_picked":["Undo","Go for the Eyes"],"picked":"Auto Shields","floor":17},{"not_picked":["Compile Driver","Tempest"],"picked":"Sweeping Beam","floor":17},{"not_picked":["Conserve Battery","Darkness"],"picked":"Scrape","floor":18},{"not_picked":["Stack","Cold Snap"],"picked":"Steam","floor":19},{"not_picked":["Rip and Tear","Redo+1"],"picked":"Conserve Battery+1","floor":23},{"not_picked":["Electrodynamics","Streamline","Redo+1"],"picked":"SKIP","floor":29},{"not_picked":["Rainbow+1","Electrodynamics"],"picked":"Reboot+1","floor":33},{"not_picked":["Doom and Gloom","Streamline","Steam Power+1"],"picked":"SKIP","floor":35},{"not_picked":["Turbo+1","Chaos+1","Compile Driver"],"picked":"SKIP","floor":37},{"not_picked":["Go for the Eyes","Auto Shields+1"],"picked":"Hologram+1","floor":38},{"not_picked":["Blizzard+1","Meteor Strike"],"picked":"Hologram+1","floor":39},{"not_picked":["Hello World","Redo+1"],"picked":"Scrape+1","floor":40},{"not_picked":["Barrage+1","Cold Snap+1"],"picked":"Steam+1","floor":45},{"not_picked":["Storm","Barrage+1","Loop"],"picked":"SKIP","floor":46},{"not_picked":["Seek+1","Sweeping Beam+1"],"picked":"Recycle+1","floor":47},{"not_picked":["Chill+1","Streamline"],"picked":"Gash+1","floor":49}],"player_experience":250193,"relics_obtained":[{"floor":6,"key":"Shuriken"},{"floor":9,"key":"Cables"},{"floor":10,"key":"Anchor"},{"floor":21,"key":"Torii"},{"floor":21,"key":"Toxic Egg 2"},{"floor":23,"key":"Happy Flower"},{"floor":26,"key":"Bottled Flame"},{"floor":39,"key":"FossilizedHelix"},{"floor":40,"key":"Dream Catcher"},{"floor":43,"key":"Ornamental Fan"},{"floor":45,"key":"Ice Cream"},{"floor":47,"key":"DataDisk"}],"event_choices":[{"cards_removed":["Strike_B"],"damage_healed":0,"gold_gain":0,"player_choice":"Forget","damage_taken":0,"max_hp_gain":0,"max_hp_loss":0,"event_name":"Living Wall","floor":3,"gold_loss":0},{"damage_healed":0,"gold_gain":100,"player_choice":"Gold","damage_taken":0,"max_hp_gain":0,"max_hp_loss":0,"event_name":"Wheel of Change","floor":5,"gold_loss":0},{"damage_healed":25,"gold_gain":0,"player_choice":"Banana","damage_taken":0,"max_hp_gain":0,"max_hp_loss":0,"event_name":"Big Fish","floor":13,"gold_loss":0},{"damage_healed":0,"gold_gain":0,"player_choice":"Upgraded","damage_taken":0,"max_hp_gain":0,"max_hp_loss":0,"event_name":"Upgrade Shrine","floor":14,"gold_loss":0,"cards_upgraded":["Beam Cell"]},{"damage_healed":0,"gold_gain":0,"player_choice":"Opened","damage_taken":0,"relics_obtained":["Bronze Scales"],"max_hp_gain":0,"max_hp_loss":0,"event_name":"The Mausoleum","floor":20,"gold_loss":0,"cards_obtained":["Writhe"]},{"damage_healed":0,"gold_gain":0,"player_choice":"Fight","damage_taken":0,"max_hp_gain":0,"max_hp_loss":0,"event_name":"Colosseum","floor":21,"gold_loss":0},{"damage_healed":0,"gold_gain":0,"player_choice":"Fought Nobs","damage_taken":0,"max_hp_gain":0,"max_hp_loss":0,"event_name":"Colosseum","floor":21,"gold_loss":0},{"damage_healed":0,"gold_gain":99,"player_choice":"Stole From Cult","damage_taken":0,"max_hp_gain":0,"max_hp_loss":0,"event_name":"Nest","floor":22,"gold_loss":0},{"damage_healed":0,"gold_gain":0,"player_choice":"Read","damage_taken":0,"max_hp_gain":0,"max_hp_loss":0,"event_name":"The Library","floor":25,"gold_loss":0,"cards_obtained":["Skim"]},{"damage_healed":0,"gold_gain":0,"player_choice":"Shed Blood","damage_taken":19,"max_hp_gain":5,"max_hp_loss":0,"event_name":"Forgotten Altar","floor":31,"gold_loss":0},{"damage_healed":0,"gold_gain":0,"player_choice":"Paid","damage_taken":0,"relics_obtained":["Red Mask"],"max_hp_gain":0,"max_hp_loss":0,"event_name":"Tomb of Lord Red Mask","floor":36,"gold_loss":140},{"damage_healed":0,"gold_gain":0,"player_choice":"Fight","damage_taken":0,"max_hp_gain":0,"max_hp_loss":0,"event_name":"MindBloom","floor":39,"gold_loss":0},{"damage_healed":0,"gold_gain":0,"player_choice":"Copied","damage_taken":0,"max_hp_gain":0,"max_hp_loss":0,"event_name":"Duplicator","floor":42,"gold_loss":0,"cards_obtained":["Gash"]},{"cards_removed":["Beam Cell"],"damage_healed":0,"gold_gain":0,"player_choice":"Removed Attack","damage_taken":0,"max_hp_gain":0,"max_hp_loss":0,"event_name":"Falling","floor":48,"gold_loss":0}],"is_beta":false,"boss_relics":[{"not_picked":["White Beast Statue","Eternal Feather"],"picked":"Orrery"},{"not_picked":["Inserter","Lizard Tail"],"picked":"Pandora\u0027s Box"}],"items_purged_floors":[27],"is_endless":false,"potions_floor_spawned":[1,2,10,12,16,18,21,21,35,38,45],"ascension_level":7}