{"gold_per_floor":[112,112,127,141,152,152,169,169,194,204,217,217,197,185,185,289,289,308,320,67,84,15,15,80,80,80,91,91,91,104,203,203,203],"floor_reached":33,"playtime":5056,"items_purged":[],"score":338,"play_id":"63807251-3be3-4833-af67-4aa425a4aecd","local_time":"20190502143857","is_ascension_mode":true,"campfire_choices":[{"data":"Creative AI","floor":6,"key":"SMITH"},{"data":"White Noise","floor":12,"key":"SMITH"},{"data":"White Noise","floor":15,"key":"SMITH"},{"data":"Buffer","floor":23,"key":"SMITH"},{"floor":25,"key":"REST"},{"floor":28,"key":"REST"},{"data":"Chill","floor":32,"key":"SMITH"}],"neow_cost":"NONE","seed_source_timestamp":193976496394660,"circlet_count":0,"master_deck":["Zap","Dualcast","Creative AI+1","BootSequence","Go for the Eyes","White Noise+1","White Noise+1","Self Repair","Self Repair","Self Repair","Buffer+1","Self Repair","Multi-Cast","Undo","Tempest","Tempest","Chill+1","Ball Lightning","Recycle","Double Energy+1","Coolheaded+1","Hologram+1","Skim","Coolheaded+1","FTL+1"],"relics":["Cracked Core","Omamori","Pandora\u0027s Box","Symbiotic Virus","Tiny Chest","Bag of Preparation"],"potions_floor_usage":[11,16,16,16,18,24],"damage_taken":[{"damage":7,"enemies":"2 Louse","floor":1,"turns":3},{"damage":3,"enemies":"Small Slimes","floor":3,"turns":4},{"damage":3,"enemies":"Cultist","floor":4,"turns":4},{"damage":1,"enemies":"2 Fungi Beasts","floor":5,"turns":3},{"damage":18,"enemies":"Large Slime","floor":7,"turns":7},{"damage":2,"enemies":"3 Louse","floor":10,"turns":2},{"damage":5,"enemies":"Looter","floor":11,"turns":5},{"damage":16,"enemies":"Exordium Thugs","floor":14,"turns":4},{"damage":25,"enemies":"The Guardian","floor":16,"turns":11},{"damage":15,"enemies":"Chosen","floor":18,"turns":5},{"damage":41,"enemies":"3 Byrds","floor":19,"turns":5},{"damage":16,"enemies":"Centurion and Healer","floor":21,"turns":4},{"damage":66,"enemies":"Slavers","floor":24,"turns":7},{"damage":8,"enemies":"Snake Plant","floor":27,"turns":4},{"damage":24,"enemies":"Sentry and Sphere","floor":30,"turns":7},{"damage":67,"enemies":"Automaton","floor":33,"turns":8}],"seed_played":"2158442780375935759","potions_obtained":[{"floor":1,"key":"SkillPotion"},{"floor":3,"key":"SteroidPotion"},{"floor":7,"key":"Explosive Potion"},{"floor":13,"key":"Block Potion"},{"floor":16,"key":"Fire Potion"},{"floor":18,"key":"Strength Potion"},{"floor":21,"key":"Poison Potion"}],"is_trial":false,"path_per_floor":["M","?","M","M","M","R","M","?","T","M","M","R","?","M","R","B",null,"M","M","$","M","$","R","E","R","T","M","R","?","M","?","R","B"],"character_chosen":"DEFECT","items_purchased":["Symbiotic Virus","Skim"],"campfire_rested":2,"item_purchase_floors":[20,22],"current_hp_per_floor":[68,68,65,62,61,61,43,68,68,66,75,75,75,73,73,69,75,75,55,55,67,67,67,22,44,44,50,72,56,60,60,60,0],"gold":203,"neow_bonus":"ONE_RANDOM_RARE_CARD","is_prod":false,"is_daily":false,"chose_seed":false,"campfire_upgraded":5,"win_rate":0,"timestamp":1556833137,"path_taken":["M","?","M","M","M","R","M","?","T","M","M","R","?","M","R","BOSS","M","M","$","M","$","R","E","R","T","?","R","?","M","?","R","BOSS"],"build_version":"2019-01-23","purchased_purges":0,"victory":false,"max_hp_per_floor":[75,75,75,75,75,75,75,75,75,75,75,75,75,75,75,75,75,75,75,75,75,75,75,75,75,75,75,75,75,75,75,75,75],"card_choices":[{"not_picked":["Chill","Darkness"],"picked":"BootSequence","floor":1},{"not_picked":["Coolheaded","Streamline"],"picked":"Go for the Eyes","floor":3},{"not_picked":["Barrage","Thunder Strike"],"picked":"White Noise","floor":4},{"not_picked":["Genetic Algorithm","Streamline"],"picked":"White Noise","floor":5},{"not_picked":["Streamline","Leap"],"picked":"Self Repair","floor":7},{"not_picked":["Sweeping Beam","Static Discharge"],"picked":"Self Repair","floor":10},{"not_picked":["Sunder","Compile Driver","Tempest"],"picked":"SKIP","floor":11},{"not_picked":["Reinforced Body","Go for the Eyes"],"picked":"Self Repair","floor":14},{"not_picked":["Machine Learning","Seek"],"picked":"Buffer","floor":16},{"not_picked":["Turbo","Ball Lightning+1"],"picked":"Double Energy+1","floor":18},{"not_picked":["Fusion","Go for the Eyes"],"picked":"Coolheaded+1","floor":19},{"not_picked":["Coolheaded","Storm"],"picked":"Hologram+1","floor":21},{"not_picked":["Sweeping Beam","Blizzard"],"picked":"Coolheaded+1","floor":24},{"not_picked":["Go for the Eyes+1","Chaos"],"picked":"FTL+1","floor":27},{"not_picked":["Steam Power","Ball Lightning","Doom and Gloom"],"picked":"SKIP","floor":30}],"player_experience":231888,"relics_obtained":[{"floor":9,"key":"Omamori"},{"floor":24,"key":"Tiny Chest"},{"floor":26,"key":"Bag of Preparation"}],"event_choices":[{"damage_healed":0,"gold_gain":0,"player_choice":"Ignored","damage_taken":0,"max_hp_gain":0,"max_hp_loss":0,"event_name":"Golden Idol","floor":2,"gold_loss":0},{"damage_healed":25,"gold_gain":0,"player_choice":"Banana","damage_taken":0,"max_hp_gain":0,"max_hp_loss":0,"event_name":"Big Fish","floor":8,"gold_loss":0},{"damage_healed":0,"gold_gain":0,"player_choice":"Bought 1 Potion","damage_taken":0,"max_hp_gain":0,"max_hp_loss":0,"event_name":"The Woman in Blue","floor":13,"gold_loss":0},{"damage_healed":0,"gold_gain":0,"player_choice":"Obtained Book","damage_taken":16,"max_hp_gain":0,"max_hp_loss":0,"event_name":"Cursed Tome","floor":29,"gold_loss":0},{"damage_healed":0,"gold_gain":99,"player_choice":"Stole From Cult","damage_taken":0,"max_hp_gain":0,"max_hp_loss":0,"event_name":"Nest","floor":31,"gold_loss":0}],"is_beta":false,"boss_relics":[{"not_picked":["Sozu","Astrolabe"],"picked":"Pandora\u0027s Box"}],"items_purged_floors":[],"is_endless":false,"potions_floor_spawned":[1,3,7,16,18,21],"killed_by":"Automaton","ascension_level":4}