{"gold_per_floor":[417,436,174,174,186,186,202,220,302,331,75,89,116,134,134,235,235],"floor_reached":17,"playtime":883,"items_purged":["Defend_R","Defend_R"],"score":344,"play_id":"82b84bb3-b6cb-49ab-910a-033daf63d4da","local_time":"20180812131335","daily_mods":["Heirloom","Specialized","Allstar","Time Dilation"],"is_ascension_mode":false,"campfire_choices":[{"data":"Apotheosis","floor":6,"key":"SMITH"},{"floor":15,"key":"REST"}],"neow_cost":"","seed_source_timestamp":0,"circlet_count":0,"master_deck":["Strike_R","Strike_R","Strike_R","Strike_R+1","Bash+1","Exhume","Exhume","Exhume","Exhume","Exhume","Blind","Apotheosis+1","Blind","Magnetism","Thinking Ahead","Thunderclap+1","Battle Trance","Transmutation+1","Backflip","Perfected Strike","Whirlwind+1","Swift Strike+1","Cleave+1","Finesse","Berserk","Corpse Explosion+1","Juggernaut+1","Dark Shackles+1"],"relics":["Burning Blood","Old Coin","Tiny Chest","Molten Egg 2","Whetstone","Pen Nib","Astrolabe"],"potions_floor_usage":[],"damage_taken":[{"damage":8,"enemies":"Jaw Worm","floor":1,"turns":5},{"damage":7,"enemies":"2 Louse","floor":2,"turns":3},{"damage":9,"enemies":"Small Slimes","floor":5,"turns":3},{"damage":4,"enemies":"2 Fungi Beasts","floor":7,"turns":3},{"damage":7,"enemies":"Blue Slaver","floor":8,"turns":2},{"damage":18,"enemies":"Lagavulin","floor":10,"turns":6},{"damage":9,"enemies":"Red Slaver","floor":12,"turns":2},{"damage":17,"enemies":"3 Sentries","floor":13,"turns":5},{"damage":21,"enemies":"Exordium Wildlife","floor":14,"turns":3},{"damage":0,"enemies":"Slime Boss","floor":16,"turns":7}],"seed_played":"-7417077828570003686","potions_obtained":[{"floor":5,"key":"SteroidPotion"},{"floor":7,"key":"GamblersBrew"},{"floor":8,"key":"Explosive Potion"},{"floor":13,"key":"Regen Potion"}],"is_trial":true,"path_per_floor":["M","M","$","?","M","R","M","M","T","E","$","M","E","M","R","B"],"character_chosen":"IRONCLAD","items_purchased":["Transmutation","Whetstone"],"campfire_rested":1,"item_purchase_floors":[3,11],"current_hp_per_floor":[78,77,77,61,58,58,60,59,59,47,47,44,33,18,42,48,48],"gold":235,"neow_bonus":"","is_prod":false,"is_daily":false,"chose_seed":false,"campfire_upgraded":1,"win_rate":0,"timestamp":1534047215,"path_taken":["M","M","$","?","M","R","M","M","T","E","$","M","E","M","R","BOSS"],"build_version":"2018-08-09","purchased_purges":2,"victory":false,"max_hp_per_floor":[80,80,80,80,80,80,80,80,80,80,80,80,80,80,80,80,80],"card_choices":[{"not_picked":["Prepared","Poisoned Stab"],"picked":"Thunderclap","floor":1},{"not_picked":["Wild Strike","Flying Knee"],"picked":"Battle Trance","floor":2},{"not_picked":["Shockwave","Dagger Spray"],"picked":"Backflip","floor":5},{"not_picked":["Acrobatics","Choke"],"picked":"Perfected Strike","floor":7},{"not_picked":["Iron Wave","Backflip","Deflect"],"picked":"SKIP","floor":8},{"not_picked":["Pommel Strike","Sword Boomerang"],"picked":"Whirlwind","floor":10},{"not_picked":["Slice+1","Reflex"],"picked":"Swift Strike+1","floor":12},{"not_picked":["Deep Breath","Clothesline+1"],"picked":"Cleave+1","floor":13},{"not_picked":["Heel Hook+1","Flying Knee+1"],"picked":"Finesse","floor":14},{"not_picked":["Wraith Form v2","Thinking Ahead"],"picked":"Berserk","floor":16}],"player_experience":276630,"relics_obtained":[{"floor":9,"key":"Tiny Chest"},{"floor":10,"key":"Molten Egg 2"},{"floor":13,"key":"Pen Nib"}],"event_choices":[{"event_name":"Shining Light","player_choice":"Entered Light","floor":4,"damage_taken":0}],"is_beta":false,"boss_relics":[{"not_picked":["Busted Crown","Tiny House"],"picked":"Astrolabe"}],"items_purged_floors":[3,11],"is_endless":true,"potions_floor_spawned":[5,7,8,13,14,16],"ascension_level":0}