{"gold_per_floor":[117,133,149,149,168,168,191,191,191,12,12,27,27,27,27,171,171,211,267,0,0,0,36,36,36,36,36,49,49,113,128,128,128],"floor_reached":33,"playtime":2661,"items_purged":[],"score":255,"play_id":"1550c8d5-c8e4-41b1-848e-ff41ace7a2d8","local_time":"20181226234758","is_ascension_mode":false,"campfire_choices":[{"floor":6,"key":"REST"},{"data":"Terror","floor":8,"key":"SMITH"},{"floor":15,"key":"REST"},{"floor":24,"key":"REST"},{"data":"HandOfGreed","floor":27,"key":"SMITH"},{"data":"Predator","floor":29,"key":"SMITH"},{"floor":32,"key":"REST"}],"neow_cost":"NONE","seed_source_timestamp":575298421015779,"circlet_count":0,"master_deck":["Defend_G","Defend_G","Defend_G","Defend_G","Defend_G","Strike_G","Strike_G","Strike_G","Strike_G","Strike_G","Survivor","Neutralize","Terror+1","Footwork","Choke","Slice","Heel Hook","HandOfGreed+1","Flying Knee","Adrenaline","Slice","Blur","Predator+1","Choke+1","Backflip+1","Dodge and Roll","Footwork+1"],"relics":["Ring of the Snake","NeowsBlessing","Golden Idol","Shuriken","PreservedInsect","Velvet Choker","Red Mask","Lee\u0027s Waffle","Bottled Tornado","Meat on the Bone","StoneCalendar"],"potions_floor_usage":[16,16,19,33],"damage_taken":[{"damage":0,"enemies":"Cultist","floor":1,"turns":1},{"damage":0,"enemies":"Small Slimes","floor":2,"turns":1},{"damage":0,"enemies":"Jaw Worm","floor":3,"turns":1},{"damage":14,"enemies":"2 Fungi Beasts","floor":5,"turns":4},{"damage":9,"enemies":"Large Slime","floor":7,"turns":6},{"damage":0,"enemies":"Blue Slaver","floor":12,"turns":4},{"damage":40,"enemies":"Hexaghost","floor":16,"turns":12},{"damage":10,"enemies":"2 Thieves","floor":18,"turns":3},{"damage":49,"enemies":"Masked Bandits","floor":19,"turns":4},{"damage":36,"enemies":"Gremlin Leader","floor":23,"turns":5},{"damage":15,"enemies":"Spheric Guardian","floor":28,"turns":5},{"damage":0,"enemies":"Centurion and Healer","floor":30,"turns":5},{"damage":16,"enemies":"Snake Plant","floor":31,"turns":4},{"damage":68,"enemies":"Champ","floor":33,"turns":13}],"seed_played":"3748417944755529035","potions_obtained":[{"floor":2,"key":"FearPotion"},{"floor":3,"key":"Explosive Potion"},{"floor":5,"key":"SneckoOil"},{"floor":18,"key":"PowerPotion"},{"floor":19,"key":"SteroidPotion"}],"is_trial":false,"path_per_floor":["M","M","M","?","M","R","M","R","T","$","?","M","$","?","R","B",null,"M","?","$","?","$","E","R","?","T","R","M","R","M","M","R","B"],"character_chosen":"THE_SILENT","items_purchased":["HandOfGreed","Lee\u0027s Waffle","Predator"],"campfire_rested":4,"item_purchase_floors":[10,20,20],"current_hp_per_floor":[70,70,70,53,39,60,51,51,51,51,48,48,48,48,69,29,70,60,11,77,77,77,41,64,64,64,64,49,49,49,45,68,0],"gold":128,"neow_bonus":"THREE_ENEMY_KILL","is_prod":false,"is_daily":false,"chose_seed":false,"campfire_upgraded":3,"win_rate":0.0,"timestamp":1545886078,"path_taken":["M","?","M","?","M","R","M","R","T","$","?","M","$","?","R","BOSS","M","?","$","?","$","E","R","?","T","R","M","R","?","M","R","BOSS"],"build_version":"2018-12-20","purchased_purges":0,"victory":false,"max_hp_per_floor":[70,70,70,70,70,70,70,70,70,70,70,70,70,70,70,70,70,70,70,77,77,77,77,77,77,77,77,77,77,77,77,77,77],"card_choices":[{"not_picked":["Backflip","Prepared"],"picked":"Terror","floor":1},{"not_picked":["Escape Plan","Blade Dance"],"picked":"Footwork","floor":2},{"not_picked":["Blade Dance","Unload"],"picked":"Choke","floor":3},{"not_picked":["Dagger Spray","Noxious Fumes"],"picked":"Slice","floor":5},{"not_picked":["Quick Slash","Deadly Poison"],"picked":"Heel Hook","floor":7},{"not_picked":["Riddle With Holes","Quick Slash"],"picked":"Flying Knee","floor":12},{"not_picked":["Night Terror","After Image"],"picked":"Adrenaline","floor":16},{"not_picked":["Deflect","Escape Plan"],"picked":"Slice","floor":18},{"not_picked":["Terror+1","Finisher"],"picked":"Blur","floor":19},{"not_picked":["Reflex+1","Quick Slash"],"picked":"Choke+1","floor":23},{"not_picked":["Sucker Punch","Tactician+1"],"picked":"Backflip+1","floor":28},{"not_picked":["Finisher","Reflex"],"picked":"Dodge and Roll","floor":30},{"not_picked":["Sucker Punch","Acrobatics+1"],"picked":"Footwork+1","floor":31}],"player_experience":2787,"relics_obtained":[{"floor":9,"key":"Shuriken"},{"floor":19,"key":"Red Mask"},{"floor":23,"key":"Bottled Tornado"},{"floor":26,"key":"StoneCalendar"}],"event_choices":[{"damage_healed":0,"gold_gain":0,"player_choice":"Take Damage","damage_taken":17,"relics_obtained":["Golden Idol"],"max_hp_gain":0,"max_hp_loss":0,"event_name":"Golden Idol","floor":4,"gold_loss":0},{"damage_healed":0,"gold_gain":0,"player_choice":"Success","damage_taken":3,"relics_obtained":["PreservedInsect"],"max_hp_gain":0,"max_hp_loss":0,"event_name":"Scrap Ooze","floor":11,"gold_loss":0},{"damage_healed":0,"gold_gain":0,"player_choice":"Leave","damage_taken":0,"max_hp_gain":0,"max_hp_loss":0,"event_name":"The Cleric","floor":14,"gold_loss":0},{"damage_healed":0,"gold_gain":0,"player_choice":"Fought Bandits","damage_taken":0,"max_hp_gain":0,"max_hp_loss":0,"event_name":"Masked Bandits","floor":19,"gold_loss":0},{"damage_healed":0,"gold_gain":0,"player_choice":"Ignored","damage_taken":0,"max_hp_gain":0,"max_hp_loss":0,"event_name":"Vampires","floor":21,"gold_loss":0},{"damage_healed":0,"gold_gain":0,"player_choice":"Gave Potion","damage_taken":0,"relics_obtained":["Meat on the Bone"],"max_hp_gain":0,"max_hp_loss":0,"event_name":"WeMeetAgain","floor":25,"gold_loss":0}],"is_beta":false,"boss_relics":[{"not_picked":["Orrery","Tiny House"],"picked":"Velvet Choker"}],"items_purged_floors":[],"is_endless":false,"potions_floor_spawned":[2,3,5,7,18,19],"killed_by":"Champ","ascension_level":0}