{"gold_per_floor":[17,34,48,48,67,67,96,107,107,120,120,131,231,248,248,323,323,341,326,326,326],"floor_reached":21,"playtime":2142,"items_purged":[],"score":330,"play_id":"0d6adbee-a6e8-430c-8a56-34933cff1204","local_time":"20190517194035","is_ascension_mode":true,"campfire_choices":[{"floor":6,"key":"REST"},{"floor":11,"key":"REST"},{"data":"Apotheosis","floor":15,"key":"SMITH"}],"neow_cost":"NO_GOLD","seed_source_timestamp":3481433230542,"circlet_count":0,"master_deck":["AscendersBane","Zap","Dualcast","Apotheosis+1","Magnetism","Conserve Battery","Conserve Battery","BootSequence","Go for the Eyes","Self Repair","Capacitor","Rainbow","Reprogram","Hologram","Scrape","Redo","Hello World","Leap","Echo Form","Sunder","Ghostly","Ghostly","Ghostly","Ghostly","Ghostly"],"relics":["Cracked Core","Pantograph","Regal Pillow","Pandora\u0027s Box"],"potions_floor_usage":[5,7,16,16],"damage_taken":[{"damage":3,"enemies":"Cultist","floor":1,"turns":4},{"damage":2,"enemies":"Small Slimes","floor":2,"turns":3},{"damage":3,"enemies":"2 Louse","floor":3,"turns":3},{"damage":13,"enemies":"Lots of Slimes","floor":5,"turns":5},{"damage":23,"enemies":"3 Sentries","floor":7,"turns":10},{"damage":8,"enemies":"3 Louse","floor":8,"turns":3},{"damage":5,"enemies":"Exordium Wildlife","floor":10,"turns":5},{"damage":0,"enemies":"Red Slaver","floor":12,"turns":4},{"damage":0,"enemies":"3 Louse","floor":14,"turns":5},{"damage":36,"enemies":"The Guardian","floor":16,"turns":14},{"damage":29,"enemies":"Shell Parasite","floor":18,"turns":7},{"damage":10,"enemies":"2 Thieves","floor":19,"turns":4},{"damage":2,"enemies":"Colosseum Slavers","floor":21,"turns":8},{"damage":64,"enemies":"Colosseum Nobs","floor":21,"turns":8}],"seed_played":"5734098433263378320","potions_obtained":[{"floor":1,"key":"Regen Potion"},{"floor":4,"key":"SkillPotion"},{"floor":5,"key":"Swift Potion"},{"floor":8,"key":"GamblersBrew"}],"is_trial":false,"path_per_floor":["M","M","M","?","M","R","E","M","T","M","R","M","?","M","R","B",null,"M","M","?","?"],"character_chosen":"DEFECT","items_purchased":[],"campfire_rested":2,"item_purchase_floors":[],"current_hp_per_floor":[65,63,60,60,47,69,46,38,38,43,75,75,75,75,75,64,72,43,43,37,0],"gold":326,"neow_bonus":"RANDOM_COLORLESS_2","is_prod":false,"is_daily":false,"chose_seed":false,"campfire_upgraded":1,"win_rate":0,"timestamp":1558147235,"path_taken":["M","?","M","?","M","R","E","M","T","M","R","?","?","?","R","BOSS","M","M","?","?"],"build_version":"2019-01-23","purchased_purges":0,"victory":false,"max_hp_per_floor":[75,75,75,75,75,75,75,75,75,75,75,75,75,75,75,75,75,75,75,37,37],"card_choices":[{"not_picked":["Lockon","Turbo"],"picked":"Conserve Battery","floor":1},{"not_picked":["Loop","Leap"],"picked":"Conserve Battery","floor":2},{"not_picked":["Hologram","Biased Cognition","Compile Driver"],"picked":"SKIP","floor":3},{"not_picked":["Compile Driver","Barrage"],"picked":"BootSequence","floor":5},{"not_picked":["Gash","FTL"],"picked":"Go for the Eyes","floor":7},{"not_picked":["Coolheaded","Conserve Battery"],"picked":"Self Repair","floor":8},{"not_picked":["Coolheaded","White Noise"],"picked":"Capacitor","floor":10},{"not_picked":["Stack","Coolheaded","Turbo"],"picked":"SKIP","floor":12},{"not_picked":["All For One","Scrape","Reprogram"],"picked":"SKIP","floor":14},{"not_picked":["Electrodynamics","Seek"],"picked":"Rainbow","floor":16},{"not_picked":["Turbo","Darkness","Conserve Battery"],"picked":"SKIP","floor":18},{"not_picked":["Redo","Sweeping Beam","Rebound"],"picked":"SKIP","floor":19}],"player_experience":608404,"relics_obtained":[{"floor":7,"key":"Pantograph"},{"floor":9,"key":"Regal Pillow"}],"event_choices":[{"damage_healed":0,"gold_gain":0,"player_choice":"Got Potions","damage_taken":0,"max_hp_gain":0,"max_hp_loss":0,"event_name":"Lab","floor":4,"gold_loss":0},{"damage_healed":0,"gold_gain":100,"player_choice":"Pray","damage_taken":0,"max_hp_gain":0,"max_hp_loss":0,"event_name":"Golden Shrine","floor":13,"gold_loss":0},{"damage_healed":0,"gold_gain":0,"player_choice":"Became a Ghost","damage_taken":0,"max_hp_gain":0,"max_hp_loss":38,"event_name":"Ghosts","floor":20,"gold_loss":0,"cards_obtained":["Ghostly","Ghostly","Ghostly","Ghostly","Ghostly"]},{"damage_healed":0,"gold_gain":0,"player_choice":"Fight","damage_taken":0,"max_hp_gain":0,"max_hp_loss":0,"event_name":"Colosseum","floor":21,"gold_loss":0},{"damage_healed":0,"gold_gain":0,"player_choice":"Fought Nobs","damage_taken":0,"max_hp_gain":0,"max_hp_loss":0,"event_name":"Colosseum","floor":21,"gold_loss":0}],"is_beta":false,"boss_relics":[{"not_picked":["Black Star","Runic Pyramid"],"picked":"Pandora\u0027s Box"}],"items_purged_floors":[],"is_endless":false,"potions_floor_spawned":[1,5,8,10,12,21],"killed_by":"Colosseum Nobs","ascension_level":13}