{"gold_per_floor":[110,125,143,39,39,39,66,66,116,116,72,88,88,13,13,90,90,100,100,100,100,100,100,100],"floor_reached":24,"playtime":2703,"items_purged":["Strike_B"],"score":365,"play_id":"bcf9ef7c-6a16-4a09-9a9b-9d15754d9112","local_time":"20190527083057","is_ascension_mode":true,"campfire_choices":[{"data":"Zap","floor":6,"key":"SMITH"},{"floor":13,"key":"REST"},{"data":"Steam","floor":15,"key":"SMITH"},{"floor":23,"key":"REST"}],"neow_cost":"NONE","seed_source_timestamp":184309403181776,"circlet_count":0,"master_deck":["AscendersBane","Defend_B+1","Defend_B","Defend_B+1","Defend_B","Zap+1","Dualcast","Steam+1","Ball Lightning","Undo","Glacier","Echo Form","Reboot","Conserve Battery"],"relics":["Cracked Core","NeowsBlessing","Bronze Scales","PreservedInsect","Empty Cage","Bag of Preparation"],"potions_floor_usage":[22],"damage_taken":[{"damage":0,"enemies":"Cultist","floor":1,"turns":1},{"damage":0,"enemies":"2 Louse","floor":2,"turns":1},{"damage":0,"enemies":"Jaw Worm","floor":3,"turns":1},{"damage":27,"enemies":"Lagavulin","floor":7,"turns":6},{"damage":10,"enemies":"3 Louse","floor":12,"turns":2},{"damage":36,"enemies":"The Guardian","floor":16,"turns":11},{"damage":18,"enemies":"3 Byrds","floor":18,"turns":3},{"damage":0,"enemies":"Shell Parasite","floor":22,"turns":1},{"damage":50,"enemies":"Slavers","floor":24,"turns":4}],"seed_played":"-7804944533245492749","potions_obtained":[{"floor":2,"key":"SmokeBomb"},{"floor":16,"key":"FairyPotion"}],"is_trial":false,"path_per_floor":["M","M","M","$","?","R","E","?","T","?","$","M","R","$","R","B",null,"M","?","?","?","M","R","E"],"character_chosen":"DEFECT","items_purchased":["Ball Lightning","Undo","Glacier"],"campfire_rested":2,"item_purchase_floors":[4,4,11],"current_hp_per_floor":[64,64,64,64,43,43,16,39,39,32,32,22,43,43,43,7,55,37,37,17,17,17,39,0],"gold":100,"neow_bonus":"THREE_ENEMY_KILL","is_prod":false,"is_daily":false,"chose_seed":false,"campfire_upgraded":2,"win_rate":0,"timestamp":1558971057,"path_taken":["M","M","?","$","?","R","E","?","T","?","$","M","R","?","R","BOSS","M","?","?","?","M","R","E"],"build_version":"2019-01-23","purchased_purges":1,"victory":false,"max_hp_per_floor":[71,71,71,71,71,71,71,71,71,71,71,71,71,71,71,71,71,71,71,76,76,76,76,76],"card_choices":[{"not_picked":["Go for the Eyes","Redo"],"picked":"Steam","floor":1},{"not_picked":["Aggregate","Defragment","Double Energy"],"picked":"SKIP","floor":2},{"not_picked":["Stack","Turbo","Barrage"],"picked":"SKIP","floor":3},{"not_picked":["Reprogram","Hello World","Steam"],"picked":"SKIP","floor":7},{"not_picked":["Streamline","Consume"],"picked":"Echo Form","floor":12},{"not_picked":["Creative AI","Hyperbeam"],"picked":"Reboot","floor":16},{"not_picked":["Beam Cell+1","Compile Driver"],"picked":"Conserve Battery","floor":18}],"player_experience":751638,"relics_obtained":[{"floor":7,"key":"Bronze Scales"},{"floor":9,"key":"PreservedInsect"}],"event_choices":[{"damage_healed":0,"gold_gain":0,"player_choice":"Entered Light","damage_taken":21,"max_hp_gain":0,"max_hp_loss":0,"event_name":"Shining Light","floor":5,"gold_loss":0,"cards_upgraded":["Defend_B","Defend_B"]},{"damage_healed":23,"gold_gain":0,"player_choice":"Banana","damage_taken":0,"max_hp_gain":0,"max_hp_loss":0,"event_name":"Big Fish","floor":8,"gold_loss":0},{"cards_removed":["Strike_B"],"damage_healed":0,"gold_gain":0,"player_choice":"Card Removal","damage_taken":7,"max_hp_gain":0,"max_hp_loss":0,"event_name":"Golden Wing","floor":10,"gold_loss":0},{"damage_healed":0,"gold_gain":0,"player_choice":"Opened","damage_taken":0,"relics_obtained":["Bag of Preparation"],"max_hp_gain":0,"max_hp_loss":0,"event_name":"The Mausoleum","floor":19,"gold_loss":0,"cards_obtained":["Writhe"]},{"damage_healed":0,"gold_gain":0,"player_choice":"Shed Blood","damage_taken":25,"max_hp_gain":5,"max_hp_loss":0,"event_name":"Forgotten Altar","floor":20,"gold_loss":0},{"cards_removed":["Writhe"],"damage_healed":0,"gold_gain":0,"player_choice":"Purged","damage_taken":0,"max_hp_gain":0,"max_hp_loss":0,"event_name":"Purifier","floor":21,"gold_loss":0}],"is_beta":false,"boss_relics":[{"not_picked":["White Beast Statue","Velvet Choker"],"picked":"Empty Cage"}],"items_purged_floors":[14],"is_endless":false,"potions_floor_spawned":[2,16,18],"killed_by":"Slavers","ascension_level":18}