{"gold_per_floor":[13,28,42,42,60,60,73,73,73,2,21,21,21,21,21,94,94,104,29,46,46,46],"floor_reached":22,"playtime":1044,"items_purged":["Strike_B"],"score":290,"play_id":"1f1785dc-cc1b-4026-9a6a-026a80d3b5a1","local_time":"20190515194426","is_ascension_mode":true,"campfire_choices":[{"data":"Ball Lightning","floor":6,"key":"SMITH"},{"data":"Sweeping Beam","floor":8,"key":"SMITH"},{"data":"Genetic Algorithm","floor":15,"key":"SMITH"}],"neow_cost":"NO_GOLD","seed_source_timestamp":628602525121540,"circlet_count":0,"master_deck":["AscendersBane","Strike_B","Defend_B","Defend_B","Defend_B","Defend_B","Zap","Dualcast","Ball Lightning+1","Chaos+1","Sweeping Beam+1","BootSequence","Genetic Algorithm+1","Core Surge","Conserve Battery"],"relics":["Cracked Core","Kunai","StoneCalendar","Runic Pyramid"],"potions_floor_usage":[5,16,16],"damage_taken":[{"damage":2,"enemies":"2 Louse","floor":1,"turns":2},{"damage":0,"enemies":"Cultist","floor":2,"turns":3},{"damage":2,"enemies":"Jaw Worm","floor":3,"turns":3},{"damage":3,"enemies":"Exordium Wildlife","floor":5,"turns":3},{"damage":0,"enemies":"Large Slime","floor":7,"turns":4},{"damage":0,"enemies":"2 Fungi Beasts","floor":11,"turns":3},{"damage":33,"enemies":"Slime Boss","floor":16,"turns":7},{"damage":25,"enemies":"Shell Parasite","floor":18,"turns":5},{"damage":24,"enemies":"3 Byrds","floor":20,"turns":5},{"damage":15,"enemies":"Snake Plant","floor":22,"turns":3}],"seed_played":"-4891797009396939982","potions_obtained":[{"floor":1,"key":"Block Potion"},{"floor":2,"key":"PowerPotion"},{"floor":11,"key":"PowerPotion"},{"floor":18,"key":"Swift Potion"},{"floor":20,"key":"Poison Potion"}],"is_trial":false,"path_per_floor":["M","M","M","?","M","R","M","R","T","$","M","$","?","T","R","B",null,"M","$","M","?","M"],"character_chosen":"DEFECT","items_purchased":["BootSequence"],"campfire_rested":0,"item_purchase_floors":[10],"current_hp_per_floor":[66,66,64,64,61,61,61,61,61,61,61,61,61,61,61,28,63,38,38,14,14,0],"gold":46,"neow_bonus":"REMOVE_TWO","is_prod":false,"is_daily":false,"chose_seed":false,"campfire_upgraded":3,"win_rate":0,"timestamp":1557974666,"path_taken":["M","M","M","?","?","R","M","R","T","$","M","$","?","?","R","BOSS","M","$","M","?","M"],"build_version":"2019-01-23","purchased_purges":1,"victory":false,"max_hp_per_floor":[75,75,75,75,75,75,75,75,75,75,75,75,75,75,75,75,75,75,75,75,75,75],"card_choices":[{"not_picked":["Sunder","Stack","Leap"],"picked":"SKIP","floor":1},{"not_picked":["Gash","Redo"],"picked":"Ball Lightning","floor":2},{"not_picked":["Steam","Stack"],"picked":"Chaos","floor":3},{"not_picked":["Rip and Tear","Amplify","Sweeping Beam"],"picked":"SKIP","floor":5},{"not_picked":["Ball Lightning","Hologram"],"picked":"Sweeping Beam","floor":7},{"not_picked":["Streamline","Darkness"],"picked":"Genetic Algorithm","floor":11},{"not_picked":["All For One","Biased Cognition"],"picked":"Core Surge","floor":16},{"not_picked":["Streamline","Compile Driver"],"picked":"Conserve Battery","floor":18},{"not_picked":["Storm","Chaos","Barrage"],"picked":"SKIP","floor":20}],"player_experience":590412,"relics_obtained":[{"floor":9,"key":"Kunai"},{"floor":14,"key":"StoneCalendar"}],"event_choices":[{"damage_healed":0,"gold_gain":0,"player_choice":"Upgraded","damage_taken":0,"max_hp_gain":0,"max_hp_loss":0,"event_name":"Upgrade Shrine","floor":4,"gold_loss":0,"cards_upgraded":["Chaos"]},{"damage_healed":0,"gold_gain":0,"player_choice":"Ignored","damage_taken":0,"max_hp_gain":0,"max_hp_loss":0,"event_name":"Golden Idol","floor":13,"gold_loss":0}],"is_beta":false,"boss_relics":[{"not_picked":["Black Star","Snecko Eye"],"picked":"Runic Pyramid"}],"items_purged_floors":[19],"is_endless":false,"potions_floor_spawned":[1,2,11,18,20],"killed_by":"Snake Plant","ascension_level":13}