{"gold_per_floor":[109,123,133,133,133,162,162,162,162,188,199,199,217,248,248,323,323,336,15,15,29,29,58,58,93,93,14,32,58,76,86,86,157,157,168,168,95,111,111,111,138,138,138,138,154,254,7,33,33,33],"floor_reached":51,"playtime":1855,"items_purged":["Strike_B","Strike_B"],"score":1760,"play_id":"b38490ea-b0ba-49f5-b94f-5aa34f19baf3","local_time":"20190526103110","is_ascension_mode":true,"campfire_choices":[{"floor":7.0,"key":"REST"},{"data":"Defragment","floor":12.0,"key":"SMITH"},{"data":"Go for the Eyes","floor":15.0,"key":"SMITH"},{"floor":24,"key":"REST"},{"data":"Defragment","floor":32,"key":"SMITH"},{"data":"Hologram","floor":40,"key":"SMITH"},{"data":"Coolheaded","floor":42,"key":"SMITH"},{"data":"Biased Cognition","floor":44,"key":"SMITH"},{"data":"Hologram","floor":49,"key":"SMITH"}],"neow_cost":"NONE","seed_source_timestamp":78202672550460,"circlet_count":0,"master_deck":["AscendersBane","Strike_B+1","Defend_B","Defend_B","Defend_B","Defend_B","Zap","Reinforced Body","White Noise","Barrage+1","Go for the Eyes+1","Defragment+1","Darkness","Biased Cognition+1","Ball Lightning+1","Meteor Strike+1","Defragment+1","Hologram+1","Auto Shields+1","Ball Lightning","Meteor Strike","Echo Form","Reinforced Body","All For One+1","Coolheaded+1","All For One","Hologram+1","Glacier","Echo Form","Hologram","Loop+1"],"special_seed":0,"relics":["Cracked Core","FossilizedHelix","Pantograph","Singing Bowl","The Courier","Snecko Eye","Membership Card","Enchiridion","Pen Nib","Bronze Scales","Shuriken","Letter Opener","Empty Cage","Oddly Smooth Stone","Ancient Tea Set","Pear","Nunchaku","Mummified Hand","Whetstone","Juzu Bracelet"],"potions_floor_usage":[25,33,50,50],"damage_taken":[{"damage":5.0,"enemies":"Cultist","floor":1.0,"turns":4.0},{"damage":6.0,"enemies":"Small Slimes","floor":2.0,"turns":5.0},{"damage":5.0,"enemies":"2 Louse","floor":3.0,"turns":3.0},{"damage":27.0,"enemies":"Gremlin Nob","floor":6.0,"turns":5.0},{"damage":10.0,"enemies":"Lagavulin","floor":10.0,"turns":6.0},{"damage":12.0,"enemies":"Large Slime","floor":11.0,"turns":7.0},{"damage":0.0,"enemies":"2 Fungi Beasts","floor":13.0,"turns":3.0},{"damage":25.0,"enemies":"3 Sentries","floor":14.0,"turns":7.0},{"damage":0.0,"enemies":"Slime Boss","floor":16.0,"turns":6.0},{"damage":0.0,"enemies":"Chosen","floor":18.0,"turns":5.0},{"damage":0,"enemies":"Shell Parasite","floor":21,"turns":3},{"damage":10,"enemies":"Book of Stabbing","floor":23,"turns":4},{"damage":23,"enemies":"Gremlin Leader","floor":25,"turns":5},{"damage":14,"enemies":"Shelled Parasite and Fungi","floor":28,"turns":3},{"damage":9,"enemies":"Slavers","floor":29,"turns":4},{"damage":0,"enemies":"Sentry and Sphere","floor":30,"turns":3},{"damage":0,"enemies":"3 Cultists","floor":31,"turns":3},{"damage":0,"enemies":"Champ","floor":33,"turns":6},{"damage":0,"enemies":"3 Shapes","floor":35,"turns":2},{"damage":0,"enemies":"Orb Walker","floor":38,"turns":2},{"damage":0,"enemies":"Reptomancer","floor":41,"turns":3},{"damage":0,"enemies":"Jaw Worm Horde","floor":45,"turns":4},{"damage":30,"enemies":"Mind Bloom Boss Battle","floor":46,"turns":4},{"damage":0,"enemies":"Giant Head","floor":48,"turns":4},{"damage":0,"enemies":"Donu and Deca","floor":50,"turns":4}],"seed_played":"-1918515261835535213","potions_obtained":[{"floor":1.0,"key":"Dexterity Potion"},{"floor":3.0,"key":"Ancient Potion"},{"floor":13.0,"key":"Energy Potion"},{"floor":33,"key":"PowerPotion"}],"is_trial":false,"path_per_floor":["M","M","M","?","?","E","R","?","T","E","M","R","M","E","R","B",null,"M","$","?","M","?","E","R","E","T","$","M","E","M","M","R","B",null,"M","?","$","M","?","R","E","R","T","R","M","?","$","E","R","B",null],"character_chosen":"DEFECT","items_purchased":["Membership Card","Meteor Strike","Defragment","Hologram","Ball Lightning","PowerPotion","Oddly Smooth Stone","Reinforced Body","Glacier","Mummified Hand","Echo Form","Hologram","Whetstone"],"campfire_rested":2,"item_purchase_floors":[19,19,19,19,27,27,37,37,47,47,47,47,47],"current_hp_per_floor":[70,64,59,59,43,16,40,67,67,57,47,47,49,24,24,49,77,77,77,61,63,63,55,82,59,59,59,47,38,40,42,42,67,89,91,91,91,93,93,93,93,93,103,103,103,77,77,77,77,102],"gold":33,"neow_bonus":"TEN_PERCENT_HP_BONUS","is_prod":false,"is_daily":false,"chose_seed":false,"campfire_upgraded":7,"win_rate":0,"timestamp":1558841470,"path_taken":["M","?","M","?","?","E","R","?","T","E","M","R","M","E","R","BOSS","M","$","?","M","?","E","R","E","T","$","M","E","M","M","R","BOSS","M","?","$","M","?","R","E","R","T","R","?","?","$","E","R","BOSS"],"build_version":"2019-01-23","purchased_purges":2,"victory":true,"max_hp_per_floor":[82,82,82,82,82,82,82,82,82,82,84,84,86,86,86,86,86,86,86,86,88,88,90,90,90,90,90,92,92,94,96,96,96,96,98,93,93,95,95,95,95,95,105,105,105,107,107,107,107,107],"card_choices":[{"not_picked":["Beam Cell","Blizzard"],"picked":"Reinforced Body","floor":1.0},{"not_picked":["Storm","Compile Driver"],"picked":"White Noise","floor":2.0},{"not_picked":["Stack","Coolheaded"],"picked":"Barrage","floor":3.0},{"not_picked":["Scrape","Barrage"],"picked":"Go for the Eyes","floor":6.0},{"not_picked":["Go for the Eyes","Meteor Strike"],"picked":"Defragment","floor":10.0},{"not_picked":["Compile Driver","Stack","Heatsinks"],"picked":"Singing Bowl","floor":11.0},{"not_picked":["Steam","Recycle","Chaos"],"picked":"Singing Bowl","floor":13.0},{"not_picked":["Heatsinks","Storm"],"picked":"Darkness","floor":14.0},{"not_picked":["Meteor Strike","Hyperbeam"],"picked":"Biased Cognition","floor":16.0},{"not_picked":["Loop","Hologram"],"picked":"Ball Lightning+1","floor":18.0},{"not_picked":["Genetic Algorithm","Beam Cell","Cold Snap+1"],"picked":"Singing Bowl","floor":21},{"not_picked":["Turbo","Amplify","Go for the Eyes+1"],"picked":"Singing Bowl","floor":23},{"not_picked":["Turbo+1","Recycle"],"picked":"Auto Shields+1","floor":25},{"not_picked":["Hologram","Reprogram","Coolheaded+1"],"picked":"Singing Bowl","floor":28},{"not_picked":["Capacitor","Steam+1"],"picked":"Meteor Strike","floor":29},{"not_picked":["Capacitor+1","Ball Lightning","Stack"],"picked":"Singing Bowl","floor":30},{"not_picked":["Cold Snap","Redo","Blizzard"],"picked":"Singing Bowl","floor":31},{"not_picked":["Electrodynamics","Amplify"],"picked":"Echo Form","floor":33},{"not_picked":["Blizzard","Cold Snap","Steam"],"picked":"Singing Bowl","floor":35},{"not_picked":["Redo","Beam Cell","Steam+1"],"picked":"Singing Bowl","floor":38},{"not_picked":["Steam","Darkness+1"],"picked":"All For One","floor":41},{"not_picked":["Defragment","Steam"],"picked":"Hologram","floor":45},{"not_picked":["Steam","Go for the Eyes+1","Gash"],"picked":"Singing Bowl","floor":46},{"not_picked":["Sweeping Beam+1","Ball Lightning"],"picked":"Loop+1","floor":48}],"player_experience":495407,"relics_obtained":[{"floor":6.0,"key":"FossilizedHelix"},{"floor":9.0,"key":"Pantograph"},{"floor":10.0,"key":"Singing Bowl"},{"floor":14.0,"key":"The Courier"},{"floor":20,"key":"Enchiridion"},{"floor":23,"key":"Pen Nib"},{"floor":25,"key":"Bronze Scales"},{"floor":26,"key":"Shuriken"},{"floor":29,"key":"Letter Opener"},{"floor":41,"key":"Ancient Tea Set"},{"floor":43,"key":"Pear"},{"floor":46,"key":"Nunchaku"},{"floor":48,"key":"Juzu Bracelet"}],"event_choices":[{"damage_healed":0.0,"max_hp_gain":0.0,"max_hp_loss":0.0,"gold_gain":0.0,"event_name":"Liars Game","player_choice":"Ignored","floor":4.0,"gold_loss":0.0,"damage_taken":0.0},{"damage_healed":0.0,"max_hp_gain":0.0,"max_hp_loss":0.0,"gold_gain":0.0,"event_name":"Shining Light","player_choice":"Entered Light","floor":5.0,"gold_loss":0.0,"damage_taken":16.0,"cards_upgraded":["Barrage","Strike_B"]},{"damage_healed":27.0,"max_hp_gain":0.0,"max_hp_loss":0.0,"gold_gain":0.0,"event_name":"Big Fish","player_choice":"Banana","floor":8.0,"gold_loss":0.0,"damage_taken":0.0},{"damage_healed":0,"gold_gain":0,"player_choice":"Obtained Book","damage_taken":16,"max_hp_gain":0,"max_hp_loss":0,"event_name":"Cursed Tome","floor":20,"gold_loss":0},{"damage_healed":0,"gold_gain":0,"player_choice":"Ignored","damage_taken":0,"max_hp_gain":0,"max_hp_loss":0,"event_name":"Beggar","floor":22,"gold_loss":0},{"damage_healed":0,"gold_gain":0,"player_choice":"Max HP","damage_taken":0,"max_hp_gain":0,"max_hp_loss":5,"event_name":"Winding Halls","floor":36,"gold_loss":0},{"damage_healed":0,"gold_gain":0,"player_choice":"2 cards matched","damage_taken":0,"max_hp_gain":0,"max_hp_loss":0,"event_name":"Match and Keep!","floor":39,"gold_loss":0,"cards_obtained":["All For One","Coolheaded"]},{"damage_healed":0,"gold_gain":0,"player_choice":"Fight","damage_taken":0,"max_hp_gain":0,"max_hp_loss":0,"event_name":"MindBloom","floor":46,"gold_loss":0}],"is_beta":false,"boss_relics":[{"not_picked":["Calling Bell","Inserter"],"picked":"Snecko Eye"},{"not_picked":["Velvet Choker","Runic Dome"],"picked":"Empty Cage"}],"items_purged_floors":[19,27],"is_endless":false,"potions_floor_spawned":[1,3,13,14,21,23,29,30,33,46],"ascension_level":13}