{"gold_per_floor":[111,123,140,14,34,34,65,65,65,65,65,65,98,112,112,191,191,207,257,267,29,41,41,54,87,133,150,167,167,179,206,206,206],"floor_reached":33,"playtime":957,"items_purged":["Strike_R"],"score":598,"play_id":"b6b7876f-2a9b-4112-add7-26123c358609","local_time":"20190602234342","is_ascension_mode":true,"campfire_choices":[{"data":"Whirlwind","floor":6.0,"key":"SMITH"},{"data":"Bash","floor":8.0,"key":"SMITH"},{"data":"Metallicize","floor":11.0,"key":"SMITH"},{"data":"Spot Weakness","floor":15.0,"key":"SMITH"},{"data":"Double Tap","floor":23.0,"key":"SMITH"},{"floor":29.0,"key":"REST"},{"data":"Clothesline","floor":32,"key":"SMITH"}],"neow_cost":"NONE","seed_source_timestamp":211692528593620,"circlet_count":0,"master_deck":["AscendersBane","Strike_R","Strike_R","Strike_R+1","Defend_R","Defend_R","Defend_R","Defend_R","Bash+1","Metallicize+1","Iron Wave","Clothesline+1","Whirlwind+1","Shrug It Off","Shrug It Off","Hemokinesis+1","Sword Boomerang","Fiend Fire","Spot Weakness+1","Double Tap+1","Spot Weakness","Flame Barrier","Power Through+1","Injury","Ghostly Armor","Ghostly Armor"],"special_seed":0,"relics":["Burning Blood","NeowsBlessing","Du-Vu Doll","Bottled Flame","Matryoshka","Cursed Key","Oddly Smooth Stone","Art of War","Potion Belt","Boot","Bird Faced Urn"],"potions_floor_usage":[33,33],"damage_taken":[{"damage":0.0,"enemies":"Cultist","floor":1.0,"turns":1.0},{"damage":0.0,"enemies":"2 Louse","floor":2.0,"turns":1.0},{"damage":0.0,"enemies":"Small Slimes","floor":3.0,"turns":1.0},{"damage":6.0,"enemies":"Blue Slaver","floor":5.0,"turns":6.0},{"damage":22.0,"enemies":"3 Sentries","floor":7.0,"turns":7.0},{"damage":9.0,"enemies":"Lagavulin","floor":13.0,"turns":6.0},{"damage":0.0,"enemies":"3 Louse","floor":14.0,"turns":1.0},{"damage":24.0,"enemies":"The Guardian","floor":16.0,"turns":9.0},{"damage":0.0,"enemies":"3 Byrds","floor":18.0,"turns":2.0},{"damage":19.0,"enemies":"Spheric Guardian","floor":20.0,"turns":4.0},{"damage":7.0,"enemies":"Centurion and Healer","floor":22.0,"turns":5.0},{"damage":2.0,"enemies":"Chosen and Byrds","floor":24.0,"turns":5.0},{"damage":38.0,"enemies":"Book of Stabbing","floor":25.0,"turns":5.0},{"damage":17.0,"enemies":"Snecko","floor":27.0,"turns":6.0},{"damage":3.0,"enemies":"Snake Plant","floor":28.0,"turns":4.0},{"damage":0.0,"enemies":"Centurion and Healer","floor":30.0,"turns":7.0},{"damage":14,"enemies":"Gremlin Leader","floor":31,"turns":4},{"damage":48,"enemies":"Collector","floor":33,"turns":5}],"seed_played":"-758445259284497763","potions_obtained":[{"floor":1.0,"key":"GamblersBrew"},{"floor":3.0,"key":"EssenceOfSteel"},{"floor":13.0,"key":"Explosive Potion"},{"floor":27.0,"key":"EssenceOfSteel"},{"floor":28.0,"key":"SteroidPotion"},{"floor":31,"key":"PowerPotion"}],"is_trial":false,"path_per_floor":["M","M","M","$","M","R","E","R","T","?","R","?","E","M","R","B",null,"M","?","M","$","M","R","M","E","T","M","M","R","M","E","R","B"],"character_chosen":"IRONCLAD","items_purchased":["Whirlwind","Shrug It Off","Oddly Smooth Stone"],"campfire_rested":1,"item_purchase_floors":[4,4,21],"current_hp_per_floor":[74,75,75,75,75,75,59,59,59,36,36,36,33,39,39,21,62,68,68,55,55,54,54,58,26,26,15,18,40,46,38,38,0],"gold":206,"neow_bonus":"THREE_ENEMY_KILL","is_prod":false,"is_daily":false,"chose_seed":false,"campfire_upgraded":6,"win_rate":0,"timestamp":1559493822,"path_taken":["M","?","M","$","M","R","E","R","T","?","R","?","E","M","R","BOSS","M","?","M","$","?","R","M","E","T","M","M","R","?","E","R","BOSS"],"build_version":"2019-01-23","purchased_purges":1,"victory":false,"max_hp_per_floor":[75,75,75,75,75,75,75,75,75,75,75,75,75,75,75,75,75,75,75,75,75,75,75,75,75,75,75,75,75,75,75,75,75],"card_choices":[{"not_picked":["Sever Soul","Hemokinesis"],"picked":"Metallicize","floor":1.0},{"not_picked":["Wild Strike","Havoc"],"picked":"Iron Wave","floor":2.0},{"not_picked":["Seeing Red","Flex"],"picked":"Clothesline","floor":3.0},{"not_picked":["Pommel Strike","Reckless Charge"],"picked":"Shrug It Off","floor":5.0},{"not_picked":["Rage","Iron Wave"],"picked":"Hemokinesis","floor":7.0},{"not_picked":["Clothesline","Iron Wave"],"picked":"Fiend Fire","floor":13.0},{"not_picked":["Anger","Intimidate"],"picked":"Spot Weakness","floor":14.0},{"not_picked":["Bludgeon","Dark Embrace"],"picked":"Double Tap","floor":16.0},{"not_picked":["Bloodletting","Perfected Strike","Rupture"],"picked":"SKIP","floor":18.0},{"not_picked":["Carnage","Thunderclap"],"picked":"Spot Weakness","floor":20.0},{"not_picked":["Carnage+1","Iron Wave"],"picked":"Flame Barrier","floor":22.0},{"not_picked":["Hemokinesis","Sentinel","Armaments"],"picked":"SKIP","floor":24.0},{"not_picked":["Metallicize","Rampage"],"picked":"Power Through+1","floor":25.0},{"not_picked":["Entrench","Bloodletting"],"picked":"Ghostly Armor","floor":27.0},{"not_picked":["Evolve","Blood for Blood+1"],"picked":"Ghostly Armor","floor":28.0},{"not_picked":["Dual Wield","Carnage","Second Wind"],"picked":"SKIP","floor":30.0},{"not_picked":["Cleave","Seeing Red","Metallicize"],"picked":"SKIP","floor":31}],"player_experience":528603,"relics_obtained":[{"floor":7.0,"key":"Du-Vu Doll"},{"floor":9.0,"key":"Bottled Flame"},{"floor":13.0,"key":"Matryoshka"},{"floor":25.0,"key":"Art of War"},{"floor":26.0,"key":"Potion Belt"},{"floor":26.0,"key":"Boot"},{"floor":31,"key":"Bird Faced Urn"}],"event_choices":[{"damage_healed":0.0,"max_hp_gain":0.0,"max_hp_loss":0.0,"gold_gain":0.0,"event_name":"Shining Light","player_choice":"Entered Light","floor":10.0,"gold_loss":0.0,"damage_taken":23.0,"cards_upgraded":["Hemokinesis","Strike_R"]},{"damage_healed":0.0,"max_hp_gain":0.0,"max_hp_loss":0.0,"gold_gain":0.0,"cards_transformed":["Strike_R"],"event_name":"Transmorgrifier","player_choice":"Transformed","floor":12.0,"gold_loss":0.0,"damage_taken":0.0,"cards_obtained":["Sword Boomerang"]},{"damage_healed":0.0,"max_hp_gain":0.0,"max_hp_loss":0.0,"gold_gain":50.0,"event_name":"Golden Shrine","player_choice":"Pray","floor":19.0,"gold_loss":0.0,"damage_taken":0.0}],"is_beta":false,"boss_relics":[{"not_picked":["Orrery","Black Blood"],"picked":"Cursed Key"}],"items_purged_floors":[21],"is_endless":false,"potions_floor_spawned":[1,3,13,18,27,28,31],"killed_by":"Collector","ascension_level":20}