{"gold_per_floor":[113,113,127,141,416,416,428,428,478,103,103,113,123,123,123,223,223,234,254,304,204,219,219,20,34,34,34,44,44,57,76,76,76],"floor_reached":33,"playtime":1456,"items_purged":["Regret","Strike_G","Strike_G"],"score":241,"play_id":"927e10bd-ad37-4c05-a6c9-165eb38595f4","local_time":"20190602221133","is_ascension_mode":false,"campfire_choices":[{"data":"Blade Dance","floor":6.0,"key":"SMITH"},{"data":"Blade Dance","floor":8.0,"key":"SMITH"},{"data":"Cloak And Dagger","floor":11.0,"key":"SMITH"},{"data":"Adrenaline","floor":15.0,"key":"SMITH"},{"floor":23.0,"key":"REST"},{"floor":27.0,"key":"REST"},{"floor":29.0,"key":"REST"},{"floor":32.0,"key":"REST"}],"neow_cost":"NONE","seed_source_timestamp":96797877066843,"circlet_count":0,"master_deck":["Defend_G","Defend_G","Defend_G","Defend_G","Defend_G","Strike_G+1","Strike_G","Strike_G","Survivor+1","Neutralize","Slice","Blade Dance+1","Blade Dance+1","Cloak And Dagger+1","Flash of Steel","Adrenaline+1","Caltrops","Slice","A Thousand Cuts","Calculated Gamble","Slice","Infinite Blades","Terror"],"special_seed":0,"relics":["Philosopher\u0027s Stone"],"potions_floor_usage":[33,33],"damage_taken":[{"damage":3.0,"enemies":"2 Louse","floor":1.0,"turns":4.0},{"damage":0.0,"enemies":"Small Slimes","floor":3.0,"turns":3.0},{"damage":0.0,"enemies":"Cultist","floor":4.0,"turns":4.0},{"damage":10.0,"enemies":"Lots of Slimes","floor":7.0,"turns":4.0},{"damage":0.0,"enemies":"2 Fungi Beasts","floor":12.0,"turns":2.0},{"damage":0.0,"enemies":"Gremlin Gang","floor":13.0,"turns":3.0},{"damage":38.0,"enemies":"Slime Boss","floor":16.0,"turns":11.0},{"damage":3.0,"enemies":"Chosen","floor":18.0,"turns":4.0},{"damage":14.0,"enemies":"2 Thieves","floor":19.0,"turns":3.0},{"damage":34.0,"enemies":"Snake Plant","floor":22.0,"turns":5.0},{"damage":30.0,"enemies":"Sentry and Sphere","floor":25.0,"turns":6.0},{"damage":4.0,"enemies":"Snecko","floor":28.0,"turns":5.0},{"damage":7.0,"enemies":"Cultist and Chosen","floor":30.0,"turns":4.0},{"damage":21.0,"enemies":"3 Cultists","floor":31.0,"turns":4.0},{"damage":60,"enemies":"Champ","floor":33,"turns":6}],"seed_played":"-4865298175452736742","potions_obtained":[{"floor":1.0,"key":"EssenceOfSteel"},{"floor":4.0,"key":"AttackPotion"},{"floor":12.0,"key":"SpeedPotion"},{"floor":13.0,"key":"Swift Potion"},{"floor":18.0,"key":"Strength Potion"},{"floor":19.0,"key":"Explosive Potion"},{"floor":30.0,"key":"PowerPotion"}],"is_trial":false,"path_per_floor":["M","?","M","M","?","R","M","R","T","$","R","M","M","?","R","B",null,"M","M","?","$","M","R","$","M","T","R","M","R","M","M","R","B"],"character_chosen":"THE_SILENT","items_purchased":["Flash of Steel","Adrenaline","Caltrops","Infinite Blades"],"campfire_rested":4,"item_purchase_floors":[10,10,10,24],"current_hp_per_floor":[67,53,53,53,53,53,43,43,43,43,43,43,43,43,43,5,70,67,53,53,53,19,40,40,10,10,31,27,48,41,20,41,0],"gold":76,"neow_bonus":"BOSS_RELIC","is_prod":false,"is_daily":false,"chose_seed":false,"campfire_upgraded":4,"win_rate":0,"timestamp":1559506293,"path_taken":["M","?","M","M","?","R","?","R","T","?","R","M","M","?","R","BOSS","M","?","?","$","M","R","$","M","T","R","M","R","?","M","R","BOSS"],"build_version":"2019-01-23","purchased_purges":3,"victory":false,"max_hp_per_floor":[70,70,70,70,70,70,70,70,70,70,70,70,70,70,70,70,70,70,70,70,70,70,70,70,70,70,70,70,70,70,70,70,70],"card_choices":[{"not_picked":["Well Laid Plans","Dodge and Roll"],"picked":"Slice","floor":1.0},{"not_picked":["PiercingWail","Underhanded Strike"],"picked":"Blade Dance","floor":3.0},{"not_picked":["Leg Sweep","Tactician"],"picked":"Blade Dance","floor":4.0},{"not_picked":["Acrobatics","Slice"],"picked":"Cloak And Dagger","floor":7.0},{"not_picked":["PiercingWail","Deadly Poison"],"picked":"Slice","floor":12.0},{"not_picked":["Bane","Expertise","Deadly Poison"],"picked":"SKIP","floor":13.0},{"not_picked":["Malaise","Doppelganger"],"picked":"A Thousand Cuts","floor":16.0},{"not_picked":["Well Laid Plans","Predator"],"picked":"Calculated Gamble","floor":18.0},{"not_picked":["Finisher","Poisoned Stab","Outmaneuver"],"picked":"SKIP","floor":19.0},{"not_picked":["Backflip","Poisoned Stab"],"picked":"Slice","floor":22.0},{"not_picked":["Tactician","Flechettes","Underhanded Strike+1"],"picked":"SKIP","floor":25.0},{"not_picked":["Flying Knee","Eviscerate"],"picked":"Terror","floor":28.0},{"not_picked":["Setup","Night Terror","Bane"],"picked":"SKIP","floor":30.0},{"not_picked":["Backflip","Dodge and Roll","Quick Slash"],"picked":"SKIP","floor":31.0}],"player_experience":276309,"relics_obtained":[],"event_choices":[{"damage_healed":0.0,"max_hp_gain":0.0,"max_hp_loss":0.0,"gold_gain":0.0,"event_name":"Shining Light","player_choice":"Entered Light","floor":2.0,"gold_loss":0.0,"damage_taken":14.0,"cards_upgraded":["Strike_G","Survivor"]},{"damage_healed":0.0,"max_hp_gain":0.0,"max_hp_loss":0.0,"gold_gain":275.0,"event_name":"Golden Shrine","player_choice":"Desecrate","floor":5.0,"gold_loss":0.0,"damage_taken":0.0,"cards_obtained":["Regret"]},{"damage_healed":0.0,"max_hp_gain":0.0,"max_hp_loss":0.0,"gold_gain":0.0,"event_name":"Lab","player_choice":"Got Potions","floor":14.0,"gold_loss":0.0,"damage_taken":0.0},{"damage_healed":0.0,"max_hp_gain":0.0,"max_hp_loss":0.0,"gold_gain":100.0,"event_name":"The Joust","player_choice":"Bet on Murderer","floor":20.0,"gold_loss":50.0,"damage_taken":0.0}],"is_beta":false,"boss_relics":[{"not_picked":["Empty Cage","Astrolabe","Runic Dome"]}],"items_purged_floors":[10,21,24],"is_endless":false,"potions_floor_spawned":[1,4,12,13,18,19,30],"killed_by":"Champ","ascension_level":0}