{"gold_per_floor":[114,125,125,138,138,138,153,163,189,189,139,139,156,182,182,280,280,293,307,307,307,319,319],"floor_reached":23,"playtime":2542,"items_purged":[],"score":193,"play_id":"9f8f8e12-5786-43b1-8d9e-d1f2866de955","local_time":"20190522205556","is_ascension_mode":false,"campfire_choices":[{"data":"Pommel Strike","floor":6,"key":"SMITH"},{"data":"Clash","floor":10,"key":"SMITH"},{"data":"Twin Strike","floor":12,"key":"SMITH"},{"floor":15,"key":"REST"}],"neow_cost":"","seed_source_timestamp":99197379272000,"circlet_count":0,"master_deck":["Strike_R+1","Strike_R+1","Defend_R+1","Defend_R+1","Defend_R+1","Bash+1","Battle Trance","Pommel Strike+1","Whirlwind+1","Clash+1","Twin Strike+1","True Grit","Inflame","Clothesline","Double Tap","Rupture+1","Double Tap+1","Pommel Strike+1","Clash","Headbutt+1","Headbutt"],"relics":["Burning Blood","Dream Catcher","Whetstone","Astrolabe"],"potions_floor_usage":[16],"damage_taken":[{"damage":0,"enemies":"2 Louse","floor":1,"turns":3},{"damage":7,"enemies":"Small Slimes","floor":2,"turns":5},{"damage":11,"enemies":"Jaw Worm","floor":4,"turns":5},{"damage":1,"enemies":"2 Fungi Beasts","floor":7,"turns":4},{"damage":16,"enemies":"Exordium Thugs","floor":8,"turns":6},{"damage":11,"enemies":"Large Slime","floor":13,"turns":3},{"damage":14,"enemies":"Gremlin Nob","floor":14,"turns":3},{"damage":69,"enemies":"The Guardian","floor":16,"turns":12},{"damage":28,"enemies":"Shell Parasite","floor":18,"turns":6},{"damage":0,"enemies":"Chosen","floor":19,"turns":4},{"damage":25,"enemies":"Snake Plant","floor":22,"turns":4},{"damage":46,"enemies":"Gremlin Leader","floor":23,"turns":4}],"seed_played":"8760573339312293639","potions_obtained":[{"floor":1,"key":"GamblersBrew"},{"floor":13,"key":"Strength Potion"},{"floor":14,"key":"SkillPotion"},{"floor":18,"key":"Weak Potion"},{"floor":19,"key":"AttackPotion"}],"is_trial":false,"path_per_floor":["M","M","?","M","?","R","M","M","T","R","?","R","M","E","R","B",null,"M","M","?","?","M","E"],"character_chosen":"IRONCLAD","items_purchased":[],"campfire_rested":1,"item_purchase_floors":[],"current_hp_per_floor":[80,79,79,74,74,74,79,69,69,69,69,69,64,56,80,17,80,58,64,64,64,45,0],"gold":319,"neow_bonus":"","is_prod":false,"is_daily":false,"chose_seed":false,"campfire_upgraded":3,"win_rate":0.0,"timestamp":1558583756,"path_taken":["M","M","?","M","?","R","M","M","T","R","?","R","M","E","R","BOSS","M","M","?","?","M","E"],"build_version":"2019-01-23","purchased_purges":0,"victory":false,"max_hp_per_floor":[80,80,80,80,80,80,80,80,80,80,80,80,80,80,80,80,80,80,80,80,80,80,80],"card_choices":[{"not_picked":["Clothesline","Corruption"],"picked":"Battle Trance","floor":1},{"not_picked":["Thunderclap","True Grit"],"picked":"Pommel Strike","floor":2},{"not_picked":["Dropkick","Second Wind"],"picked":"Whirlwind","floor":4},{"not_picked":["Twin Strike","Clothesline"],"picked":"Clash","floor":7},{"not_picked":["Body Slam","Thunderclap"],"picked":"Twin Strike","floor":8},{"not_picked":["Second Wind","Dark Embrace"],"picked":"True Grit","floor":13},{"not_picked":["Pommel Strike","Warcry"],"picked":"Inflame","floor":14},{"not_picked":["Entrench","Perfected Strike"],"picked":"Clothesline","floor":15},{"not_picked":["Berserk","Bludgeon"],"picked":"Double Tap","floor":16},{"not_picked":["Perfected Strike","Whirlwind"],"picked":"Clash","floor":18},{"not_picked":["Twin Strike","Pommel Strike"],"picked":"Headbutt+1","floor":19},{"not_picked":["Thunderclap","Body Slam"],"picked":"Headbutt","floor":22}],"player_experience":0,"relics_obtained":[{"floor":9,"key":"Dream Catcher"},{"floor":14,"key":"Whetstone"}],"event_choices":[{"damage_healed":0,"gold_gain":0,"player_choice":"Ignored","damage_taken":0,"max_hp_gain":0,"max_hp_loss":0,"event_name":"Golden Wing","floor":3,"gold_loss":0},{"damage_healed":0,"gold_gain":0,"player_choice":"Grow","damage_taken":0,"max_hp_gain":0,"max_hp_loss":0,"event_name":"Living Wall","floor":5,"gold_loss":0,"cards_upgraded":["Whirlwind"]},{"cards_removed":["Defend_R"],"damage_healed":0,"gold_gain":0,"player_choice":"Card Removal","damage_taken":0,"max_hp_gain":0,"max_hp_loss":0,"event_name":"The Cleric","floor":11,"gold_loss":50},{"damage_healed":0,"gold_gain":0,"player_choice":"Ignored","damage_taken":0,"max_hp_gain":0,"max_hp_loss":0,"event_name":"Ghosts","floor":20,"gold_loss":0},{"damage_healed":0,"gold_gain":0,"player_choice":"Simplicity","damage_taken":0,"max_hp_gain":0,"max_hp_loss":0,"event_name":"Back to Basics","floor":21,"gold_loss":0,"cards_upgraded":["Strike_R","Defend_R","Defend_R","Defend_R"]}],"is_beta":false,"boss_relics":[{"not_picked":["Calling Bell","Tiny House"],"picked":"Astrolabe"}],"items_purged_floors":[],"is_endless":false,"potions_floor_spawned":[1,13,14,18,19],"killed_by":"Gremlin Leader","ascension_level":0}