{"gold_per_floor":[111,111,111,125,142,172,172,247,247,258,333,388,45,64,64,169,169,183,212,230,230,41,66,66,94,94,94,9,9,40,58,58,58],"floor_reached":33,"playtime":1536,"items_purged":["Defend_G"],"score":451,"play_id":"204896e9-6715-460e-bb1f-1651b229a400","local_time":"20181118102502","daily_mods":["Diverse"],"is_ascension_mode":false,"campfire_choices":[{"data":"Feed","floor":7,"key":"SMITH"},{"floor":15,"key":"REST"},{"floor":24,"key":"REST"},{"data":"Apotheosis","floor":27,"key":"SMITH"},{"floor":32,"key":"REST"}],"neow_cost":"","seed_source_timestamp":6640405426846,"circlet_count":0,"master_deck":["Defend_G","Defend_G","Defend_G","Defend_G","Strike_G","Strike_G","Strike_G","Strike_G","Strike_G","Survivor","Neutralize+1","Leap","Feed+1","Infinite Blades","Apotheosis+1","White Noise","Conserve Battery","Amplify","Outmaneuver+1","Metallicize","Shrug It Off+1","Headbutt+1"],"relics":["Ring of the Snake","Matryoshka","Bottled Lightning","Pear","Paper Crane","PreservedInsect","Busted Crown","Red Mask","Omamori","Smiling Mask","Bronze Scales","Orichalcum","Dream Catcher","Strawberry","Ornamental Fan"],"potions_floor_usage":[6,16,16,19,30,31,33],"damage_taken":[{"damage":0,"enemies":"Jaw Worm","floor":1,"turns":5},{"damage":2,"enemies":"2 Louse","floor":4,"turns":4},{"damage":0,"enemies":"Cultist","floor":5,"turns":4},{"damage":13,"enemies":"Gremlin Nob","floor":6,"turns":5},{"damage":3,"enemies":"2 Fungi Beasts","floor":10,"turns":4},{"damage":42,"enemies":"Gremlin Nob","floor":12,"turns":7},{"damage":0,"enemies":"Blue Slaver","floor":14,"turns":7},{"damage":27,"enemies":"Slime Boss","floor":16,"turns":11},{"damage":23,"enemies":"Spheric Guardian","floor":18,"turns":7},{"damage":26,"enemies":"Masked Bandits","floor":19,"turns":7},{"damage":15,"enemies":"3 Byrds","floor":20,"turns":8},{"damage":42,"enemies":"Slavers","floor":23,"turns":8},{"damage":21,"enemies":"Gremlin Leader","floor":25,"turns":17},{"damage":12,"enemies":"Book of Stabbing","floor":30,"turns":6},{"damage":7,"enemies":"Centurion and Healer","floor":31,"turns":8},{"damage":70,"enemies":"Collector","floor":33,"turns":13}],"seed_played":"1348919165513153284","potions_obtained":[{"floor":5,"key":"Poison Potion"},{"floor":12,"key":"Energy Potion"},{"floor":14,"key":"Strength Potion"},{"floor":18,"key":"AttackPotion"},{"floor":25,"key":"Swift Potion"},{"floor":30,"key":"Explosive Potion"},{"floor":31,"key":"Strength Potion"}],"is_trial":true,"path_per_floor":["M","?","?","M","M","E","R","?","T","M","?","?","$","M","R","B",null,"M","?","M","?","$","E","R","E","T","R","?","$","E","M","R","B"],"character_chosen":"THE_SILENT","items_purchased":["Apotheosis","White Noise","Omamori","Metallicize"],"campfire_rested":3,"item_purchase_floors":[13,13,22,22],"current_hp_per_floor":[70,70,67,65,65,52,52,45,55,56,45,3,3,7,33,10,92,69,47,36,69,69,31,62,41,41,41,48,48,36,33,67,0],"gold":58,"neow_bonus":"","is_prod":false,"is_daily":false,"chose_seed":false,"campfire_upgraded":2,"win_rate":0,"timestamp":1542533102,"path_taken":["M","?","?","M","M","E","R","?","T","?","?","?","$","M","R","BOSS","M","?","M","?","$","E","R","E","T","R","?","$","E","M","R","BOSS"],"build_version":"2018-11-15","purchased_purges":1,"victory":false,"max_hp_per_floor":[70,70,70,70,70,70,70,70,80,84,84,84,84,88,88,92,92,92,96,100,100,100,104,104,104,104,104,111,111,111,115,115,115],"card_choices":[{"not_picked":["Cloak And Dagger","Eviscerate","Anger"],"picked":"SKIP","floor":1},{"not_picked":["Quick Slash","Dodge and Roll"],"picked":"Leap","floor":4},{"not_picked":["Clothesline","Quick Slash","Outmaneuver"],"picked":"SKIP","floor":5},{"not_picked":["Hologram","Underhanded Strike"],"picked":"Feed","floor":6},{"not_picked":["Quick Slash","Gash","Endless Agony"],"picked":"SKIP","floor":10},{"not_picked":["Doom and Gloom","Escape Plan"],"picked":"Infinite Blades","floor":12},{"not_picked":["Bane","Armaments"],"picked":"Conserve Battery","floor":14},{"not_picked":["All For One","Reaper"],"picked":"Amplify","floor":16},{"not_picked":["Barrage+1"],"picked":"SKIP","floor":18},{"not_picked":[],"picked":"Outmaneuver+1","floor":19},{"not_picked":["Armaments+1"],"picked":"SKIP","floor":20},{"not_picked":[],"picked":"Shrug It Off+1","floor":23},{"not_picked":["Multi-Cast"],"picked":"SKIP","floor":25},{"not_picked":["Underhanded Strike"],"picked":"SKIP","floor":30},{"not_picked":[],"picked":"Headbutt+1","floor":31}],"player_experience":115470,"relics_obtained":[{"floor":6,"key":"Bottled Lightning"},{"floor":9,"key":"Pear"},{"floor":9,"key":"Paper Crane"},{"floor":12,"key":"PreservedInsect"},{"floor":19,"key":"Red Mask"},{"floor":23,"key":"Smiling Mask"},{"floor":25,"key":"Bronze Scales"},{"floor":26,"key":"Orichalcum"},{"floor":26,"key":"Dream Catcher"},{"floor":30,"key":"Ornamental Fan"}],"event_choices":[{"damage_healed":0,"gold_gain":0,"player_choice":"Grow","damage_taken":0,"max_hp_gain":0,"max_hp_loss":0,"event_name":"Living Wall","floor":2,"gold_loss":0,"cards_upgraded":["Neutralize"]},{"damage_healed":0,"gold_gain":0,"player_choice":"Success","damage_taken":3,"relics_obtained":["Matryoshka"],"max_hp_gain":0,"max_hp_loss":0,"event_name":"Scrap Ooze","floor":3,"gold_loss":0},{"damage_healed":0,"gold_gain":75,"player_choice":"Touch","damage_taken":7,"max_hp_gain":0,"max_hp_loss":0,"event_name":"FaceTrader","floor":8,"gold_loss":0},{"damage_healed":0,"gold_gain":75,"player_choice":"Gather Gold","damage_taken":11,"max_hp_gain":0,"max_hp_loss":0,"event_name":"World of Goop","floor":11,"gold_loss":0},{"damage_healed":0,"gold_gain":30,"player_choice":"Searched \u00273\u0027 times","damage_taken":0,"max_hp_gain":0,"max_hp_loss":0,"event_name":"Dead Adventurer","floor":12,"gold_loss":0},{"damage_healed":0,"gold_gain":0,"player_choice":"Fought Bandits","damage_taken":0,"max_hp_gain":0,"max_hp_loss":0,"event_name":"Masked Bandits","floor":19,"gold_loss":0},{"damage_healed":33,"gold_gain":0,"player_choice":"Heal","damage_taken":0,"max_hp_gain":0,"max_hp_loss":0,"event_name":"The Library","floor":21,"gold_loss":0},{"damage_healed":0,"gold_gain":0,"player_choice":"Obtained Relic","damage_taken":0,"relics_obtained":["Strawberry"],"max_hp_gain":0,"max_hp_loss":0,"event_name":"Addict","floor":28,"gold_loss":85}],"is_beta":false,"boss_relics":[{"not_picked":["Empty Cage","Pandora\u0027s Box"],"picked":"Busted Crown"}],"items_purged_floors":[13],"is_endless":true,"potions_floor_spawned":[5,12,14,18,25,30,31],"killed_by":"Collector","ascension_level":0}