{"gold_per_floor":[115,115,80,5,30,77,89,111,123,35,52,67,86,96,96,171,171,185,26,26,26,43,43,43],"floor_reached":24,"playtime":1305,"items_purged":["Strike_B","Strike_B","Strike_B"],"score":376,"play_id":"c357c68b-ed99-4c43-8919-ae3aac7282ab","local_time":"20190518205436","is_ascension_mode":true,"campfire_choices":[{"data":"Electrodynamics","floor":7,"key":"SMITH"},{"floor":15,"key":"REST"},{"floor":23,"key":"REST"}],"neow_cost":"NONE","seed_source_timestamp":32920086314238,"circlet_count":0,"master_deck":["AscendersBane","Defend_B","Defend_B","Defend_B","Defend_B","Zap","Dualcast","Electrodynamics+1","Conserve Battery","Reinforced Body","Recycle"],"relics":["Cracked Core","NeowsBlessing","MawBank","Blue Candle","Bottled Lightning","Runic Pyramid"],"potions_floor_usage":[16],"damage_taken":[{"damage":0,"enemies":"Small Slimes","floor":1,"turns":1},{"damage":0,"enemies":"Gremlin Nob","floor":6,"turns":1},{"damage":0,"enemies":"2 Louse","floor":8,"turns":1},{"damage":2,"enemies":"Jaw Worm","floor":11,"turns":3},{"damage":10,"enemies":"Blue Slaver","floor":12,"turns":4},{"damage":11,"enemies":"Red Slaver","floor":13,"turns":3},{"damage":9,"enemies":"Exordium Wildlife","floor":14,"turns":4},{"damage":51,"enemies":"The Guardian","floor":16,"turns":18},{"damage":33,"enemies":"Shell Parasite","floor":18,"turns":17},{"damage":13,"enemies":"Spheric Guardian","floor":22,"turns":10},{"damage":36,"enemies":"Book of Stabbing","floor":24,"turns":5}],"seed_played":"172217551165182106","potions_obtained":[{"floor":8,"key":"Explosive Potion"},{"floor":13,"key":"FearPotion"},{"floor":16,"key":"Energy Potion"},{"floor":22,"key":"Fire Potion"}],"is_trial":false,"path_per_floor":["M","?","?","$","T","E","R","M","T","$","M","M","M","M","R","B",null,"M","$","?","?","M","R","E"],"character_chosen":"DEFECT","items_purchased":["Recycle"],"campfire_rested":2,"item_purchase_floors":[19],"current_hp_per_floor":[64,69,69,69,69,69,69,69,69,69,67,57,46,37,59,8,59,26,26,26,26,13,35,0],"gold":43,"neow_bonus":"THREE_ENEMY_KILL","is_prod":false,"is_daily":false,"chose_seed":false,"campfire_upgraded":1,"win_rate":0,"timestamp":1558238076,"path_taken":["M","?","?","?","?","E","R","M","T","$","M","M","M","?","R","BOSS","M","$","?","?","M","R","E"],"build_version":"2019-01-23","purchased_purges":3,"victory":false,"max_hp_per_floor":[71,76,76,76,76,76,76,76,76,76,76,76,76,76,76,76,76,76,76,76,76,76,76,76],"card_choices":[{"not_picked":["Turbo","Skim","Compile Driver"],"picked":"SKIP","floor":1},{"not_picked":["Conserve Battery","Heatsinks"],"picked":"Electrodynamics","floor":6},{"not_picked":["Leap","Steam","Cold Snap"],"picked":"SKIP","floor":8},{"not_picked":["Consume","Sweeping Beam"],"picked":"Conserve Battery","floor":11},{"not_picked":["Gash","Force Field","Redo"],"picked":"SKIP","floor":12},{"not_picked":["Steam","Beam Cell","Scrape"],"picked":"SKIP","floor":13},{"not_picked":["Redo","Heatsinks","Gash"],"picked":"SKIP","floor":14},{"not_picked":["Steam","Glacier+1"],"picked":"Reinforced Body","floor":18},{"not_picked":["Glacier","Sweeping Beam","Doom and Gloom+1"],"picked":"SKIP","floor":22}],"player_experience":636717,"relics_obtained":[{"floor":5,"key":"MawBank"},{"floor":6,"key":"Blue Candle"},{"floor":9,"key":"Bottled Lightning"}],"event_choices":[{"damage_healed":0,"gold_gain":0,"player_choice":"Donut","damage_taken":0,"max_hp_gain":5,"max_hp_loss":0,"event_name":"Big Fish","floor":2,"gold_loss":0},{"damage_healed":0,"gold_gain":0,"player_choice":"Left Gold","damage_taken":0,"max_hp_gain":0,"max_hp_loss":0,"event_name":"World of Goop","floor":3,"gold_loss":35},{"damage_healed":0,"gold_gain":0,"player_choice":"Ignored","damage_taken":0,"max_hp_gain":0,"max_hp_loss":0,"event_name":"Cursed Tome","floor":20,"gold_loss":0},{"cards_removed":["Strike_B"],"damage_healed":0,"gold_gain":0,"player_choice":"Elegance","damage_taken":0,"max_hp_gain":0,"max_hp_loss":0,"event_name":"Back to Basics","floor":21,"gold_loss":0}],"is_beta":false,"boss_relics":[{"not_picked":["Snecko Eye","Orrery"],"picked":"Runic Pyramid"}],"items_purged_floors":[4,10,19],"is_endless":false,"potions_floor_spawned":[8,13,16,22],"killed_by":"Book of Stabbing","ascension_level":14}