{"gold_per_floor":[114,124,141,151,169,204,204,223,223,255,272,272,272,287,287,390,390,404,404,414,426,234,234],"floor_reached":23,"playtime":1318,"items_purged":[],"score":207,"play_id":"68caf6b9-d2dc-489e-aac0-75e27dd0199c","local_time":"20180703204259","is_ascension_mode":false,"campfire_choices":[{"floor":7,"key":"REST"},{"data":"Regret","floor":13,"key":"PURGE"},{"floor":15,"key":"REST"}],"neow_cost":"NONE","seed_source_timestamp":120708077017126,"circlet_count":0,"master_deck":["Survivor+1","Neutralize","Deadly Poison","Bane","Cloak And Dagger+1","Terror","Distraction","Escape Plan","Backstab","Phantasmal Killer","Footwork","Outmaneuver","Corpse Explosion","Heel Hook","Slice","Dodge and Roll","Poisoned Stab","Riddle With Holes","Deadly Poison","Heel Hook","Deflect","Finisher","Slice","Cloak And Dagger","Caltrops","Noxious Fumes","Magnetism"],"relics":["Eternal Feather","Lantern","Letter Opener","Peace Pipe","War Paint","Pandora\u0027s Box"],"potions_floor_usage":[16,16,16,18,23],"damage_taken":[{"damage":1,"enemies":"Cultist","floor":1,"turns":5},{"damage":0,"enemies":"2 Louse","floor":2,"turns":3},{"damage":3,"enemies":"Jaw Worm","floor":3,"turns":2},{"damage":0,"enemies":"2 Fungi Beasts","floor":4,"turns":4},{"damage":11,"enemies":"Blue Slaver","floor":5,"turns":4},{"damage":20,"enemies":"Gremlin Nob","floor":6,"turns":4},{"damage":12,"enemies":"Gremlin Gang","floor":8,"turns":5},{"damage":27,"enemies":"Lagavulin","floor":10,"turns":6},{"damage":0,"enemies":"Exordium Wildlife","floor":11,"turns":4},{"damage":0,"enemies":"3 Louse","floor":14,"turns":2},{"damage":46,"enemies":"Hexaghost","floor":16,"turns":8},{"damage":18,"enemies":"2 Thieves","floor":18,"turns":4},{"damage":0,"enemies":"Shell Parasite","floor":20,"turns":4},{"damage":36,"enemies":"Snake Plant","floor":21,"turns":3},{"damage":16,"enemies":"Chosen and Byrds","floor":23,"turns":5}],"seed_played":"-4869538384990532505","potions_obtained":[{"floor":1,"key":"LiquidBronze"},{"floor":2,"key":"LiquidBronze"},{"floor":8,"key":"Explosive Potion"},{"floor":10,"key":"AttackPotion"},{"floor":11,"key":"Poison Potion"},{"floor":16,"key":"GhostInAJar"},{"floor":18,"key":"Energy Potion"},{"floor":20,"key":"Energy Potion"}],"is_trial":false,"path_per_floor":["M","M","M","M","M","E","R","M","T","E","M","?","R","M","R","B",null,"M","?","M","M","$"],"character_chosen":"THE_SILENT","items_purchased":["Magnetism"],"campfire_rested":2,"item_purchase_floors":[22],"current_hp_per_floor":[69,69,66,66,55,35,62,50,50,23,23,23,31,31,60,14,70,52,52,52,16,16,0],"gold":234,"neow_bonus":"BOSS_RELIC","is_prod":false,"is_daily":false,"chose_seed":false,"campfire_upgraded":0,"win_rate":0,"timestamp":1530643379,"path_taken":["M","M","M","?","M","E","R","M","T","E","M","?","R","M","R","BOSS","M","?","M","M","$","M"],"build_version":"2018-06-28","purchased_purges":0,"victory":false,"max_hp_per_floor":[70,70,70,70,70,70,70,70,70,70,70,70,70,70,70,70,70,70,70,70,70,70,70],"card_choices":[{"not_picked":["Masterful Stab","Underhanded Strike"],"picked":"Deadly Poison","floor":1},{"not_picked":["Dodge and Roll","Deadly Poison"],"picked":"Bane","floor":2},{"not_picked":["Expertise","Flying Knee"],"picked":"Cloak And Dagger","floor":3},{"not_picked":["Night Terror","Escape Plan"],"picked":"Terror","floor":4},{"not_picked":["Outmaneuver","Heel Hook"],"picked":"Distraction","floor":5},{"not_picked":["Dash","Heel Hook"],"picked":"Escape Plan","floor":6},{"not_picked":["Eviscerate","Finisher"],"picked":"Backstab","floor":8},{"not_picked":["Blur","Infinite Blades"],"picked":"Phantasmal Killer","floor":10},{"not_picked":["Distraction","Caltrops"],"picked":"Footwork","floor":11},{"not_picked":["Dagger Throw","Underhanded Strike"],"picked":"Outmaneuver","floor":14},{"not_picked":["Tactician","Storm of Steel"],"picked":"Corpse Explosion","floor":16},{"not_picked":["Dagger Throw","Acrobatics+1"],"picked":"Cloak And Dagger","floor":18},{"not_picked":["Expertise","Well Laid Plans"],"picked":"Caltrops","floor":20},{"not_picked":["Underhanded Strike","Reflex+1"],"picked":"Noxious Fumes","floor":21}],"player_experience":62448,"relics_obtained":[{"floor":6,"key":"Lantern"},{"floor":9,"key":"Letter Opener"},{"floor":10,"key":"Peace Pipe"}],"event_choices":[{"event_name":"Big Fish","player_choice":"Box","floor":12,"damage_taken":0},{"event_name":"Ghosts","player_choice":"Ignored","floor":19,"damage_taken":0}],"boss_relics":[{"not_picked":["Fusion Hammer","Busted Crown"],"picked":"Pandora\u0027s Box"}],"items_purged_floors":[],"is_endless":false,"potions_floor_spawned":[1,2,8,10,11,16,18,20],"killed_by":"Chosen and Byrds","ascension_level":0}