{"gold_per_floor":[109,109,109,132,132,171,186,210,210,251,274,297,297,315,315,439,439,454,479,499,229,247,286,286,310,310,10,10,30,45,61,61,158,158,169,1168,1179,568,587,587,615,615,615,649,144,195,195,195,195,195],"floor_reached":51,"playtime":2819,"items_purged":["Strike_B","Defend_B","Normality","Normality"],"score":841,"play_id":"9ebfdc3b-5afe-4306-a39a-86d0871f186e","local_time":"20180715155620","is_ascension_mode":false,"campfire_choices":[{"data":"Zap","floor":13,"key":"SMITH"},{"floor":15,"key":"REST"},{"data":"Apotheosis","floor":24,"key":"SMITH"},{"data":"Seek","floor":32,"key":"SMITH"},{"data":"Defragment","floor":40,"key":"SMITH"},{"data":"Redo","floor":42,"key":"SMITH"},{"data":"Magnetism","floor":47,"key":"SMITH"},{"floor":49,"key":"REST"}],"neow_cost":"NONE","seed_source_timestamp":240174072972924,"circlet_count":0,"master_deck":["Strike_B","Defend_B","Defend_B","Zap+1","Dualcast","Cold Snap+1","Redo+1","Conserve Battery","Chill","Glacier","Cold Snap","Defragment+1","Go for the Eyes","Blizzard+1","Seek+1","Ball Lightning+1","Hologram+1","Cold Snap+1","Apotheosis+1","Glacier","Storm","Ball Lightning+1","Barrage","Chill","Beam Cell+1","Machine Learning","Fusion+1","Undo+1","Hologram+1","Glacier+1","Blizzard+1","Capacitor","FTL","Seek+1","Ball Lightning+1","Reboot","Magnetism+1","Jack Of All Trades","Flash of Steel","Jack Of All Trades","Coolheaded"],"relics":["Cracked Core","NeowsBlessing","Bloody Idol","Orichalcum","Letter Opener","Dream Catcher","Boot","Inserter","Pen Nib","Bird Faced Urn","Bag of Preparation","Astrolabe","Anchor","DollysMirror","Matryoshka","Ancient Tea Set","Darkstone Periapt","Bottled Tornado","Whetstone","Prayer Wheel"],"potions_floor_usage":[10,12,16,33,33,50],"damage_taken":[{"damage":0,"enemies":"Cultist","floor":1,"turns":1},{"damage":0,"enemies":"Small Slimes","floor":4,"turns":1},{"damage":0,"enemies":"3 Sentries","floor":6,"turns":1},{"damage":5,"enemies":"2 Louse","floor":7,"turns":3},{"damage":9,"enemies":"Exordium Thugs","floor":8,"turns":4},{"damage":20,"enemies":"Lagavulin","floor":10,"turns":8},{"damage":0,"enemies":"3 Louse","floor":11,"turns":3},{"damage":0,"enemies":"Red Slaver","floor":12,"turns":4},{"damage":2,"enemies":"Looter","floor":14,"turns":4},{"damage":26,"enemies":"Hexaghost","floor":16,"turns":16},{"damage":3,"enemies":"Spheric Guardian","floor":18,"turns":6},{"damage":3,"enemies":"Chosen","floor":19,"turns":4},{"damage":7,"enemies":"Snake Plant","floor":20,"turns":4},{"damage":12,"enemies":"Slaver and Parasite","floor":22,"turns":6},{"damage":12,"enemies":"Book of Stabbing","floor":23,"turns":6},{"damage":0,"enemies":"Cultist and Chosen","floor":25,"turns":10},{"damage":12,"enemies":"Snecko","floor":29,"turns":5},{"damage":0,"enemies":"Chosen and Byrds","floor":30,"turns":5},{"damage":7,"enemies":"Snake Plant","floor":31,"turns":4},{"damage":24,"enemies":"Collector","floor":33,"turns":9},{"damage":7,"enemies":"3 Darklings","floor":35,"turns":4},{"damage":0,"enemies":"Orb Walker","floor":37,"turns":3},{"damage":0,"enemies":"Flame Bruiser 2 Orb","floor":39,"turns":6},{"damage":22,"enemies":"2 Orb Walkers","floor":41,"turns":7},{"damage":0,"enemies":"Nemesis","floor":44,"turns":3},{"damage":11,"floor":46,"turns":6},{"damage":43,"enemies":"Awakened One","floor":50,"turns":15}],"seed_played":"8641236489063910734","potions_obtained":[{"floor":4,"key":"EssenceOfSteel"},{"floor":5,"key":"PowerPotion"},{"floor":5,"key":"PowerPotion"},{"floor":8,"key":"Energy Potion"},{"floor":11,"key":"Fruit Juice"},{"floor":14,"key":"Weak Potion"},{"floor":18,"key":"FocusPotion"},{"floor":33,"key":"Regen Potion"},{"floor":35,"key":"SpeedPotion"}],"is_trial":false,"path_per_floor":["M","?","T","M","?","E","M","M","T","E","M","M","R","M","R","B",null,"M","M","M","$","M","E","R","M","T","$","?","M","M","M","R","B",null,"M","?","M","$","M","R","E","R","T","E","$","?","R","?","R","B"],"character_chosen":"DEFECT","items_purchased":["Apotheosis","Bag of Preparation","Barrage","Anchor","Capacitor","FTL","DollysMirror","Magnetism","Whetstone"],"campfire_rested":2,"item_purchase_floors":[21,27,27,38,38,38,38,45,45],"current_hp_per_floor":[75,57,57,57,57,57,52,43,43,23,23,28,28,26,50,31,80,77,74,67,67,55,43,43,43,43,43,43,40,45,45,45,30,80,78,80,80,80,80,80,69,69,69,80,80,74,74,64,80,60],"gold":195,"neow_bonus":"THREE_ENEMY_KILL","is_prod":false,"is_daily":false,"chose_seed":false,"campfire_upgraded":6,"win_rate":0.0,"timestamp":1531637780,"path_taken":["M","?","?","M","?","E","M","M","T","E","M","?","R","M","R","BOSS","M","M","M","$","M","E","R","M","T","$","?","M","M","M","R","BOSS","M","?","M","$","M","R","E","R","T","E","$","?","R","?","R","BOSS"],"build_version":"2018-07-12","purchased_purges":4,"victory":true,"max_hp_per_floor":[75,75,75,75,75,75,75,75,75,75,75,80,80,80,80,80,80,80,80,80,80,80,80,80,80,80,80,80,80,80,80,80,80,80,80,80,80,80,80,80,80,80,80,80,80,80,80,80,80,80],"card_choices":[{"not_picked":["Go for the Eyes","Compile Driver"],"picked":"Cold Snap","floor":1},{"not_picked":["Steam","Compile Driver"],"picked":"Redo","floor":4},{"not_picked":["Barrage","Compile Driver","Creative AI"],"picked":"SKIP","floor":6},{"not_picked":["Ball Lightning","Redo"],"picked":"Conserve Battery","floor":7},{"not_picked":["Consume","Gash"],"picked":"Chill","floor":8},{"not_picked":["Cold Snap","Chaos"],"picked":"Glacier","floor":10},{"not_picked":["Redo","Darkness"],"picked":"Cold Snap","floor":11},{"not_picked":["Rainbow","Leap"],"picked":"Defragment","floor":12},{"not_picked":["Conserve Battery","Rip and Tear"],"picked":"Go for the Eyes","floor":14},{"not_picked":["Sweeping Beam","Compile Driver"],"picked":"Blizzard","floor":15},{"not_picked":["Meteor Strike","Reboot"],"picked":"Seek","floor":16},{"not_picked":["Streamline+1","Hologram"],"picked":"Ball Lightning+1","floor":18},{"not_picked":["Go for the Eyes+1","Leap+1"],"picked":"Hologram+1","floor":19},{"not_picked":["Streamline+1","Beam Cell"],"picked":"Cold Snap+1","floor":20},{"not_picked":["Barrage+1","Beam Cell"],"picked":"Glacier","floor":22},{"not_picked":["Darkness","Streamline"],"picked":"Storm","floor":23},{"not_picked":["Rebound","Turbo"],"picked":"Ball Lightning+1","floor":25},{"not_picked":["Stack","Gash","Leap+1"],"picked":"SKIP","floor":29},{"not_picked":["Reinforced Body","Leap"],"picked":"Chill","floor":30},{"not_picked":["Thunder Strike","Steam"],"picked":"Beam Cell+1","floor":31},{"not_picked":["Buffer","Biased Cognition"],"picked":"Machine Learning","floor":33},{"not_picked":["Turbo+1","Rebound+1"],"picked":"Glacier+1","floor":35},{"not_picked":["Self Repair+1","Beam Cell"],"picked":"Blizzard+1","floor":37},{"not_picked":["Streamline+1","Reprogram","Compile Driver"],"picked":"SKIP","floor":39},{"not_picked":["Chaos","Go for the Eyes"],"picked":"Ball Lightning+1","floor":41},{"not_picked":["Lockon+1","Force Field"],"picked":"Reboot","floor":44},{"not_picked":["Magnetism","Apotheosis"],"picked":"Jack Of All Trades","floor":48},{"not_picked":["Swift Strike","Jack Of All Trades"],"picked":"Flash of Steel","floor":48},{"not_picked":["Magnetism","Secret Weapon"],"picked":"Jack Of All Trades","floor":48},{"not_picked":["Gash","Streamline+1"],"picked":"Coolheaded","floor":49}],"player_experience":167113,"relics_obtained":[{"floor":3,"key":"Orichalcum"},{"floor":6,"key":"Letter Opener"},{"floor":9,"key":"Dream Catcher"},{"floor":10,"key":"Boot"},{"floor":23,"key":"Pen Nib"},{"floor":26,"key":"Bird Faced Urn"},{"floor":41,"key":"Matryoshka"},{"floor":43,"key":"Ancient Tea Set"},{"floor":43,"key":"Darkstone Periapt"},{"floor":44,"key":"Bottled Tornado"},{"floor":46,"key":"Prayer Wheel"}],"event_choices":[{"event_name":"Golden Idol","player_choice":"Take Damage","floor":2,"damage_taken":0},{"event_name":"The Lab","player_choice":"Got Potions","floor":5,"damage_taken":0},{"event_name":"Forgotten Altar","player_choice":"Gave Idol","floor":28,"damage_taken":0},{"event_name":"MindBloom","player_choice":"Gold","floor":36,"damage_taken":0},{"event_name":"Mysterious Sphere","player_choice":"Fight","floor":46,"damage_taken":0},{"event_name":"SensoryStone","player_choice":"Memory 3","floor":48,"damage_taken":0}],"boss_relics":[{"not_picked":["Black Star","White Beast Statue"],"picked":"Inserter"},{"not_picked":["Snecko Eye","FrozenCore"],"picked":"Astrolabe"}],"items_purged_floors":[21,27,38,45],"is_endless":false,"potions_floor_spawned":[4,8,11,14,18,29,31,33,35,39,44],"ascension_level":0}