{"path_per_floor":["M","?","?","M","M","E","R","M","T","R","M","R","?","M","R","B",null,"M","$","M","$"],"character_chosen":"IRONCLAD","items_purchased":["Limit Break","Twin Strike"],"gold_per_floor":[113,113,63,79,95,126,126,142,142,142,159,159,215,233,233,330,330,344,205,220,166,166],"floor_reached":22,"campfire_rested":1,"playtime":682,"current_hp_per_floor":[80,80,80,79,83,51,51,39,39,39,26,53,53,59,59,49,92,68,68,18,18,0],"items_purged":[],"gold":166,"score":186,"play_id":"1fcf0f38-958b-424c-b56d-3e395f38d35d","local_time":"20180403120027","is_prod":false,"is_daily":false,"is_ascension_mode":false,"campfire_upgraded":3,"timestamp":1522724427,"path_taken":["M","?","?","M","M","E","R","M","T","R","?","R","?","M","R","BOSS","M","$","M","?","M"],"build_version":"2018-03-29v2","purchased_purges":0,"victory":false,"master_deck":["Strike_R","Strike_R","Strike_R","Strike_R","Defend_R","Defend_R","Bash","Immolate","Corruption+1","Feed+1","Pommel Strike","Body Slam+1","Perfected Strike+1","Perfected Strike+1","Double Tap+1","Reaper+1","Wild Strike+1","Limit Break","Flex","Twin Strike+1"],"max_hp_per_floor":[80,80,80,83,86,89,89,92,92,92,92,92,92,92,92,92,92,92,92,92,92,92],"relics":["Burning Blood","Molten Egg 2","Question Card","Black Star"],"card_choices":[{"not_picked":["Warcry","Clothesline"],"picked":"Corruption","floor":1},{"not_picked":["Body Slam","Second Wind"],"picked":"Pommel Strike","floor":5},{"not_picked":["Power Through","True Grit"],"picked":"Body Slam","floor":6},{"not_picked":["Burning Pact","Hemokinesis"],"picked":"Perfected Strike","floor":8},{"not_picked":["Hemokinesis","Clothesline","Uppercut"],"picked":"Perfected Strike","floor":11},{"not_picked":["Pommel Strike","Armaments","Shrug It Off"],"picked":"Double Tap","floor":14},{"not_picked":["Fiend Fire","Barricade","Immolate"],"picked":"Reaper","floor":16},{"not_picked":["Rupture","Disarm","Burning Pact"],"picked":"Wild Strike","floor":18},{"not_picked":["Havoc","Clothesline","Thunderclap"],"picked":"Flex","floor":20}],"player_experience":108600,"potions_floor_usage":[11,14],"damage_taken":[{"damage":1,"enemies":"2 Louse","floor":1,"turns":3},{"damage":10,"enemies":"Cultist","floor":4,"turns":4},{"damage":5,"enemies":"Small Slimes","floor":5,"turns":3},{"damage":41,"enemies":"3 Sentries","floor":6,"turns":7},{"damage":21,"enemies":"Blue Slaver","floor":8,"turns":4},{"damage":19,"enemies":"3 Louse","floor":11,"turns":2},{"damage":0,"enemies":"Lots of Slimes","floor":14,"turns":1},{"damage":16,"enemies":"Slime Boss","floor":16,"turns":9},{"damage":30,"enemies":"2 Thieves","floor":18,"turns":4},{"damage":62,"enemies":"3 Byrds","floor":20,"turns":7},{"damage":18,"enemies":"Snake Plant","floor":22,"turns":2}],"event_choices":[{"event_name":"Transmorgrifier","player_choice":"Transform","floor":2,"damage_taken":0},{"event_name":"The Cleric","player_choice":"Card Removal","floor":3,"damage_taken":0},{"event_name":"Golden Wing","player_choice":"Gained Gold","floor":13,"damage_taken":0}],"boss_relics":[{"not_picked":["Runic Dome","Runic Cube"],"picked":"Black Star"}],"potions_floor_spawned":[4,6,16,18],"seed_played":"-7064728596656832474","killed_by":"Snake Plant","ascension_level":0,"is_trial":false}