{"gold_per_floor":[115,134,149,166,341,374,374,374,374,8,258,270,290,309,309,406,406,426,426,451,465,263,263,275,292,371,371,9,25,25,44,44,44],"floor_reached":33,"playtime":1322,"items_purged":["Strike_G","Regret"],"score":301,"play_id":"de8c0252-2f52-484b-8e56-9d8513efd6a1","local_time":"20180628224416","is_ascension_mode":false,"campfire_choices":[{"data":"Bane","floor":7,"key":"SMITH"},{"floor":15,"key":"REST"},{"floor":23,"key":"REST"},{"floor":27,"key":"REST"},{"floor":32,"key":"REST"}],"neow_cost":"NONE","seed_source_timestamp":18140964673709,"circlet_count":0,"master_deck":["Defend_G","Defend_G","Defend_G","Defend_G","Defend_G","Strike_G+1","Strike_G+1","Strike_G","Strike_G","Survivor","Neutralize","Backstab","Bane+1","Deadly Poison","Poisoned Stab","Doubt","Bane","Die Die Die","Cloak And Dagger","Catalyst","Bouncing Flask","Cloak And Dagger","Bullet Time","Bouncing Flask","Bane","Malaise","Deadly Poison","Deadly Poison","Catalyst","Bouncing Flask+1","Backflip+1","Deadly Poison","Deadly Poison+1","Venomology","Backstab+1","Crippling Poison","Poisoned Stab+1","Noxious Fumes","Terror","Backflip+1","Corpse Explosion+1"],"relics":["Ring of the Snake","Whetstone","Dream Catcher","Happy Flower","Mummified Hand","Prayer Wheel","Orrery","Blood Vial","Molten Egg 2","Bottled Flame"],"potions_floor_usage":[6,6,12,18,21,25,31,33],"damage_taken":[{"damage":0,"enemies":"Jaw Worm","floor":1,"turns":5},{"damage":0,"enemies":"Small Slimes","floor":2,"turns":3},{"damage":1,"enemies":"Cultist","floor":3,"turns":3},{"damage":2,"enemies":"Looter","floor":4,"turns":2},{"damage":26,"enemies":"Lagavulin","floor":6,"turns":6},{"damage":9,"enemies":"Exordium Thugs","floor":12,"turns":4},{"damage":0,"enemies":"Large Slime","floor":13,"turns":2},{"damage":0,"enemies":"2 Fungi Beasts","floor":14,"turns":3},{"damage":24,"enemies":"Slime Boss","floor":16,"turns":10},{"damage":20,"enemies":"2 Thieves","floor":18,"turns":3},{"damage":21,"enemies":"3 Byrds","floor":21,"turns":4},{"damage":27,"enemies":"Centurion and Healer","floor":24,"turns":6},{"damage":17,"enemies":"Slaver and Parasite","floor":25,"turns":5},{"damage":18,"enemies":"Snake Plant","floor":29,"turns":3},{"damage":12,"enemies":"Cultist and Chosen","floor":31,"turns":4},{"damage":30,"enemies":"Collector","floor":33,"turns":3}],"seed_played":"-485455519654291482","potions_obtained":[{"floor":1,"key":"Regen Potion"},{"floor":4,"key":"EssenceOfSteel"},{"floor":6,"key":"PowerPotion"},{"floor":16,"key":"SkillPotion"},{"floor":18,"key":"AttackPotion"}],"is_trial":false,"path_per_floor":["M","M","M","M","?","E","R","T","T","$","?","M","M","M","R","B",null,"M","?","T","M","$","R","M","M","T","R","$","M","$","M","R"],"character_chosen":"THE_SILENT","items_purchased":["Prayer Wheel","SmokeBomb","Noxious Fumes","Bottled Flame","PowerPotion"],"campfire_rested":4,"item_purchase_floors":[10,22,28,28,28],"current_hp_per_floor":[70,70,69,67,67,53,53,53,53,53,53,44,44,44,65,41,70,50,50,50,31,31,52,27,12,12,33,33,17,17,7,28,0],"gold":44,"neow_bonus":"RANDOM_COMMON_RELIC","is_prod":false,"is_daily":false,"chose_seed":false,"campfire_upgraded":1,"win_rate":0,"timestamp":1530218656,"path_taken":["M","M","M","M","?","E","R","?","T","$","?","M","M","?","R","BOSS","M","?","?","M","$","R","M","?","T","R","$","M","?","M","R","BOSS"],"build_version":"2018-06-21v2","purchased_purges":2,"victory":false,"max_hp_per_floor":[70,70,70,70,70,70,70,70,70,70,70,70,70,70,70,70,70,70,70,70,70,70,70,70,70,70,70,70,70,70,70,70,70],"card_choices":[{"not_picked":["Underhanded Strike","Endless Agony"],"picked":"Backstab","floor":1},{"not_picked":["Dodge and Roll","Eviscerate"],"picked":"Bane","floor":2},{"not_picked":["Outmaneuver","Dash"],"picked":"Deadly Poison","floor":3},{"not_picked":["Sucker Punch","Endless Agony"],"picked":"Poisoned Stab","floor":4},{"not_picked":["Flying Knee","Dodge and Roll"],"picked":"Bane","floor":6},{"not_picked":["Backstab","Blur"],"picked":"Die Die Die","floor":12},{"not_picked":["Dodge and Roll","PiercingWail"],"picked":"Cloak And Dagger","floor":12},{"not_picked":["Cloak And Dagger","Dodge and Roll"],"picked":"Catalyst","floor":13},{"not_picked":["Quick Slash","Deflect","Outmaneuver"],"picked":"SKIP","floor":13},{"not_picked":["Blur","Deflect"],"picked":"Bouncing Flask","floor":14},{"not_picked":["Predator","Riddle With Holes","Acrobatics"],"picked":"SKIP","floor":14},{"not_picked":["Underhanded Strike","Flechettes"],"picked":"Cloak And Dagger","floor":15},{"not_picked":["Wraith Form v2","Tools of the Trade"],"picked":"Bullet Time","floor":16},{"not_picked":["Bane","Dodge and Roll"],"picked":"Bouncing Flask","floor":17},{"not_picked":["Heel Hook","Crippling Poison"],"picked":"Bane","floor":17},{"not_picked":["Prepared","Flying Knee"],"picked":"Malaise","floor":17},{"not_picked":["Flying Knee","Acrobatics"],"picked":"Deadly Poison","floor":17},{"not_picked":["Caltrops","Blade Dance"],"picked":"Deadly Poison","floor":17},{"not_picked":["Masterful Stab","Acrobatics"],"picked":"Catalyst","floor":18},{"not_picked":["Doppelganger","Leg Sweep","Reflex+1"],"picked":"SKIP","floor":18},{"not_picked":["Underhanded Strike","Dash"],"picked":"Bouncing Flask+1","floor":21},{"not_picked":["Outmaneuver","Choke"],"picked":"Backflip+1","floor":21},{"not_picked":["Outmaneuver+1","PiercingWail"],"picked":"Deadly Poison","floor":23},{"not_picked":["Prepared","Accuracy"],"picked":"Deadly Poison+1","floor":24},{"not_picked":["Dash","Flechettes+1"],"picked":"Venomology","floor":24},{"not_picked":["Outmaneuver+1","Deflect+1"],"picked":"Backstab+1","floor":25},{"not_picked":["All Out Attack","Acrobatics"],"picked":"Crippling Poison","floor":25},{"not_picked":["Backflip","Glass Knife+1"],"picked":"Poisoned Stab+1","floor":27},{"not_picked":["Slice+1","Riddle With Holes+1"],"picked":"Terror","floor":29},{"not_picked":["Dagger Throw+1","Dodge and Roll","Expertise+1"],"picked":"SKIP","floor":29},{"not_picked":["Deadly Poison","Caltrops"],"picked":"Backflip+1","floor":31},{"not_picked":["Acrobatics","PiercingWail","Heel Hook+1"],"picked":"SKIP","floor":31},{"not_picked":["Flying Knee+1","Leg Sweep"],"picked":"Corpse Explosion+1","floor":32}],"player_experience":55390,"relics_obtained":[{"floor":6,"key":"Dream Catcher"},{"floor":8,"key":"Happy Flower"},{"floor":9,"key":"Mummified Hand"},{"floor":20,"key":"Blood Vial"},{"floor":26,"key":"Molten Egg 2"}],"event_choices":[{"event_name":"Liars Game","player_choice":"agreed","floor":5,"damage_taken":0},{"event_name":"Golden Shrine","player_choice":"Desecrate","floor":11,"damage_taken":0},{"event_name":"Drug Dealer","player_choice":"Ignored","floor":19,"damage_taken":0}],"boss_relics":[{"not_picked":["Eternal Feather","Snecko Eye"],"picked":"Orrery"}],"items_purged_floors":[10,22],"is_endless":false,"potions_floor_spawned":[1,4,6,16,18,29,31],"killed_by":"Collector","ascension_level":0}