{"gold_per_floor":[114,130,130,144,144,144,154,154,154,74,126,126,126,138,138,243,243,256,256,15,28,43,43,43,4,4,22,22,32,0,19,19,124,124,136,54,54,54,54],"floor_reached":39,"playtime":1130,"items_purged":["All For One"],"score":394,"play_id":"b52cea5f-8f1c-4484-bf00-2781dd7d1452","local_time":"20190127225429","is_ascension_mode":false,"campfire_choices":[{"data":"Doom and Gloom","floor":6,"key":"SMITH"},{"data":"Loop","floor":8,"key":"SMITH"},{"data":"Loop","floor":12,"key":"SMITH"},{"data":"Doom and Gloom","floor":15,"key":"SMITH"},{"data":"Echo Form","floor":23,"key":"SMITH"},{"data":"Apotheosis","floor":32,"key":"SMITH"}],"neow_cost":"NONE","seed_source_timestamp":213507700526394,"circlet_count":0,"master_deck":["Defend_B","Defend_B","Defend_B","Zap","Dualcast","Loop+1","Doom and Gloom+1","Sweeping Beam","Sweeping Beam","Loop+1","Doom and Gloom+1","Echo Form+1","Fusion","Bite","Bite","Bite","Bite","Bite","Apotheosis+1","BootSequence","Defragment","Glacier+1","Blizzard","Seek","Loop+1","Capacitor","Magnetism"],"relics":["Cracked Core","NeowsBlessing","Regal Pillow","Strawberry","Coffee Dripper","Gremlin Horn","Cursed Key"],"potions_floor_usage":[21,33,33,39],"damage_taken":[{"damage":0,"enemies":"Small Slimes","floor":1,"turns":1},{"damage":0,"enemies":"Cultist","floor":2,"turns":1},{"damage":0,"enemies":"2 Louse","floor":4,"turns":1},{"damage":5,"enemies":"Large Slime","floor":7,"turns":4},{"damage":7,"enemies":"2 Fungi Beasts","floor":14,"turns":2},{"damage":30,"enemies":"Slime Boss","floor":16,"turns":4},{"damage":5,"enemies":"Chosen","floor":18,"turns":4},{"damage":24,"enemies":"Shell Parasite","floor":21,"turns":5},{"damage":36,"enemies":"Shelled Parasite and Fungi","floor":22,"turns":5},{"damage":36,"enemies":"Snake Plant","floor":27,"turns":5},{"damage":2,"enemies":"3 Cultists","floor":29,"turns":4},{"damage":6,"enemies":"Centurion and Healer","floor":31,"turns":6},{"damage":26,"enemies":"Champ","floor":33,"turns":9},{"damage":13,"enemies":"Orb Walker","floor":35,"turns":3},{"damage":56,"enemies":"Time Eater","floor":39,"turns":5}],"seed_played":"5483660942445122758","potions_obtained":[{"floor":2,"key":"FocusPotion"},{"floor":5,"key":"EssenceOfSteel"},{"floor":5,"key":"Strength Potion"},{"floor":5,"key":"FairyPotion"},{"floor":21,"key":"SmokeBomb"},{"floor":27,"key":"FocusPotion"},{"floor":31,"key":"Fire Potion"},{"floor":33,"key":"SteroidPotion"},{"floor":35,"key":"GamblersBrew"}],"is_trial":false,"path_per_floor":["M","M","?","M","?","R","M","R","T","$","T","R","?","M","R","B",null,"M","?","$","M","M","R","?","$","T","M","?","M","?","M","R","B",null,"M","$","?","?","B"],"character_chosen":"DEFECT","items_purchased":["Loop","Apotheosis","Defragment","Capacitor"],"campfire_rested":0,"item_purchase_floors":[10,20,25,36],"current_hp_per_floor":[75,75,75,75,75,75,70,70,70,70,77,77,77,70,70,40,82,77,57,57,47,29,29,29,29,29,5,5,5,5,14,14,21,57,44,44,44,44,0],"gold":54,"neow_bonus":"THREE_ENEMY_KILL","is_prod":false,"is_daily":false,"chose_seed":false,"campfire_upgraded":6,"win_rate":0,"timestamp":1548626069,"path_taken":["M","M","?","?","?","R","M","R","T","$","?","R","?","?","R","BOSS","M","?","$","M","M","R","?","$","T","M","?","M","?","M","R","BOSS","M","$","?","?","BOSS"],"build_version":"2019-01-23","purchased_purges":1,"victory":false,"max_hp_per_floor":[75,75,75,75,75,75,75,75,75,75,82,82,82,82,82,82,82,82,57,57,57,57,57,57,57,57,57,57,57,57,57,57,57,57,57,57,57,57,57],"card_choices":[{"not_picked":["Turbo","Ball Lightning"],"picked":"Loop","floor":1},{"not_picked":["Capacitor","Redo"],"picked":"Doom and Gloom","floor":2},{"not_picked":["Beam Cell","Stack"],"picked":"Sweeping Beam","floor":4},{"not_picked":["Sunder","Go for the Eyes"],"picked":"Sweeping Beam","floor":7},{"not_picked":["BootSequence","Reprogram"],"picked":"Doom and Gloom","floor":14},{"not_picked":["All For One","Biased Cognition"],"picked":"Echo Form","floor":16},{"not_picked":["Conserve Battery","Ball Lightning"],"picked":"Fusion","floor":18},{"not_picked":["Streamline","Beam Cell"],"picked":"BootSequence","floor":21},{"not_picked":["Stack","Melter","Rebound+1"],"picked":"SKIP","floor":22},{"not_picked":["Lockon","Gash"],"picked":"Glacier+1","floor":27},{"not_picked":["Go for the Eyes","Recycle+1"],"picked":"Blizzard","floor":29},{"not_picked":["Fusion","Redo"],"picked":"Seek","floor":31},{"not_picked":["Scrape+1","Compile Driver"],"picked":"Loop+1","floor":35},{"not_picked":["Impatience","Violence"],"picked":"Magnetism","floor":37}],"player_experience":210692,"relics_obtained":[{"floor":9,"key":"Regal Pillow"},{"floor":11,"key":"Strawberry"},{"floor":26,"key":"Gremlin Horn"}],"event_choices":[{"cards_removed":["Defend_B"],"damage_healed":0,"gold_gain":0,"player_choice":"Took Card","damage_taken":0,"max_hp_gain":0,"max_hp_loss":0,"event_name":"NoteForYourself","floor":3,"gold_loss":0,"cards_obtained":["Defend_G"]},{"damage_healed":0,"gold_gain":0,"player_choice":"Got Potions","damage_taken":0,"max_hp_gain":0,"max_hp_loss":0,"event_name":"Lab","floor":5,"gold_loss":0},{"damage_healed":0,"gold_gain":0,"cards_transformed":["Defend_G"],"player_choice":"Transformed","damage_taken":0,"max_hp_gain":0,"max_hp_loss":0,"event_name":"Transmorgrifier","floor":13,"gold_loss":0,"cards_obtained":["All For One"]},{"damage_healed":0,"gold_gain":0,"player_choice":"Became a vampire","damage_taken":0,"max_hp_gain":0,"max_hp_loss":25,"event_name":"Vampires","floor":19,"gold_loss":0,"cards_obtained":["Bite","Bite","Bite","Bite","Bite"]},{"damage_healed":0,"gold_gain":0,"player_choice":"Ignored","damage_taken":0,"max_hp_gain":0,"max_hp_loss":0,"event_name":"Cursed Tome","floor":28,"gold_loss":0},{"damage_healed":0,"gold_gain":0,"player_choice":"Paid Fearfully","damage_taken":0,"max_hp_gain":0,"max_hp_loss":0,"event_name":"Masked Bandits","floor":30,"gold_loss":32},{"damage_healed":0,"gold_gain":0,"player_choice":"Memory 1","damage_taken":0,"max_hp_gain":0,"max_hp_loss":0,"event_name":"SensoryStone","floor":37,"gold_loss":0},{"damage_healed":0,"gold_gain":0,"player_choice":"Took Portal","damage_taken":0,"max_hp_gain":0,"max_hp_loss":0,"event_name":"SecretPortal","floor":38,"gold_loss":0}],"is_beta":false,"boss_relics":[{"not_picked":["FrozenCore","Runic Pyramid"],"picked":"Coffee Dripper"},{"not_picked":["Astrolabe","Pandora\u0027s Box"],"picked":"Cursed Key"}],"items_purged_floors":[20],"is_endless":false,"potions_floor_spawned":[2,16,21,27,31,33,35],"killed_by":"Time Eater","ascension_level":0}