{"gold_per_floor":[109,128,2,2,16,16,16,16,65,77,77,90,101,131,131,232,232,249,261,271,144,160,192,192,222,222,47,47,22,22,34,34,139,139,159,178,198,198,9,41,54,64,64,28,43,43,43,60,60,60],"floor_reached":51,"playtime":1943,"items_purged":["Strike_G","Shame"],"score":825,"play_id":"61f5e7bd-eb22-48ef-89dd-8bf5a9369a73","local_time":"20190602214637","is_ascension_mode":false,"campfire_choices":[{"data":"Caltrops","floor":6.0,"key":"SMITH"},{"data":"Backstab","floor":8.0,"key":"SMITH"},{"data":"Accuracy","floor":11.0,"key":"SMITH"},{"floor":15.0,"key":"REST"},{"floor":24,"key":"REST"},{"floor":32,"key":"REST"},{"floor":46,"key":"REST"},{"data":"Apotheosis","floor":49,"key":"SMITH"}],"neow_cost":"NONE","seed_source_timestamp":94803191480594,"circlet_count":0,"master_deck":["Defend_G+1","Defend_G+1","Defend_G+1","Defend_G+1","Defend_G+1","Strike_G+1","Strike_G+1","Strike_G+1","Strike_G+1","Survivor","Neutralize","Cloak And Dagger","Slice","Blade Dance","Caltrops+1","Backstab+1","Accuracy+1","Caltrops","Noxious Fumes","Distraction","Envenom","Cloak And Dagger","PiercingWail+1","Slice","Cloak And Dagger","Malaise","Slice","Cloak And Dagger","Cloak And Dagger","After Image","PiercingWail+1","Blade Dance+1","Slice+1","Apotheosis+1","Dramatic Entrance","Dramatic Entrance","Infinite Blades","Backstab","Blade Dance","Blade Dance+1","Clumsy","Caltrops","Deflect","Parasite"],"special_seed":0,"relics":["Ring of the Snake","NeowsBlessing","Blue Candle","Vajra","Bag of Marbles","WristBlade","Ice Cream","Tiny Chest","Gremlin Horn","Enchiridion","Cursed Key","Molten Egg 2","Kunai","Spirit Poop"],"potions_floor_usage":[33,33,33,42,50],"damage_taken":[{"damage":0.0,"enemies":"Jaw Worm","floor":1.0,"turns":1.0},{"damage":0.0,"enemies":"Small Slimes","floor":2.0,"turns":1.0},{"damage":0.0,"enemies":"2 Louse","floor":5.0,"turns":1.0},{"damage":0.0,"enemies":"Looter","floor":10.0,"turns":2.0},{"damage":0.0,"enemies":"Exordium Wildlife","floor":12.0,"turns":2.0},{"damage":0.0,"enemies":"2 Fungi Beasts","floor":13.0,"turns":2.0},{"damage":18.0,"enemies":"3 Sentries","floor":14.0,"turns":5.0},{"damage":29.0,"enemies":"Slime Boss","floor":16.0,"turns":9.0},{"damage":5.0,"enemies":"2 Thieves","floor":18.0,"turns":2.0},{"damage":9.0,"enemies":"3 Byrds","floor":19.0,"turns":2.0},{"damage":7.0,"enemies":"Cultist and Chosen","floor":20.0,"turns":4.0},{"damage":3,"enemies":"Snake Plant","floor":22,"turns":2},{"damage":17,"enemies":"Slavers","floor":23,"turns":5},{"damage":9,"enemies":"Centurion and Healer","floor":31,"turns":4},{"damage":38,"enemies":"Automaton","floor":33,"turns":10},{"damage":0,"enemies":"3 Shapes","floor":35,"turns":4},{"damage":8,"enemies":"Orb Walker","floor":36,"turns":2},{"damage":1,"enemies":"Writhing Mass","floor":37,"turns":5},{"damage":0,"enemies":"Giant Head","floor":40,"turns":6},{"damage":9,"enemies":"Maw","floor":41,"turns":6},{"damage":0,"enemies":"Transient","floor":42,"turns":5},{"damage":16,"enemies":"Spire Growth","floor":45,"turns":2},{"damage":0,"enemies":"Writhing Mass","floor":48,"turns":5},{"damage":29,"enemies":"Donu and Deca","floor":50,"turns":9}],"seed_played":"4036448313162511678","potions_obtained":[{"floor":2.0,"key":"Swift Potion"},{"floor":12.0,"key":"SkillPotion"},{"floor":19.0,"key":"Weak Potion"},{"floor":22,"key":"Weak Potion"},{"floor":23,"key":"Energy Potion"},{"floor":35,"key":"GhostInAJar"},{"floor":41,"key":"Explosive Potion"},{"floor":48,"key":"Fire Potion"}],"is_trial":false,"path_per_floor":["M","M","$","?","M","R","?","R","T","M","R","M","M","E","R","B",null,"M","M","M","$","M","E","R","?","T","$","?","$","?","M","R","B",null,"M","M","M","?","$","E","M","M","T","$","M","R","?","M","R","B",null],"character_chosen":"THE_SILENT","items_purchased":["Blade Dance","Caltrops","Slice","Slice","Cloak And Dagger","Cloak And Dagger","Dramatic Entrance","Infinite Blades","Backstab","Caltrops"],"campfire_rested":4,"item_purchase_floors":[3,3,21,27,27,29,39,39,39,44],"current_hp_per_floor":[70,70,70,63,63,63,49,49,49,49,49,49,49,31,52,23,70,65,56,49,49,46,29,50,50,50,50,50,50,34,25,46,8,70,70,62,61,56,56,56,47,47,47,47,31,52,52,52,52,23],"gold":60,"neow_bonus":"THREE_ENEMY_KILL","is_prod":false,"is_daily":false,"chose_seed":false,"campfire_upgraded":4,"win_rate":0,"timestamp":1559504797,"path_taken":["M","M","$","?","M","R","?","R","T","M","R","M","M","E","R","BOSS","M","M","M","$","M","E","R","?","T","$","?","$","?","?","R","BOSS","M","M","M","?","$","E","M","M","T","$","M","R","?","?","R","BOSS"],"build_version":"2019-01-23","purchased_purges":2,"victory":true,"max_hp_per_floor":[70,70,70,70,70,70,70,70,70,70,70,70,70,70,70,70,70,70,70,70,70,70,70,70,70,70,70,70,70,70,70,70,70,70,70,70,70,70,70,70,70,70,70,70,70,70,67,67,67,67],"card_choices":[{"not_picked":["Underhanded Strike","Bouncing Flask"],"picked":"Cloak And Dagger","floor":1.0},{"not_picked":["Flying Knee","Dash"],"picked":"Slice","floor":2.0},{"not_picked":["Finisher","Dodge and Roll"],"picked":"Backstab","floor":5.0},{"not_picked":["Blade Dance","Eviscerate"],"picked":"Accuracy","floor":10.0},{"not_picked":["Poisoned Stab","Dagger Throw"],"picked":"Caltrops","floor":12.0},{"not_picked":["Dagger Spray","Prepared"],"picked":"Noxious Fumes","floor":13.0},{"not_picked":["Predator","All Out Attack"],"picked":"Distraction","floor":14.0},{"not_picked":["Venomology","Adrenaline"],"picked":"Envenom","floor":16.0},{"not_picked":["Deadly Poison","Well Laid Plans","Underhanded Strike"],"picked":"SKIP","floor":18.0},{"not_picked":["Deadly Poison","Skewer"],"picked":"Cloak And Dagger","floor":19.0},{"not_picked":["Poisoned Stab","Dodge and Roll"],"picked":"PiercingWail+1","floor":20.0},{"not_picked":["PiercingWail","Acrobatics"],"picked":"Cloak And Dagger","floor":22},{"not_picked":["Riddle With Holes","Infinite Blades"],"picked":"Malaise","floor":23},{"not_picked":["Dash","Deadly Poison","Predator+1"],"picked":"SKIP","floor":31},{"not_picked":["Burst","Venomology"],"picked":"After Image","floor":33},{"not_picked":["Acrobatics+1","Crippling Poison+1"],"picked":"PiercingWail+1","floor":35},{"not_picked":["Escape Plan","Dagger Throw"],"picked":"Blade Dance+1","floor":36},{"not_picked":["Outmaneuver","Predator+1"],"picked":"Slice+1","floor":37},{"not_picked":["Master of Strategy","Secret Technique"],"picked":"Apotheosis","floor":38},{"not_picked":["Apotheosis","Purity"],"picked":"Dramatic Entrance","floor":38},{"not_picked":["Crippling Poison+1","Masterful Stab+1"],"picked":"Blade Dance","floor":40},{"not_picked":["Deadly Poison","Noxious Fumes"],"picked":"Blade Dance+1","floor":41},{"not_picked":["Backflip","Deadly Poison+1","Acrobatics"],"picked":"SKIP","floor":42},{"not_picked":["Flying Knee+1","Bouncing Flask"],"picked":"Deflect","floor":45},{"not_picked":["Dash+1","Quick Slash+1","Acrobatics"],"picked":"SKIP","floor":48}],"player_experience":274366,"relics_obtained":[{"floor":9.0,"key":"Vajra"},{"floor":14.0,"key":"Bag of Marbles"},{"floor":23,"key":"Ice Cream"},{"floor":26,"key":"Gremlin Horn"},{"floor":30,"key":"Enchiridion"},{"floor":40,"key":"Molten Egg 2"},{"floor":43,"key":"Kunai"}],"event_choices":[{"damage_healed":0.0,"max_hp_gain":0.0,"max_hp_loss":0.0,"gold_gain":0.0,"event_name":"Scrap Ooze","player_choice":"Success","floor":4.0,"gold_loss":0.0,"damage_taken":7.0,"relics_obtained":["Blue Candle"]},{"damage_healed":0.0,"max_hp_gain":0.0,"max_hp_loss":0.0,"gold_gain":0.0,"event_name":"Shining Light","player_choice":"Entered Light","floor":7.0,"gold_loss":0.0,"damage_taken":14.0,"cards_upgraded":["Strike_G","Strike_G"]},{"damage_healed":0,"gold_gain":0,"player_choice":"Stole Relic","damage_taken":0,"relics_obtained":["Tiny Chest"],"max_hp_gain":0,"max_hp_loss":0,"event_name":"Addict","floor":25,"gold_loss":0,"cards_obtained":["Shame"]},{"damage_healed":0,"gold_gain":0,"player_choice":"Simplicity","damage_taken":0,"max_hp_gain":0,"max_hp_loss":0,"event_name":"Back to Basics","floor":28,"gold_loss":0,"cards_upgraded":["Defend_G","Defend_G","Defend_G","Defend_G","Defend_G","Strike_G","Strike_G"]},{"damage_healed":0,"gold_gain":0,"player_choice":"Obtained Book","damage_taken":16,"max_hp_gain":0,"max_hp_loss":0,"event_name":"Cursed Tome","floor":30,"gold_loss":0},{"damage_healed":0,"gold_gain":0,"player_choice":"Memory 2","damage_taken":5,"max_hp_gain":0,"max_hp_loss":0,"event_name":"SensoryStone","floor":38,"gold_loss":0},{"cards_removed":["Parasite"],"damage_healed":0,"gold_gain":0,"player_choice":"Offered Curse","damage_taken":0,"relics_obtained":["Spirit Poop"],"max_hp_gain":0,"max_hp_loss":0,"event_name":"Bonfire Elementals","floor":47,"gold_loss":0}],"is_beta":false,"boss_relics":[{"not_picked":["Runic Pyramid","Black Star"],"picked":"WristBlade"},{"not_picked":["Astrolabe","Busted Crown"],"picked":"Cursed Key"}],"items_purged_floors":[21,27],"is_endless":false,"potions_floor_spawned":[2,12,19,22,23,35,41,48],"ascension_level":0}