{"gold_per_floor":[116,128,146,146,159,184,184,211,236,251,39,60,60,77,77,178,178,188,138,138,158,168,180,180,130,130,130,147,147,159,159,159,263,263,275,275,275,1274,1150,1150,1150,1163,1189,1199,1210,1220,471,487,487,614,614,627,378,388,399,16,16,16,44,44,144,156,156,173,186,186,283,283,297,309,321,333,362,388,400,426,463,57,77,77,102,112,112,212,212,531,531,547,547,567,567,585,595,623,674,699,709,725,197,197,300,300,317,317,89,89,89,89,104,54,85,85,96,114,114,114,114,213,213],"floor_reached":119,"playtime":3894,"items_purged":["Grand Finale","Defend_G","Doppelganger","Normality","Normality","Underhanded Strike","Caltrops","Noxious Fumes"],"score":3292,"play_id":"5a9ab083-52ce-40ec-9678-8ba10db9f25a","local_time":"20180728113843","daily_mods":["Heirloom","Insanity","Allstar","Time Dilation","Vintage"],"is_ascension_mode":false,"campfire_choices":[{"data":"Apotheosis","floor":7,"key":"SMITH"},{"data":"Backstab","floor":13,"key":"SMITH"},{"data":"Bullet Time","floor":15,"key":"SMITH"},{"data":"Setup","floor":24,"key":"SMITH"},{"data":"Terror","floor":32,"key":"SMITH"},{"data":"Terror","floor":40,"key":"SMITH"},{"data":"Venomology","floor":49,"key":"SMITH"},{"data":"Choke","floor":57,"key":"SMITH"},{"data":"Wraith Form v2","floor":66,"key":"SMITH"},{"data":"Deflect","floor":75,"key":"SMITH"},{"data":"Finisher","floor":83,"key":"SMITH"},{"data":"Choke","floor":91,"key":"SMITH"},{"data":"1","floor":100,"key":"LIFT"},{"data":"2","floor":108,"key":"LIFT"},{"data":"3","floor":112,"key":"LIFT"},{"floor":117,"key":"DIG"}],"neow_cost":"","seed_source_timestamp":0,"circlet_count":0,"master_deck":["Terror+1","Deflect+1","Finisher+1","Wraith Form v2+1","Setup+1","Burst","Venomology+1","Finisher+1","Choke+1","Slice","Concentrate","Finisher","Tactician+1","Prepared+1","Unload","Phantasmal Killer","Malaise+1","Die Die Die","Reflex","Tools of the Trade","Unload","Neutralize","Backstab+1","Choke+1","Backflip","Leg Sweep","Footwork","Bullet Time+1","Poisoned Stab+1","Burst","Bouncing Flask","Terror+1","Blur+1","Grand Finale","Quick Slash","Endless Agony","Flying Knee+1","Prepared","Quick Slash","Finisher","Apotheosis+1","Master of Strategy","Thinking Ahead","Magnetism","Purity","Unload","Wraith Form v2","Backstab+1","Mind Blast+1","Finesse+1","Panacea+1","Bandage Up+1","Trip+1","Master of Strategy+1","Flash of Steel+1","Good Instincts+1","Deep Breath+1","Jack Of All Trades+1","Dark Shackles+1","Trip+1","Adrenaline+1","Flash of Steel+1","Riddle With Holes+1","Riddle With Holes+1","Jack Of All Trades+1","Concentrate+1","Bullet Time+1","Distraction+1","After Image+1","Madness+1","Panache+1","Wraith Form v2+1"],"relics":["Ring of the Serpent","Unceasing Top","Bronze Scales","Ancient Tea Set","Centennial Puzzle","The Courier","Potion Belt","Smiling Mask","Bag of Marbles","Singing Bowl","Lee\u0027s Waffle","Odd Mushroom","Thread and Needle","Kunai","WristBlade","Letter Opener","Molten Egg 2","The Specimen","Snake Skull","Nunchaku","Happy Flower","Gambling Chip","Toxic Egg 2","Empty Cage","Shuriken","Ninja Scroll","Strawberry","Pen Nib","Regal Pillow","Bag of Preparation","Paper Crane","Du-Vu Doll","Tiny Chest","Eternal Feather","Bottled Flame","Omamori","Bottled Lightning","Ornamental Fan","Pear","Blood Vial","Gremlin Horn","Oddly Smooth Stone","FaceOfCleric","Whetstone","Juzu Bracelet","Tingsha","Calling Bell","Dream Catcher","Mercury Hourglass","Torii","MawBank","War Paint","Frozen Egg 2","Mummified Hand","Orichalcum","Tough Bandages","Pantograph","Blue Candle","StoneCalendar","HoveringKite","Old Coin","Mango","Dodecahedron","Matryoshka","Darkstone Periapt","Turnip","Girya","Calipers","Shovel","TwistedFunnel","Ginger","Ice Cream","Art of War","Sundial","Bottled Tornado","Bird Faced Urn","Vajra","Boot","Prayer Wheel","Lizard Tail"],"potions_floor_usage":[10,18,30,33,33,33,44,44,44,44,44,50,50,67,76,101],"damage_taken":[{"damage":0,"enemies":"2 Louse","floor":1,"turns":2},{"damage":0,"enemies":"Small Slimes","floor":2,"turns":1},{"damage":0,"enemies":"Cultist","floor":3,"turns":1},{"damage":0,"enemies":"Large Slime","floor":5,"turns":1},{"damage":31,"enemies":"3 Sentries","floor":6,"turns":6},{"damage":7,"enemies":"Lagavulin","floor":8,"turns":5},{"damage":0,"enemies":"Exordium Wildlife","floor":10,"turns":1},{"damage":7,"floor":12,"turns":2},{"damage":0,"enemies":"2 Fungi Beasts","floor":14,"turns":1},{"damage":31,"enemies":"Hexaghost","floor":16,"turns":5},{"damage":5,"enemies":"2 Thieves","floor":18,"turns":3},{"damage":0,"enemies":"Chosen","floor":21,"turns":1},{"damage":0,"enemies":"Snake Plant","floor":22,"turns":1},{"damage":0,"enemies":"3 Cultists","floor":23,"turns":2},{"damage":0,"enemies":"Cultist and Chosen","floor":28,"turns":1},{"damage":0,"enemies":"Snake Plant","floor":30,"turns":1},{"damage":0,"enemies":"Automaton","floor":33,"turns":4},{"damage":0,"enemies":"Flame Bruiser 1 Orb","floor":35,"turns":1},{"damage":0,"enemies":"3 Darklings","floor":42,"turns":1},{"damage":0,"enemies":"Transient","floor":44,"turns":5},{"damage":0,"enemies":"Flame Bruiser 2 Orb","floor":45,"turns":1},{"damage":0,"enemies":"Spire Growth","floor":46,"turns":1},{"damage":5,"enemies":"Transient","floor":48,"turns":5},{"damage":14,"enemies":"Awakened One","floor":50,"turns":7},{"damage":0,"enemies":"Jaw Worm","floor":52,"turns":1},{"damage":0,"enemies":"2 Louse","floor":54,"turns":1},{"damage":0,"enemies":"Small Slimes","floor":55,"turns":1},{"damage":0,"enemies":"Gremlin Nob","floor":59,"turns":1},{"damage":0,"enemies":"2 Fungi Beasts","floor":62,"turns":1},{"damage":0,"enemies":"Blue Slaver","floor":64,"turns":1},{"damage":0,"enemies":"Exordium Thugs","floor":65,"turns":1},{"damage":0,"enemies":"Hexaghost","floor":67,"turns":1},{"damage":0,"enemies":"2 Thieves","floor":69,"turns":1},{"damage":0,"enemies":"Shell Parasite","floor":73,"turns":1},{"damage":0,"enemies":"Chosen and Byrds","floor":74,"turns":1},{"damage":0,"enemies":"Centurion and Healer","floor":76,"turns":1},{"damage":0,"enemies":"Gremlin Leader","floor":77,"turns":1},{"damage":0,"enemies":"Cultist and Chosen","floor":79,"turns":1},{"damage":0,"enemies":"Slavers","floor":81,"turns":1},{"damage":0,"enemies":"Snake Plant","floor":82,"turns":1},{"damage":0,"enemies":"Collector","floor":84,"turns":1},{"damage":0,"enemies":"3 Shapes","floor":86,"turns":1},{"damage":0,"enemies":"Orb Walker","floor":88,"turns":1},{"damage":0,"enemies":"Sphere and 2 Shapes","floor":90,"turns":1},{"damage":0,"enemies":"3 Darklings","floor":92,"turns":1},{"damage":0,"enemies":"Maw","floor":93,"turns":2},{"damage":0,"enemies":"Giant Head","floor":94,"turns":3},{"damage":0,"floor":95,"turns":1},{"damage":0,"enemies":"Nemesis","floor":96,"turns":1},{"damage":0,"enemies":"Sphere and 2 Shapes","floor":97,"turns":1},{"damage":0,"enemies":"3 Darklings","floor":98,"turns":1},{"damage":0,"enemies":"Awakened One","floor":101,"turns":3},{"damage":0,"enemies":"2 Louse","floor":103,"turns":1},{"damage":0,"enemies":"Small Slimes","floor":109,"turns":1},{"damage":0,"enemies":"Gremlin Nob","floor":111,"turns":1},{"damage":0,"enemies":"Jaw Worm","floor":113,"turns":1},{"damage":0,"enemies":"Large Slime","floor":114,"turns":1},{"damage":0,"enemies":"Hexaghost","floor":118,"turns":1}],"seed_played":"8597348265041138631","potions_obtained":[{"floor":2,"key":"GhostInAJar"},{"floor":6,"key":"LiquidBronze"},{"floor":8,"key":"Fire Potion"},{"floor":12,"key":"Poison Potion"},{"floor":22,"key":"AttackPotion"},{"floor":30,"key":"EntropicBrew"},{"floor":33,"key":"Dexterity Potion"},{"floor":42,"key":"Fire Potion"},{"floor":45,"key":"PowerPotion"},{"floor":46,"key":"Dexterity Potion"},{"floor":52,"key":"Dexterity Potion"},{"floor":55,"key":"Energy Potion"},{"floor":74,"key":"GamblersBrew"},{"floor":101,"key":"Regen Potion"},{"floor":104,"key":"Energy Potion"},{"floor":104,"key":"AttackPotion"},{"floor":104,"key":"Poison Potion"}],"is_trial":true,"path_per_floor":["M","M","M","?","M","E","R","E","T","M","$","?","R","M","R","B",null,"M","$","?","M","M","M","R","$","T","?","M","?","M","?","R","B",null,"M","?","?","?","$","R","T","M","T","M","M","M","$","M","R","B",null,"M","$","M","M","$","R","$","E","T","?","M","?","M","M","R","B",null,"M","?","?","?","M","M","R","M","E","$","M","?","E","M","R","B",null,"M","?","M","?","M","R","M","M","E","?","E","M","M","$","R","B",null,"M","?","$","?","?","R","M","?","E","R","M","M","?","$","R","B"],"character_chosen":"THE_SILENT","items_purchased":["Lee\u0027s Waffle","Bandage Up+1","Trip+1","Master of Strategy+1","Flash of Steel+1","Good Instincts+1","Deep Breath+1","Jack Of All Trades+1","Dark Shackles+1","Trip+1","Flash of Steel+1","Omamori","Pear","Blood Vial","Orichalcum","Tough Bandages","TwistedFunnel","Ginger","Madness+1","Panache+1"],"campfire_rested":0,"item_purchase_floors":[11,39,47,47,47,47,47,47,47,47,53,53,56,56,78,78,99,99,105,105],"current_hp_per_floor":[70,70,70,56,56,25,25,18,18,18,77,70,70,70,70,39,77,72,72,72,72,72,72,72,72,72,72,72,65,65,65,65,67,79,79,79,69,69,69,69,69,76,76,86,86,86,86,81,81,76,86,86,86,86,86,96,96,96,96,96,96,96,96,97,98,98,101,101,102,102,102,102,103,104,104,105,108,108,109,109,110,111,111,112,112,113,110,125,125,126,126,127,128,129,132,135,136,137,137,137,138,138,139,139,139,139,139,139,140,140,143,143,144,145,133,133,145,146,146],"gold":213,"neow_bonus":"","is_prod":false,"is_daily":false,"chose_seed":false,"campfire_upgraded":12,"win_rate":0,"timestamp":1532745523,"path_taken":["M","M","M","?","M","E","R","E","T","M","$","?","R","M","R","BOSS","M","$","?","M","M","M","R","$","T","?","M","?","?","?","R","BOSS","M","?","?","?","$","R","?","M","T","M","M","M","$","M","R","BOSS","M","$","M","M","$","R","$","E","T","?","M","?","?","M","R","BOSS","M","?","?","?","M","M","R","M","E","$","M","?","E","M","R","BOSS","M","?","M","?","M","R","M","M","E","?","E","M","M","$","R","BOSS","M","?","?","?","?","R","M","?","E","R","M","M","?","$","R","BOSS"],"build_version":"2018-07-26","purchased_purges":8,"victory":false,"max_hp_per_floor":[70,70,70,70,70,70,70,70,70,70,77,77,77,77,77,77,77,77,77,77,77,77,77,77,77,77,77,77,77,77,77,77,79,79,79,79,79,79,79,79,79,86,86,86,86,86,86,86,86,86,86,86,86,86,86,96,96,96,96,96,96,96,96,97,98,98,101,101,102,102,102,102,103,104,104,105,108,108,109,109,110,111,111,112,112,113,110,125,125,126,126,127,128,129,132,135,136,137,137,137,138,138,139,139,139,139,139,139,140,140,143,143,144,145,145,145,145,146,146],"card_choices":[{"not_picked":["Flying Knee","Dodge and Roll","Quick Slash"],"picked":"SKIP","floor":6},{"not_picked":["Dagger Spray","Dodge and Roll"],"picked":"Catalyst","floor":8},{"not_picked":["Prepared","PiercingWail"],"picked":"Unload","floor":12},{"not_picked":["Bullet Time","A Thousand Cuts"],"picked":"Wraith Form v2","floor":16},{"not_picked":["Burst","Wraith Form v2","Malaise"],"picked":"Singing Bowl","floor":33},{"not_picked":["Panacea+1","Finesse+1"],"picked":"Mind Blast+1","floor":37},{"not_picked":["Trip+1","Dark Shackles+1"],"picked":"Finesse+1","floor":37},{"not_picked":["Enlightenment+1","Apotheosis+1"],"picked":"Panacea+1","floor":37},{"not_picked":["Venomology+1","Unload+1"],"picked":"Adrenaline+1","floor":50},{"not_picked":["Acrobatics+1","Slice+1"],"picked":"Riddle With Holes+1","floor":59},{"not_picked":["Envenom","Phantasmal Killer+1","Storm of Steel+1"],"picked":"Singing Bowl","floor":67},{"not_picked":["Blade Dance+1","Prepared+1","Corpse Explosion+1"],"picked":"Singing Bowl","floor":77},{"not_picked":["Dodge and Roll+1","Noxious Fumes+1"],"picked":"Concentrate+1","floor":81},{"not_picked":["Corpse Explosion+1","Envenom+1"],"picked":"Bullet Time+1","floor":84},{"not_picked":["Catalyst+1","Caltrops+1"],"picked":"Distraction+1","floor":94},{"not_picked":["Outmaneuver+1","Dagger Spray+1","Footwork+1"],"picked":"Singing Bowl","floor":95},{"not_picked":["Catalyst+1","Dagger Throw+1","Sucker Punch+1"],"picked":"Singing Bowl","floor":96},{"not_picked":["Corpse Explosion+1","Unload+1"],"picked":"After Image+1","floor":101},{"not_picked":["Outmaneuver+1","Finisher+1","Cloak And Dagger+1"],"picked":"Singing Bowl","floor":111},{"not_picked":["Bullet Time+1","Burst+1"],"picked":"Wraith Form v2+1","floor":118}],"player_experience":239568,"relics_obtained":[{"floor":1,"key":"Bronze Scales"},{"floor":2,"key":"Ancient Tea Set"},{"floor":3,"key":"Centennial Puzzle"},{"floor":5,"key":"The Courier"},{"floor":6,"key":"Potion Belt"},{"floor":8,"key":"Smiling Mask"},{"floor":9,"key":"Bag of Marbles"},{"floor":10,"key":"Singing Bowl"},{"floor":12,"key":"Odd Mushroom"},{"floor":14,"key":"Thread and Needle"},{"floor":16,"key":"Kunai"},{"floor":18,"key":"Letter Opener"},{"floor":21,"key":"Molten Egg 2"},{"floor":22,"key":"The Specimen"},{"floor":23,"key":"Snake Skull"},{"floor":26,"key":"Nunchaku"},{"floor":28,"key":"Happy Flower"},{"floor":30,"key":"Gambling Chip"},{"floor":33,"key":"Toxic Egg 2"},{"floor":35,"key":"Shuriken"},{"floor":41,"key":"Ninja Scroll"},{"floor":42,"key":"Strawberry"},{"floor":43,"key":"Pen Nib"},{"floor":44,"key":"Regal Pillow"},{"floor":45,"key":"Bag of Preparation"},{"floor":46,"key":"Paper Crane"},{"floor":48,"key":"Du-Vu Doll"},{"floor":50,"key":"Tiny Chest"},{"floor":52,"key":"Bottled Flame"},{"floor":54,"key":"Bottled Lightning"},{"floor":55,"key":"Ornamental Fan"},{"floor":60,"key":"Gremlin Horn"},{"floor":62,"key":"Oddly Smooth Stone"},{"floor":64,"key":"Whetstone"},{"floor":65,"key":"Juzu Bracelet"},{"floor":67,"key":"Tingsha"},{"floor":68,"key":"Dream Catcher"},{"floor":68,"key":"Mercury Hourglass"},{"floor":68,"key":"Torii"},{"floor":69,"key":"MawBank"},{"floor":73,"key":"War Paint"},{"floor":74,"key":"Frozen Egg 2"},{"floor":76,"key":"Mummified Hand"},{"floor":79,"key":"Pantograph"},{"floor":82,"key":"Blue Candle"},{"floor":84,"key":"StoneCalendar"},{"floor":86,"key":"Old Coin"},{"floor":88,"key":"Mango"},{"floor":90,"key":"Matryoshka"},{"floor":92,"key":"Darkstone Periapt"},{"floor":93,"key":"Turnip"},{"floor":95,"key":"Girya"},{"floor":97,"key":"Calipers"},{"floor":98,"key":"Shovel"},{"floor":101,"key":"Ice Cream"},{"floor":103,"key":"Art of War"},{"floor":109,"key":"Sundial"},{"floor":113,"key":"Bottled Tornado"},{"floor":114,"key":"Bird Faced Urn"},{"floor":117,"key":"Boot"},{"floor":118,"key":"Prayer Wheel"}],"event_choices":[{"event_name":"Shining Light","player_choice":"Entered Light","floor":4,"damage_taken":0},{"event_name":"Mushrooms","player_choice":"Fought Mushrooms","floor":12,"damage_taken":0},{"event_name":"Ghosts","player_choice":"Ignored","floor":20,"damage_taken":0},{"event_name":"Vampires","player_choice":"Ignored","floor":27,"damage_taken":0},{"event_name":"Wheel of Change","player_choice":"Damage","floor":29,"damage_taken":0},{"event_name":"The Library","player_choice":"Read","floor":31,"damage_taken":0},{"event_name":"Tomb of Lord Red Mask","player_choice":"Ignored","floor":36,"damage_taken":0},{"event_name":"SensoryStone","player_choice":"Memory 3","floor":37,"damage_taken":0},{"event_name":"MindBloom","player_choice":"Gold","floor":38,"damage_taken":0},{"event_name":"Golden Shrine","player_choice":"Pray","floor":61,"damage_taken":0},{"event_name":"FaceTrader","player_choice":"Trade","floor":63,"damage_taken":0},{"event_name":"Vampires","player_choice":"Ignored","floor":70,"damage_taken":0},{"event_name":"Drug Dealer","player_choice":"Ignored","floor":71,"damage_taken":0},{"event_name":"Match and Keep!","player_choice":"2 cards matched","floor":72,"damage_taken":0},{"event_name":"Back to Basics","player_choice":"Elegance","floor":80,"damage_taken":0},{"event_name":"Fountain of Cleansing","player_choice":"Removed Curse","floor":87,"damage_taken":0},{"event_name":"Wheel of Change","player_choice":"Relic","floor":89,"damage_taken":0},{"event_name":"Mysterious Sphere","player_choice":"Fight","floor":95,"damage_taken":0},{"event_name":"The Lab","player_choice":"Got Potions","floor":104,"damage_taken":0},{"event_name":"Wheel of Change","player_choice":"Card Removal","floor":106,"damage_taken":0},{"event_name":"Upgrade Shrine","player_choice":"Upgraded","floor":107,"damage_taken":0},{"event_name":"The Cleric","player_choice":"Card Removal","floor":110,"damage_taken":0},{"event_name":"Scrap Ooze","player_choice":"success","floor":115,"damage_taken":12}],"is_beta":false,"boss_relics":[{"not_picked":["Astrolabe","Busted Crown"],"picked":"WristBlade"},{"not_picked":["Coffee Dripper","White Beast Statue"],"picked":"Empty Cage"},{"not_picked":["Calling Bell","Tiny House"],"picked":"Eternal Feather"},{"not_picked":["Coffee Dripper","Runic Pyramid"],"picked":"Calling Bell"},{"not_picked":["Fusion Hammer","Pandora\u0027s Box"],"picked":"HoveringKite"},{"not_picked":["Lizard Tail","Runic Dome"],"picked":"Ring of the Serpent"},{"not_picked":["Pandora\u0027s Box","Ectoplasm"],"picked":"Lizard Tail"}],"items_purged_floors":[11,19,25,39,47,53,56,99],"is_endless":true,"potions_floor_spawned":[2,6,8,12,22,28,30,33,42,45,46,52,55,64,65,74,76,77,81,82,84,86,88,97,98,101,111,113,118],"ascension_level":0}