{"gold_per_floor":[112,131,131,131,157,218,218,393,417,448,448,304,304,151,151,251,251,265,265,265,275,126,159,159,59,59,59,73,73,73],"floor_reached":30,"playtime":923,"items_purged":["Doubt","Strike_R"],"score":338,"play_id":"22c17102-15cf-4997-bb89-e8a084e49dd7","local_time":"20190604134353","is_ascension_mode":true,"campfire_choices":[{"floor":7.0,"key":"REST"},{"floor":13.0,"key":"REST"},{"data":"Barricade","floor":15.0,"key":"SMITH"},{"floor":24,"key":"REST"},{"data":"Demon Form","floor":27,"key":"SMITH"},{"floor":29,"key":"REST"}],"neow_cost":"NONE","seed_source_timestamp":31441548143500,"circlet_count":0,"master_deck":["Strike_R+1","Strike_R","Strike_R","Strike_R","Defend_R","Defend_R+1","Defend_R+1","Defend_R","Bash","Seeing Red","Perfected Strike+1","Flex+1","Iron Wave","Pommel Strike","Barricade+1","Demon Form+1","Twin Strike","Cleave","Carnage+1","Cleave+1","Flame Barrier+1"],"special_seed":0,"relics":["Burning Blood","Dream Catcher","Whetstone","Tiny Chest","Juzu Bracelet","War Paint","Shuriken","Bronze Scales","Lizard Tail","Orichalcum","WingedGreaves","The Courier"],"potions_floor_usage":[23],"damage_taken":[{"damage":3.0,"enemies":"Jaw Worm","floor":1.0,"turns":4.0},{"damage":13.0,"enemies":"Small Slimes","floor":2.0,"turns":4.0},{"damage":30.0,"enemies":"3 Sentries","floor":6.0,"turns":7.0},{"damage":29.0,"enemies":"Gremlin Nob","floor":10.0,"turns":4.0},{"damage":34.0,"enemies":"Slime Boss","floor":16.0,"turns":9.0},{"damage":23.0,"enemies":"Shell Parasite","floor":18.0,"turns":4.0},{"damage":47,"enemies":"2 Thieves","floor":21,"turns":4},{"damage":43,"enemies":"Book of Stabbing","floor":23,"turns":4},{"damage":27,"enemies":"Snake Plant","floor":28,"turns":4},{"damage":49,"enemies":"Gremlin Leader","floor":30,"turns":8}],"seed_played":"7999425348703932314","potions_obtained":[{"floor":1.0,"key":"Energy Potion"},{"floor":10.0,"key":"SpeedPotion"},{"floor":21,"key":"AttackPotion"}],"is_trial":false,"path_per_floor":["M","M","?","?","T","E","R","?","T","E","T","$","R","$","R","B",null,"M","?","?","M","$","E","R","$","T","R","M","R","E"],"character_chosen":"IRONCLAD","items_purchased":["Bronze Scales","Barricade","Orichalcum"],"campfire_rested":4,"item_purchase_floors":[12,14,22],"current_hp_per_floor":[75,68,68,43,43,19,43,43,43,20,20,20,44,44,44,16,64,47,47,47,46,46,9,33,33,33,33,12,36,0],"gold":73,"neow_bonus":"THREE_CARDS","is_prod":false,"is_daily":false,"chose_seed":false,"campfire_upgraded":2,"win_rate":0,"timestamp":1559681033,"path_taken":["M","M","?","?","?","E","R","?","T","E","?","$","R","$","R","BOSS","M","?","?","M","$","E","R","$","T","R","M","R","E"],"build_version":"2019-01-23","purchased_purges":2,"victory":false,"max_hp_per_floor":[80,80,80,80,80,80,80,80,80,80,80,80,80,80,80,80,80,80,80,80,80,80,80,80,80,80,80,80,80,80],"card_choices":[{"not_picked":["Body Slam","Burning Pact"],"picked":"Seeing Red","floor":0.0},{"not_picked":["Rupture","Thunderclap"],"picked":"Perfected Strike","floor":1.0},{"not_picked":["Perfected Strike","Anger"],"picked":"Flex","floor":2.0},{"not_picked":["Flex","Clash","Thunderclap"],"picked":"SKIP","floor":6.0},{"not_picked":["Shockwave","Pommel Strike"],"picked":"Iron Wave","floor":7.0},{"not_picked":["Rupture","Flex","Anger"],"picked":"SKIP","floor":10.0},{"not_picked":["Havoc","Sentinel"],"picked":"Pommel Strike","floor":13.0},{"not_picked":["Barricade","Immolate"],"picked":"Demon Form","floor":16.0},{"not_picked":["Perfected Strike","Clash"],"picked":"Twin Strike","floor":18.0},{"not_picked":["Whirlwind","Pommel Strike"],"picked":"Cleave","floor":21},{"not_picked":["Iron Wave","True Grit"],"picked":"Carnage+1","floor":23},{"not_picked":["Flame Barrier","Anger"],"picked":"Cleave+1","floor":28},{"not_picked":["Fire Breathing+1","Perfected Strike"],"picked":"Flame Barrier+1","floor":29}],"player_experience":252876,"relics_obtained":[{"floor":5.0,"key":"Whetstone"},{"floor":6.0,"key":"Tiny Chest"},{"floor":9.0,"key":"Juzu Bracelet"},{"floor":10.0,"key":"War Paint"},{"floor":11.0,"key":"Shuriken"},{"floor":23,"key":"WingedGreaves"},{"floor":26,"key":"The Courier"}],"event_choices":[{"damage_healed":0.0,"max_hp_gain":0.0,"max_hp_loss":0.0,"gold_gain":0.0,"event_name":"Living Wall","player_choice":"Grow","floor":3.0,"gold_loss":0.0,"damage_taken":0.0,"cards_upgraded":["Flex"]},{"damage_healed":0.0,"max_hp_gain":0.0,"max_hp_loss":0.0,"gold_gain":0.0,"event_name":"Scrap Ooze","player_choice":"Success","floor":4.0,"gold_loss":0.0,"damage_taken":25.0,"relics_obtained":["Dream Catcher"]},{"damage_healed":0.0,"max_hp_gain":0.0,"max_hp_loss":0.0,"gold_gain":175.0,"event_name":"Liars Game","player_choice":"AGREE","floor":8.0,"gold_loss":0.0,"damage_taken":0.0,"cards_obtained":["Doubt"]},{"damage_healed":0.0,"max_hp_gain":0.0,"max_hp_loss":0.0,"gold_gain":0.0,"event_name":"Forgotten Altar","player_choice":"Smashed Altar","floor":19.0,"gold_loss":0.0,"damage_taken":0.0,"cards_obtained":["Decay"]},{"cards_removed":["Decay"],"damage_healed":0.0,"max_hp_gain":0.0,"max_hp_loss":0.0,"gold_gain":0.0,"event_name":"Fountain of Cleansing","player_choice":"Removed Curses","floor":20.0,"gold_loss":0.0,"damage_taken":0.0}],"is_beta":false,"boss_relics":[{"not_picked":["Black Star","Velvet Choker"],"picked":"Lizard Tail"}],"items_purged_floors":[14,25],"is_endless":false,"potions_floor_spawned":[1,10,21],"killed_by":"Gremlin Leader","ascension_level":7}