{"gold_per_floor":[109,129,129,149,324,350,350,19,99,109,136,211,241,241,241,367,367,381,406,223,242,242,242,242],"floor_reached":24,"playtime":1760,"items_purged":[],"score":239,"play_id":"3db36a0a-f600-41f3-931d-8448b2c6b6e0","local_time":"20190522225130","is_ascension_mode":false,"campfire_choices":[{"floor":15,"key":"REST"},{"floor":23,"key":"REST"}],"neow_cost":"NONE","seed_source_timestamp":106912332869100,"circlet_count":0,"master_deck":["Strike_R","Strike_R","Strike_R","Strike_R","Strike_R","Defend_R","Defend_R","Defend_R","Defend_R","Bash","Whirlwind","Armaments","Cleave","Anger","Heavy Blade","Battle Trance+1","Juggernaut","Metallicize+1","Perfected Strike+1","Armaments+1","Warcry+1","Rampage","Impervious+1","Perfected Strike"],"relics":["Burning Blood","Vajra","Omamori","Orichalcum","Membership Card","Toxic Egg 2","Shuriken","WingedGreaves","Red Skull","Golden Idol","Black Star","Calipers"],"potions_floor_usage":[24,24],"damage_taken":[{"damage":1,"enemies":"Cultist","floor":1,"turns":3},{"damage":6,"enemies":"Jaw Worm","floor":2,"turns":4},{"damage":0,"enemies":"2 Louse","floor":4,"turns":1},{"damage":31,"enemies":"Gremlin Nob","floor":6,"turns":5},{"damage":5,"enemies":"Looter","floor":10,"turns":3},{"damage":19,"enemies":"Lagavulin","floor":11,"turns":7},{"damage":0,"enemies":"3 Sentries","floor":13,"turns":4},{"damage":3,"enemies":"Slime Boss","floor":16,"turns":8},{"damage":12,"enemies":"Spheric Guardian","floor":18,"turns":5},{"damage":29,"enemies":"2 Thieves","floor":19,"turns":4},{"damage":10,"enemies":"Centurion and Healer","floor":21,"turns":6},{"damage":78,"enemies":"Gremlin Leader","floor":24,"turns":5}],"seed_played":"-7864575059960048210","potions_obtained":[{"floor":1,"key":"Weak Potion"},{"floor":6,"key":"LiquidBronze"},{"floor":7,"key":"EssenceOfSteel"}],"is_trial":false,"path_per_floor":["M","M","T","M","?","E","?","$","T","M","E","?","E","?","R","B",null,"M","M","$","M","?","R","E"],"character_chosen":"IRONCLAD","items_purchased":["Membership Card","Toxic Egg 2","Cleave","Armaments+1","Warcry+1","Calipers"],"campfire_rested":2,"item_purchase_floors":[8,8,8,20,20,20],"current_hp_per_floor":[80,80,80,80,80,55,55,55,55,56,43,32,38,38,62,65,80,74,51,51,47,47,71,0],"gold":242,"neow_bonus":"RANDOM_COMMON_RELIC","is_prod":false,"is_daily":false,"chose_seed":false,"campfire_upgraded":0,"win_rate":0.0,"timestamp":1558590690,"path_taken":["M","M","?","M","?","E","?","$","T","?","E","?","E","?","R","BOSS","M","M","$","M","?","R","E"],"build_version":"2019-01-23","purchased_purges":0,"victory":false,"max_hp_per_floor":[80,80,80,80,80,80,80,80,80,80,80,80,80,80,80,80,80,80,80,80,80,80,80,80],"card_choices":[{"not_picked":["Rampage","Shrug It Off"],"picked":"Metallicize","floor":1},{"not_picked":["Headbutt","Dual Wield"],"picked":"Whirlwind","floor":2},{"not_picked":["Anger","True Grit"],"picked":"Armaments","floor":4},{"not_picked":["Reckless Charge","Brutality"],"picked":"Ghostly Armor","floor":6},{"not_picked":["Thunderclap","Whirlwind"],"picked":"Anger","floor":10},{"not_picked":["Sword Boomerang","Burning Pact+1"],"picked":"Heavy Blade","floor":11},{"not_picked":["Iron Wave","Combust"],"picked":"Battle Trance+1","floor":13},{"not_picked":["Berserk","Reaper"],"picked":"Juggernaut","floor":16},{"not_picked":["Reckless Charge","Sever Soul+1"],"picked":"Metallicize+1","floor":18},{"not_picked":["Fire Breathing","Heavy Blade"],"picked":"Perfected Strike+1","floor":19},{"not_picked":["Headbutt","Flex+1"],"picked":"Rampage","floor":21}],"player_experience":4776,"relics_obtained":[{"floor":3,"key":"Omamori"},{"floor":6,"key":"Orichalcum"},{"floor":9,"key":"Shuriken"},{"floor":11,"key":"WingedGreaves"},{"floor":13,"key":"Red Skull"}],"event_choices":[{"damage_healed":0,"gold_gain":175,"player_choice":"AGREE","damage_taken":0,"max_hp_gain":0,"max_hp_loss":0,"event_name":"Liars Game","floor":5,"gold_loss":0,"cards_obtained":["Doubt"]},{"damage_healed":0,"gold_gain":0,"player_choice":"Got Potions","damage_taken":0,"max_hp_gain":0,"max_hp_loss":0,"event_name":"Lab","floor":7,"gold_loss":0},{"damage_healed":0,"gold_gain":75,"player_choice":"Gather Gold","damage_taken":11,"max_hp_gain":0,"max_hp_loss":0,"event_name":"World of Goop","floor":12,"gold_loss":0},{"damage_healed":0,"gold_gain":0,"player_choice":"Take Wound","damage_taken":0,"relics_obtained":["Golden Idol"],"max_hp_gain":0,"max_hp_loss":0,"event_name":"Golden Idol","floor":14,"gold_loss":0,"cards_obtained":["Injury"]},{"damage_healed":0,"gold_gain":0,"cards_transformed":["Metallicize","Ghostly Armor"],"player_choice":"Became Test Subject","damage_taken":0,"max_hp_gain":0,"max_hp_loss":0,"event_name":"Drug Dealer","floor":22,"gold_loss":0,"cards_obtained":["Impervious","Perfected Strike"]}],"is_beta":false,"boss_relics":[{"not_picked":["Orrery","Philosopher\u0027s Stone"],"picked":"Black Star"}],"items_purged_floors":[],"is_endless":false,"potions_floor_spawned":[1,6,11,16],"killed_by":"Gremlin Leader","ascension_level":0}