{"gold_per_floor":[110,110,130,130,55,55,82,82,82,108,108,118,118,136,136,207,207,217,217,217,235,252,252,9,9,9,44,44,75,75,104,104,177,177,190,44,44,61,81,81,111,122,122,135,162,262,39,56,56,56],"floor_reached":51,"playtime":4119,"items_purged":["Strike_B","Strike_B"],"score":1514,"play_id":"1bdfc62f-fafd-4fd2-bbfb-1bc47efd31db","local_time":"20190523124529","is_ascension_mode":true,"campfire_choices":[{"data":"Zap","floor":6,"key":"SMITH"},{"floor":11,"key":"REST"},{"data":"BootSequence","floor":13,"key":"SMITH"},{"floor":15,"key":"REST"},{"floor":23,"key":"REST"},{"data":"Buffer","floor":25,"key":"SMITH"},{"floor":28,"key":"REST"},{"data":"RitualDagger","floor":30,"key":"SMITH"},{"floor":32,"key":"REST"},{"data":"Apotheosis","floor":40,"key":"SMITH"},{"floor":49,"key":"REST"}],"neow_cost":"NONE","seed_source_timestamp":115163648576647,"circlet_count":0,"master_deck":["AscendersBane","Defend_B","Defend_B","Defend_B+1","Defend_B","Zap+1","Dualcast","Hologram+1","Echo Form","Melter","Compile Driver","BootSequence+1","Buffer+1","Sunder+1","RitualDagger+1","Coolheaded+1","Gash","Static Discharge","Glacier","Apotheosis+1","Conserve Battery+1","Double Energy+1","Steam","Buffer+1","Buffer"],"relics":["Cracked Core","NeowsBlessing","War Paint","Bottled Tornado","Odd Mushroom","Runic Pyramid","PreservedInsect","Matryoshka","Blood Vial","The Courier","Red Mask","Nuclear Battery","Letter Opener","Art of War","Smiling Mask","Singing Bowl","Happy Flower","Nunchaku","DollysMirror"],"potions_floor_usage":[16,21,22,27,31,50],"damage_taken":[{"damage":0,"enemies":"Cultist","floor":1,"turns":1},{"damage":0,"enemies":"Small Slimes","floor":3,"turns":1},{"damage":0,"enemies":"3 Sentries","floor":7,"turns":2},{"damage":30,"enemies":"The Mushroom Lair","floor":10,"turns":4},{"damage":14,"enemies":"Jaw Worm","floor":12,"turns":3},{"damage":5,"enemies":"3 Louse","floor":14,"turns":3},{"damage":7,"enemies":"The Guardian","floor":16,"turns":10},{"damage":12,"enemies":"3 Byrds","floor":18,"turns":5},{"damage":5,"enemies":"2 Thieves","floor":21,"turns":3},{"damage":0,"enemies":"3 Cultists","floor":22,"turns":5},{"damage":22,"enemies":"Slavers","floor":27,"turns":4},{"damage":0,"enemies":"Gremlin Leader","floor":29,"turns":5},{"damage":5,"enemies":"Masked Bandits","floor":31,"turns":4},{"damage":47,"enemies":"Collector","floor":33,"turns":12},{"damage":0,"enemies":"Orb Walker","floor":35,"turns":4},{"damage":11,"enemies":"3 Darklings","floor":38,"turns":4},{"damage":0,"enemies":"Spire Growth","floor":39,"turns":6},{"damage":0,"enemies":"Nemesis","floor":41,"turns":7},{"damage":2,"enemies":"Transient","floor":42,"turns":5},{"damage":5,"enemies":"Jaw Worm Horde","floor":44,"turns":2},{"damage":0,"enemies":"Giant Head","floor":45,"turns":9},{"damage":0,"enemies":"Mind Bloom Boss Battle","floor":46,"turns":3},{"damage":0,"enemies":"Maw","floor":48,"turns":8},{"damage":0,"enemies":"Time Eater","floor":50,"turns":14}],"seed_played":"8834246343060843141","potions_obtained":[{"floor":7,"key":"LiquidBronze"},{"floor":10,"key":"AttackPotion"},{"floor":16,"key":"EssenceOfSteel"},{"floor":21,"key":"Block Potion"},{"floor":29,"key":"AttackPotion"},{"floor":33,"key":"Swift Potion"},{"floor":35,"key":"Weak Potion"}],"is_trial":false,"path_per_floor":["M","?","M","?","?","R","E","?","T","?","R","M","R","M","R","B",null,"M","?","?","M","M","R","$","R","T","E","R","E","R","?","R","B",null,"M","$","?","M","M","R","E","M","T","M","E","?","$","M","R","B",null],"character_chosen":"DEFECT","items_purchased":["PreservedInsect","Apotheosis","DollysMirror"],"campfire_rested":6,"item_purchase_floors":[24,36,47],"current_hp_per_floor":[64,64,64,69,69,69,69,62,62,32,54,40,40,35,57,50,70,58,52,30,25,25,49,49,49,49,27,51,53,53,50,74,29,68,70,70,70,61,63,63,65,65,65,62,66,70,70,72,85,85],"gold":56,"neow_bonus":"THREE_ENEMY_KILL","is_prod":false,"is_daily":false,"chose_seed":false,"campfire_upgraded":5,"win_rate":0,"timestamp":1558640729,"path_taken":["M","?","M","?","?","R","E","?","T","?","R","M","R","M","R","BOSS","M","?","?","M","M","R","$","R","T","E","R","E","R","?","R","BOSS","M","$","?","M","?","R","E","M","T","M","E","?","$","M","R","BOSS"],"build_version":"2019-01-23","purchased_purges":2,"victory":true,"max_hp_per_floor":[71,71,71,76,76,76,76,76,76,76,76,76,76,76,76,76,76,76,76,81,81,81,81,81,81,81,81,81,81,81,81,81,81,81,81,81,81,81,81,81,81,81,81,81,83,85,85,85,85,85],"card_choices":[{"not_picked":["Gash","Go for the Eyes"],"picked":"Hologram","floor":1},{"not_picked":["Redo","Ball Lightning"],"picked":"Echo Form","floor":3},{"not_picked":["Hologram","Cold Snap"],"picked":"Melter","floor":7},{"not_picked":["Capacitor","Stack"],"picked":"Compile Driver","floor":10},{"not_picked":["Conserve Battery","Barrage"],"picked":"BootSequence","floor":12},{"not_picked":["Compile Driver","Beam Cell"],"picked":"Conserve Battery","floor":14},{"not_picked":["Thunder Strike","Reboot"],"picked":"Buffer","floor":16},{"not_picked":["Hologram","Lockon"],"picked":"Sunder+1","floor":18},{"not_picked":["Storm","Hologram"],"picked":"Coolheaded+1","floor":21},{"not_picked":["Sunder","Steam Power","Cold Snap"],"picked":"SKIP","floor":22},{"not_picked":["Echo Form","Redo"],"picked":"Gash","floor":27},{"not_picked":["Melter","Consume+1","Leap"],"picked":"SKIP","floor":29},{"not_picked":["Streamline+1","Reprogram"],"picked":"Static Discharge","floor":31},{"not_picked":["Sweeping Beam","Turbo"],"picked":"Glacier","floor":35},{"not_picked":["Steam","Doom and Gloom"],"picked":"Conserve Battery+1","floor":38},{"not_picked":["Stack","Storm","Compile Driver+1"],"picked":"SKIP","floor":39},{"not_picked":["Compile Driver","White Noise+1"],"picked":"Double Energy+1","floor":41},{"not_picked":["Ball Lightning","Barrage","Streamline"],"picked":"SKIP","floor":42},{"not_picked":["Skim+1","Conserve Battery"],"picked":"Steam","floor":44},{"not_picked":["Barrage","Scrape","Coolheaded"],"picked":"Singing Bowl","floor":45},{"not_picked":["Rebound","Tempest+1","Barrage+1"],"picked":"Singing Bowl","floor":46},{"not_picked":["Sweeping Beam","Beam Cell"],"picked":"Buffer","floor":48}],"player_experience":713472,"relics_obtained":[{"floor":7,"key":"War Paint"},{"floor":9,"key":"Bottled Tornado"},{"floor":10,"key":"Odd Mushroom"},{"floor":26,"key":"Matryoshka"},{"floor":27,"key":"Blood Vial"},{"floor":29,"key":"The Courier"},{"floor":31,"key":"Red Mask"},{"floor":41,"key":"Art of War"},{"floor":43,"key":"Smiling Mask"},{"floor":43,"key":"Singing Bowl"},{"floor":45,"key":"Happy Flower"},{"floor":46,"key":"Nunchaku"}],"event_choices":[{"damage_healed":0,"gold_gain":0,"player_choice":"Ignored","damage_taken":0,"max_hp_gain":0,"max_hp_loss":0,"event_name":"Liars Game","floor":2,"gold_loss":0},{"damage_healed":0,"gold_gain":0,"player_choice":"Donut","damage_taken":0,"max_hp_gain":5,"max_hp_loss":0,"event_name":"Big Fish","floor":4,"gold_loss":0},{"cards_removed":["Strike_B"],"damage_healed":0,"gold_gain":0,"player_choice":"Card Removal","damage_taken":0,"max_hp_gain":0,"max_hp_loss":0,"event_name":"The Cleric","floor":5,"gold_loss":75},{"cards_removed":["Strike_B"],"damage_healed":0,"gold_gain":0,"player_choice":"Card Removal","damage_taken":7,"max_hp_gain":0,"max_hp_loss":0,"event_name":"Golden Wing","floor":8,"gold_loss":0},{"damage_healed":0,"gold_gain":0,"player_choice":"Fought Mushrooms","damage_taken":0,"max_hp_gain":0,"max_hp_loss":0,"event_name":"Mushrooms","floor":10,"gold_loss":0},{"damage_healed":0,"gold_gain":0,"player_choice":"Joined the Cult","damage_taken":6,"max_hp_gain":0,"max_hp_loss":0,"event_name":"Nest","floor":19,"gold_loss":0,"cards_obtained":["RitualDagger"]},{"damage_healed":0,"gold_gain":0,"player_choice":"Shed Blood","damage_taken":27,"max_hp_gain":5,"max_hp_loss":0,"event_name":"Forgotten Altar","floor":20,"gold_loss":0},{"damage_healed":0,"gold_gain":0,"player_choice":"Fought Bandits","damage_taken":0,"max_hp_gain":0,"max_hp_loss":0,"event_name":"Masked Bandits","floor":31,"gold_loss":0},{"cards_removed":["Conserve Battery"],"damage_healed":0,"gold_gain":0,"player_choice":"Gave Card","damage_taken":0,"relics_obtained":["Letter Opener"],"max_hp_gain":0,"max_hp_loss":0,"event_name":"WeMeetAgain","floor":37,"gold_loss":0},{"damage_healed":0,"gold_gain":0,"player_choice":"Fight","damage_taken":0,"max_hp_gain":0,"max_hp_loss":0,"event_name":"MindBloom","floor":46,"gold_loss":0}],"is_beta":false,"boss_relics":[{"not_picked":["Black Star","Busted Crown"],"picked":"Runic Pyramid"},{"not_picked":["Astrolabe","Runic Dome"],"picked":"Nuclear Battery"}],"items_purged_floors":[24,47],"is_endless":false,"potions_floor_spawned":[7,10,12,14,16,21,29,33,35,39,41,46],"ascension_level":16}