{"gold_per_floor":[116,116,132,132,132,162,172,172,172,122,133,156,156,106,106,201,201,212,110,122,38,52,52,82,32,32,32,32,32,32,46,46,46],"floor_reached":33,"playtime":1064,"items_purged":["Strike_G","Strike_G","Strike_G","Strike_G","Defend_G"],"score":300,"play_id":"48b5b419-21c2-4548-bd7a-ac418451feae","local_time":"20180706210312","is_ascension_mode":true,"campfire_choices":[{"data":"Survivor","floor":8,"key":"SMITH"},{"floor":13,"key":"REST"},{"data":"Noxious Fumes","floor":15,"key":"SMITH"},{"floor":23,"key":"REST"},{"floor":30,"key":"REST"},{"floor":32,"key":"REST"}],"neow_cost":"NONE","seed_source_timestamp":119547765199119,"circlet_count":0,"master_deck":["Defend_G","Defend_G","Defend_G","Survivor+1","Neutralize+1","Deadly Poison","Deadly Poison","Noxious Fumes+1","Malaise","Calculated Gamble","Envenom","Bane","Backflip","Footwork","Deflect","Prepared","Decay"],"relics":["Ring of the Snake","NeowsBlessing","Ornamental Fan","Smiling Mask","Paper Crane","Ancient Tea Set","Empty Cage","Centennial Puzzle","Pear"],"potions_floor_usage":[22,24,24,33],"damage_taken":[{"damage":0,"enemies":"Small Slimes","floor":1,"turns":1},{"damage":0,"enemies":"Cultist","floor":3,"turns":1},{"damage":0,"enemies":"Lagavulin","floor":6,"turns":1},{"damage":1,"enemies":"Jaw Worm","floor":7,"turns":4},{"damage":1,"enemies":"2 Fungi Beasts","floor":11,"turns":4},{"damage":10,"enemies":"The Guardian","floor":16,"turns":9},{"damage":17,"enemies":"3 Byrds","floor":18,"turns":5},{"damage":30,"enemies":"2 Thieves","floor":20,"turns":5},{"damage":14,"enemies":"Sentry and Sphere","floor":22,"turns":6},{"damage":16,"enemies":"Gremlin Leader","floor":24,"turns":9},{"damage":12,"enemies":"Centurion and Healer","floor":31,"turns":9},{"damage":76,"enemies":"Champ","floor":33,"turns":14}],"seed_played":"7292384158609667336","potions_obtained":[{"floor":11,"key":"SpeedPotion"},{"floor":20,"key":"Energy Potion"},{"floor":22,"key":"Weak Potion"},{"floor":31,"key":"Regen Potion"}],"is_trial":false,"path_per_floor":["M","?","M","?","?","E","M","R","T","$","M","T","R","$","R","B",null,"M","$","M","$","M","R","E","$","T","?","?","?","R","M","R"],"character_chosen":"THE_SILENT","items_purchased":["Backflip","Footwork"],"campfire_rested":4,"item_purchase_floors":[19,21],"current_hp_per_floor":[70,63,63,60,60,60,59,59,59,59,58,58,70,70,70,60,70,53,53,23,23,9,30,14,14,24,24,24,24,48,36,60,0],"gold":46,"neow_bonus":"THREE_ENEMY_KILL","is_prod":false,"is_daily":false,"chose_seed":false,"campfire_upgraded":2,"win_rate":0,"timestamp":1530903792,"path_taken":["M","?","M","?","?","E","?","R","T","$","M","?","R","?","R","BOSS","M","$","M","?","M","R","E","$","T","?","?","?","R","M","R","BOSS"],"build_version":"2018-07-05","purchased_purges":5,"victory":false,"max_hp_per_floor":[70,70,70,70,70,70,70,70,70,70,70,70,70,70,70,70,70,70,70,70,70,70,70,70,70,80,80,80,80,80,80,80,80],"card_choices":[{"not_picked":["Prepared","Poisoned Stab"],"picked":"Deadly Poison","floor":1},{"not_picked":["Poisoned Stab","Masterful Stab"],"picked":"Deadly Poison","floor":3},{"not_picked":["Burst","Underhanded Strike"],"picked":"Noxious Fumes","floor":6},{"not_picked":["Flying Knee","Deflect"],"picked":"Malaise","floor":7},{"not_picked":["Flying Knee","Dagger Throw"],"picked":"Calculated Gamble","floor":11},{"not_picked":["Tools of the Trade","Glass Knife"],"picked":"Envenom","floor":16},{"not_picked":["Dash","Underhanded Strike"],"picked":"Bane","floor":18},{"not_picked":["Dodge and Roll","Quick Slash+1","Expertise"],"picked":"SKIP","floor":20},{"not_picked":["Flying Knee","Dagger Spray"],"picked":"Deflect","floor":22},{"not_picked":["Sucker Punch","Caltrops"],"picked":"Prepared","floor":24},{"not_picked":["Unload","Underhanded Strike","PiercingWail"],"picked":"SKIP","floor":31}],"player_experience":87957,"relics_obtained":[{"floor":6,"key":"Smiling Mask"},{"floor":9,"key":"Paper Crane"},{"floor":12,"key":"Ancient Tea Set"},{"floor":24,"key":"Centennial Puzzle"},{"floor":26,"key":"Pear"}],"event_choices":[{"event_name":"Wheel of Change","player_choice":"Damage","floor":2,"damage_taken":0},{"event_name":"Scrap Ooze","player_choice":"success","floor":4,"damage_taken":3},{"event_name":"Upgrade Shrine","player_choice":"Upgraded","floor":5,"damage_taken":0},{"event_name":"Addict","player_choice":"Ignored","floor":27,"damage_taken":0},{"event_name":"Vampires","player_choice":"Ignored","floor":28,"damage_taken":0},{"event_name":"Forgotten Altar","player_choice":"Smashed Altar","floor":29,"damage_taken":0}],"boss_relics":[{"not_picked":["White Beast Statue","Coffee Dripper"],"picked":"Empty Cage"}],"items_purged_floors":[10,14,19,21,25],"is_endless":false,"potions_floor_spawned":[11,20,22,31],"killed_by":"Champ","ascension_level":1}