{"gold_per_floor":[119,11,86,86,99,99,132,132,187,220,239,239,239,274,274,352,352,366,386,405,418,429,429,440,440,440,451,483,515,515,430,430,508,508,525,525,543,555,565,565,614,629,655,352,352,43,43,59,59,59],"floor_reached":51,"playtime":2370,"items_purged":["Strike_R"],"score":1390,"play_id":"4fc72d2a-88d7-41fc-bec3-9541ef996938","local_time":"20190425144819","is_ascension_mode":true,"campfire_choices":[{"data":"Bash","floor":6.0,"key":"SMITH"},{"data":"Clothesline","floor":8.0,"key":"SMITH"},{"data":"Armaments","floor":12.0,"key":"SMITH"},{"data":"Burning Pact","floor":15.0,"key":"SMITH"},{"data":"Battle Trance","floor":23.0,"key":"SMITH"},{"floor":25.0,"key":"REST"},{"data":"Barricade","floor":30.0,"key":"SMITH"},{"floor":32.0,"key":"REST"},{"data":"Juggernaut","floor":40,"key":"SMITH"},{"floor":47,"key":"REST"},{"floor":49,"key":"REST"}],"neow_cost":"NONE","seed_source_timestamp":0,"circlet_count":0,"master_deck":["AscendersBane","Strike_R+1","Strike_R","Strike_R","Defend_R","Defend_R","Defend_R","Defend_R","Bash+1","Armaments+1","Inflame+1","Iron Wave+1","Sword Boomerang","Clothesline+1","Anger","Burning Pact+1","Juggernaut+1","Shrug It Off","Iron Wave+1","Metallicize+1","Power Through+1","Battle Trance+1","Body Slam","Entrench","Barricade+1","Fiend Fire","Body Slam","Shrug It Off","Battle Trance","Shrug It Off+1","Entrench","Apotheosis","Corruption","Shockwave"],"special_seed":0,"relics":["Burning Blood","NeowsBlessing","Kunai","Centennial Puzzle","Orichalcum","Bottled Tornado","Velvet Choker","Torii","Whetstone","Red Mask","Gremlin Horn","Snecko Eye","Blue Candle","Pen Nib","Blood Vial","DollysMirror"],"potions_floor_usage":[50],"damage_taken":[{"damage":0.0,"enemies":"Small Slimes","floor":1.0,"turns":1.0},{"damage":0.0,"enemies":"2 Louse","floor":5.0,"turns":1.0},{"damage":0.0,"enemies":"Lagavulin","floor":7.0,"turns":1.0},{"damage":33.0,"enemies":"3 Sentries","floor":10.0,"turns":10.0},{"damage":0.0,"enemies":"Cultist","floor":11.0,"turns":3.0},{"damage":2.0,"enemies":"Gremlin Nob","floor":14.0,"turns":3.0},{"damage":36.0,"enemies":"Hexaghost","floor":16.0,"turns":8.0},{"damage":16.0,"enemies":"2 Thieves","floor":18.0,"turns":3.0},{"damage":18.0,"enemies":"Chosen","floor":19.0,"turns":4.0},{"damage":14.0,"enemies":"3 Cultists","floor":20.0,"turns":5.0},{"damage":8.0,"enemies":"Snecko","floor":21.0,"turns":4.0},{"damage":12.0,"enemies":"Sentry and Sphere","floor":22.0,"turns":5.0},{"damage":1.0,"enemies":"Chosen and Byrds","floor":24.0,"turns":6.0},{"damage":24.0,"enemies":"Shelled Parasite and Fungi","floor":27.0,"turns":4.0},{"damage":18.0,"enemies":"Book of Stabbing","floor":28.0,"turns":5.0},{"damage":16.0,"enemies":"Masked Bandits","floor":29.0,"turns":4.0},{"damage":22.0,"enemies":"Collector","floor":33.0,"turns":8.0},{"damage":7.0,"enemies":"3 Darklings","floor":35.0,"turns":5.0},{"damage":1.0,"enemies":"Orb Walker","floor":37.0,"turns":2.0},{"damage":8,"enemies":"4 Shapes","floor":38,"turns":5},{"damage":0,"enemies":"Maw","floor":39,"turns":7},{"damage":57,"enemies":"Jaw Worm Horde","floor":42,"turns":5},{"damage":0,"enemies":"4 Shapes","floor":48,"turns":5},{"damage":13,"enemies":"Time Eater","floor":50,"turns":6}],"seed_played":"-5880936841287641924","potions_obtained":[{"floor":5.0,"key":"Explosive Potion"},{"floor":20.0,"key":"SkillPotion"},{"floor":24.0,"key":"SpeedPotion"},{"floor":27.0,"key":"PowerPotion"},{"floor":28.0,"key":"AttackPotion"},{"floor":35.0,"key":"Weak Potion"},{"floor":39,"key":"SpeedPotion"}],"is_trial":false,"path_per_floor":["M","$","?","?","M","R","E","R","T","E","M","R","?","E","R","B",null,"M","M","M","M","M","R","M","R","T","M","E","?","R","?","R","B",null,"M","?","M","M","M","R","T","M","T","$","?","$","R","M","R","B",null],"character_chosen":"IRONCLAD","items_purchased":["Inflame","Iron Wave","DollysMirror","Apotheosis","Corruption","Shockwave"],"campfire_rested":4,"item_purchase_floors":[2,2,44,46,46,46],"current_hp_per_floor":[74,74,63,63,69,69,75,75,75,48,54,54,54,58,58,28,63,53,41,33,31,25,25,30,52,52,34,22,12,12,12,34,18,61,60,60,65,63,69,69,69,18,18,18,18,18,40,48,70,65],"gold":59,"neow_bonus":"THREE_ENEMY_KILL","is_prod":false,"is_daily":false,"chose_seed":false,"campfire_upgraded":7,"win_rate":0,"timestamp":1556178499,"path_taken":["M","$","?","?","?","R","E","R","T","E","M","R","?","E","R","BOSS","M","M","M","M","M","R","M","R","T","M","E","?","R","?","R","BOSS","M","?","M","?","M","R","?","?","T","$","?","$","R","M","R","BOSS"],"build_version":"2019-01-23","purchased_purges":1,"victory":true,"max_hp_per_floor":[75,75,75,75,75,75,75,75,75,75,75,75,75,75,75,75,75,75,75,75,75,75,75,75,75,75,75,75,75,75,75,75,75,75,75,75,75,75,75,75,75,75,75,75,75,75,75,75,75,75],"card_choices":[{"not_picked":["Seeing Red","Rupture"],"picked":"Armaments","floor":1.0},{"not_picked":["Cleave","Searing Blow"],"picked":"Sword Boomerang","floor":5.0},{"not_picked":["Evolve","Infernal Blade"],"picked":"Clothesline","floor":7.0},{"not_picked":["Clothesline","Heavy Blade"],"picked":"Anger","floor":10.0},{"not_picked":["Sword Boomerang","Rage","Thunderclap"],"picked":"SKIP","floor":11.0},{"not_picked":["Heavy Blade","Flex"],"picked":"Burning Pact","floor":14.0},{"not_picked":["Brutality","Bludgeon"],"picked":"Juggernaut","floor":16.0},{"not_picked":["Ghostly Armor","Sword Boomerang+1"],"picked":"Shrug It Off","floor":18.0},{"not_picked":["Twin Strike","Feel No Pain"],"picked":"Iron Wave+1","floor":19.0},{"not_picked":["Body Slam+1","Searing Blow"],"picked":"Metallicize+1","floor":20.0},{"not_picked":["Headbutt","Carnage"],"picked":"Power Through+1","floor":21.0},{"not_picked":["Thunderclap","Entrench"],"picked":"Battle Trance","floor":22.0},{"not_picked":["Perfected Strike","Clothesline","Seeing Red"],"picked":"SKIP","floor":24.0},{"not_picked":["Intimidate","Heavy Blade"],"picked":"Body Slam","floor":27.0},{"not_picked":["Twin Strike","Combust"],"picked":"Entrench","floor":28.0},{"not_picked":["Seeing Red","Sword Boomerang"],"picked":"Barricade","floor":29.0},{"not_picked":["Dark Embrace","Demon Form"],"picked":"Fiend Fire","floor":33.0},{"not_picked":["Disarm","Spot Weakness"],"picked":"Body Slam","floor":35.0},{"not_picked":["Anger","Fire Breathing"],"picked":"Shrug It Off","floor":37.0},{"not_picked":["Sever Soul","Clash+1","Feel No Pain"],"picked":"SKIP","floor":38},{"not_picked":["Burning Pact","Anger"],"picked":"Battle Trance","floor":39},{"not_picked":["Bloodletting","Perfected Strike+1"],"picked":"Shrug It Off+1","floor":42},{"not_picked":["Blood for Blood","Infernal Blade","Perfected Strike"],"picked":"SKIP","floor":48}],"player_experience":435615,"relics_obtained":[{"floor":7.0,"key":"Kunai"},{"floor":9.0,"key":"Centennial Puzzle"},{"floor":10.0,"key":"Orichalcum"},{"floor":14.0,"key":"Bottled Tornado"},{"floor":26.0,"key":"Torii"},{"floor":28.0,"key":"Whetstone"},{"floor":29.0,"key":"Red Mask"},{"floor":41,"key":"Pen Nib"},{"floor":43,"key":"Blood Vial"}],"event_choices":[{"damage_healed":0.0,"max_hp_gain":0.0,"max_hp_loss":0.0,"gold_gain":75.0,"event_name":"World of Goop","player_choice":"Gather Gold","floor":3.0,"gold_loss":0.0,"damage_taken":11.0},{"damage_healed":0.0,"max_hp_gain":0.0,"max_hp_loss":0.0,"gold_gain":0.0,"event_name":"Accursed Blacksmith","player_choice":"Forge","floor":4.0,"gold_loss":0.0,"damage_taken":0.0,"cards_upgraded":["Inflame"]},{"cards_removed":["Strike_R"],"damage_healed":0.0,"max_hp_gain":0.0,"max_hp_loss":0.0,"gold_gain":0.0,"event_name":"Living Wall","player_choice":"Forget","floor":13.0,"gold_loss":0.0,"damage_taken":0.0},{"damage_healed":0.0,"max_hp_gain":0.0,"max_hp_loss":0.0,"gold_gain":0.0,"event_name":"Masked Bandits","player_choice":"Fought Bandits","floor":29.0,"gold_loss":0.0,"damage_taken":0.0},{"damage_healed":0.0,"max_hp_gain":0.0,"max_hp_loss":0.0,"gold_gain":0.0,"event_name":"Addict","player_choice":"Obtained Relic","floor":31.0,"gold_loss":85.0,"damage_taken":0.0,"relics_obtained":["Gremlin Horn"]},{"damage_healed":0.0,"max_hp_gain":0.0,"max_hp_loss":0.0,"gold_gain":0.0,"event_name":"WeMeetAgain","player_choice":"Gave Potion","floor":36.0,"gold_loss":0.0,"damage_taken":0.0,"relics_obtained":["Blue Candle"]},{"damage_healed":0,"gold_gain":0,"player_choice":"Memory 1","damage_taken":0,"max_hp_gain":0,"max_hp_loss":0,"event_name":"SensoryStone","floor":45,"gold_loss":0}],"is_beta":false,"boss_relics":[{"not_picked":["Orrery","Busted Crown"],"picked":"Velvet Choker"},{"not_picked":["Eternal Feather","Black Blood"],"picked":"Snecko Eye"}],"items_purged_floors":[44],"is_endless":false,"potions_floor_spawned":[5,20,24,27,28,35,39,42],"ascension_level":19}