{"gold_per_floor":[113,132,143,143,161,190,190,2,2,177,194,213,213,231,231,327,327,339,339,352,5,22,53,53,71,71,83,95,132,144,182,194,306,318,348,582,594,623,460,460,476,476,476,491,507,382,407,27,27,27],"floor_reached":51,"playtime":2423,"items_purged":["Strike_G","Strike_G","Strike_G","Defend_G"],"score":792,"play_id":"4dba3c2c-e353-486f-b4e4-a76b5c04852d","local_time":"20181201112414","is_ascension_mode":false,"campfire_choices":[{"data":"Neutralize","floor":7,"key":"SMITH"},{"data":"1","floor":13,"key":"LIFT"},{"floor":15,"key":"REST"},{"data":"2","floor":27,"key":"LIFT"},{"data":"3","floor":30,"key":"LIFT"},{"floor":32,"key":"REST"},{"data":"Mayhem","floor":40,"key":"SMITH"},{"floor":42,"key":"REST"},{"floor":49,"key":"REST"}],"neow_cost":"NONE","seed_source_timestamp":77707922917974,"circlet_count":0,"master_deck":["Defend_G","Defend_G","Survivor","Neutralize+1","Cloak And Dagger","Noxious Fumes","Footwork","Terror","Quick Slash+1","Chrysalis","Infinite Blades","Infinite Blades","Die Die Die+1","Finisher+1","Die Die Die+1","Dash+1","Dagger Spray","Footwork","Flying Knee","Outmaneuver","Backflip+1","Calculated Gamble","Prepared+1","Envenom","Well Laid Plans+1","Metamorphosis","Mayhem+1","Panacea","Dodge and Roll+1","Cloak And Dagger+1","Die Die Die","Footwork","Corpse Explosion"],"relics":["Ring of the Serpent","Lantern","Matryoshka","Omamori","Girya","Astrolabe","Paper Crane","Ancient Tea Set","MutagenicStrength","MawBank","Bottled Flame","Whetstone","Red Mask","Orichalcum","Tingsha"],"potions_floor_usage":[16,22,25,29,38,50,50],"damage_taken":[{"damage":1,"enemies":"Cultist","floor":1,"turns":3},{"damage":0,"enemies":"Small Slimes","floor":2,"turns":4},{"damage":0,"enemies":"2 Louse","floor":3,"turns":3},{"damage":7,"enemies":"Exordium Wildlife","floor":5,"turns":6},{"damage":20,"enemies":"3 Sentries","floor":6,"turns":9},{"damage":3,"enemies":"3 Louse","floor":11,"turns":4},{"damage":6,"enemies":"2 Fungi Beasts","floor":12,"turns":4},{"damage":8,"enemies":"Large Slime","floor":14,"turns":4},{"damage":18,"enemies":"The Guardian","floor":16,"turns":9},{"damage":7,"enemies":"3 Byrds","floor":18,"turns":5},{"damage":2,"enemies":"2 Thieves","floor":20,"turns":3},{"damage":10,"enemies":"Shelled Parasite and Fungi","floor":22,"turns":4},{"damage":0,"enemies":"Gremlin Leader","floor":23,"turns":5},{"damage":14,"enemies":"Snake Plant","floor":25,"turns":5},{"damage":0,"enemies":"Slavers","floor":29,"turns":3},{"damage":1,"enemies":"Masked Bandits","floor":31,"turns":3},{"damage":55,"enemies":"Automaton","floor":33,"turns":9},{"damage":16,"enemies":"3 Darklings","floor":35,"turns":3},{"damage":7,"enemies":"Orb Walker","floor":38,"turns":3},{"damage":0,"enemies":"3 Darklings","floor":41,"turns":4},{"damage":6,"enemies":"Sphere and 2 Shapes","floor":44,"turns":3},{"damage":4,"enemies":"Writhing Mass","floor":45,"turns":5},{"damage":9,"enemies":"Reptomancer","floor":47,"turns":5},{"damage":33,"enemies":"Awakened One","floor":50,"turns":11}],"seed_played":"-8695899830002997476","potions_obtained":[{"floor":2,"key":"SpeedPotion"},{"floor":6,"key":"LiquidBronze"},{"floor":11,"key":"SkillPotion"},{"floor":16,"key":"Weak Potion"},{"floor":20,"key":"GhostInAJar"},{"floor":25,"key":"Block Potion"},{"floor":31,"key":"SteroidPotion"},{"floor":35,"key":"Poison Potion"},{"floor":45,"key":"Swift Potion"}],"is_trial":false,"path_per_floor":["M","M","M","?","M","E","R","$","T","?","M","M","R","M","R","B",null,"M","?","M","$","M","E","?","M","T","R","$","E","R","?","R","B",null,"M","?","?","M","$","R","M","R","T","M","M","$","E","$","R","B",null],"character_chosen":"THE_SILENT","items_purchased":["Chrysalis","Paper Crane","Outmaneuver","EssenceOfSteel","GhostInAJar","Footwork","Corpse Explosion"],"campfire_rested":4,"item_purchase_floors":[8,21,21,39,48,48,48],"current_hp_per_floor":[69,69,69,62,55,35,35,35,35,35,32,26,26,18,39,21,70,63,63,61,61,51,51,51,37,37,37,37,37,37,36,57,2,70,54,54,44,37,37,37,37,58,58,52,48,48,39,39,60,27],"gold":27,"neow_bonus":"RANDOM_COMMON_RELIC","is_prod":false,"is_daily":false,"chose_seed":false,"campfire_upgraded":2,"win_rate":0,"timestamp":1543659854,"path_taken":["M","?","M","?","M","E","R","$","T","?","M","M","R","M","R","BOSS","M","?","M","$","M","E","?","M","T","R","$","E","R","?","R","BOSS","M","?","?","M","$","R","M","R","T","M","M","$","E","$","R","BOSS"],"build_version":"2018-11-15","purchased_purges":4,"victory":true,"max_hp_per_floor":[70,70,70,70,70,70,70,70,70,70,70,70,70,70,70,70,70,70,70,70,70,70,70,70,70,70,70,70,70,70,70,70,70,70,70,70,70,70,70,70,70,70,70,70,70,70,70,70,70,70],"card_choices":[{"not_picked":["Blade Dance","Distraction"],"picked":"Cloak And Dagger","floor":1},{"not_picked":["Catalyst","Setup"],"picked":"Noxious Fumes","floor":2},{"not_picked":["Catalyst","Acrobatics"],"picked":"Footwork","floor":3},{"not_picked":["Bane","Sucker Punch"],"picked":"Terror","floor":5},{"not_picked":["PiercingWail","Doppelganger"],"picked":"Quick Slash","floor":6},{"not_picked":["Bane","Terror","PiercingWail"],"picked":"SKIP","floor":11},{"not_picked":["Catalyst","Bane"],"picked":"Infinite Blades","floor":12},{"not_picked":["All Out Attack","Flying Knee"],"picked":"Infinite Blades","floor":14},{"not_picked":["Phantasmal Killer","Glass Knife"],"picked":"Die Die Die","floor":16},{"not_picked":["Quick Slash","Backflip+1"],"picked":"Dagger Spray","floor":18},{"not_picked":["Expertise+1","Bane"],"picked":"Flying Knee","floor":20},{"not_picked":["Skewer","Escape Plan"],"picked":"Backflip+1","floor":22},{"not_picked":["Acrobatics","Riddle With Holes","Flying Knee"],"picked":"SKIP","floor":23},{"not_picked":["Skewer","Slice"],"picked":"Calculated Gamble","floor":25},{"not_picked":["Doppelganger","Flechettes","Dagger Spray"],"picked":"SKIP","floor":29},{"not_picked":["Masterful Stab+1","Skewer"],"picked":"Prepared+1","floor":31},{"not_picked":["Phantasmal Killer","Unload"],"picked":"Envenom","floor":33},{"not_picked":["Slice","Bouncing Flask"],"picked":"Well Laid Plans+1","floor":35},{"not_picked":["Forethought","Impatience"],"picked":"Metamorphosis","floor":37},{"not_picked":["Madness","Flash of Steel"],"picked":"Mayhem","floor":37},{"not_picked":["PanicButton","Metamorphosis"],"picked":"Panacea","floor":37},{"not_picked":["Bane+1","Deadly Poison+1"],"picked":"Dodge and Roll+1","floor":38},{"not_picked":["Dagger Spray","Underhanded Strike+1","Dodge and Roll"],"picked":"SKIP","floor":41},{"not_picked":["Setup+1","Bouncing Flask","Quick Slash"],"picked":"SKIP","floor":44},{"not_picked":["Acrobatics","Dagger Spray+1"],"picked":"Cloak And Dagger+1","floor":45},{"not_picked":["Acrobatics+1","Well Laid Plans"],"picked":"Die Die Die","floor":47}],"player_experience":165004,"relics_obtained":[{"floor":6,"key":"Matryoshka"},{"floor":9,"key":"Omamori"},{"floor":9,"key":"Girya"},{"floor":23,"key":"Ancient Tea Set"},{"floor":26,"key":"MawBank"},{"floor":26,"key":"Bottled Flame"},{"floor":29,"key":"Whetstone"},{"floor":31,"key":"Red Mask"},{"floor":43,"key":"Orichalcum"},{"floor":47,"key":"Tingsha"}],"event_choices":[{"cards_removed":["Defend_G"],"damage_healed":0,"gold_gain":0,"player_choice":"Card Removal","damage_taken":7,"max_hp_gain":0,"max_hp_loss":0,"event_name":"Golden Wing","floor":4,"gold_loss":0},{"damage_healed":0,"gold_gain":175,"player_choice":"AGREE","damage_taken":0,"max_hp_gain":0,"max_hp_loss":0,"event_name":"Liars Game","floor":10,"gold_loss":0,"cards_obtained":["Doubt"]},{"damage_healed":0,"gold_gain":0,"player_choice":"Read","damage_taken":0,"max_hp_gain":0,"max_hp_loss":0,"event_name":"The Library","floor":19,"gold_loss":0,"cards_obtained":["Footwork"]},{"damage_healed":0,"gold_gain":0,"player_choice":"Inject Mutagens","damage_taken":0,"relics_obtained":["MutagenicStrength"],"max_hp_gain":0,"max_hp_loss":0,"event_name":"Drug Dealer","floor":24,"gold_loss":0},{"damage_healed":0,"gold_gain":0,"player_choice":"Fought Bandits","damage_taken":0,"max_hp_gain":0,"max_hp_loss":0,"event_name":"Masked Bandits","floor":31,"gold_loss":0},{"damage_healed":0,"gold_gain":222,"player_choice":"Wore Mask","damage_taken":0,"max_hp_gain":0,"max_hp_loss":0,"event_name":"Tomb of Lord Red Mask","floor":36,"gold_loss":0},{"damage_healed":0,"gold_gain":0,"player_choice":"Memory 3","damage_taken":10,"max_hp_gain":0,"max_hp_loss":0,"event_name":"SensoryStone","floor":37,"gold_loss":0}],"is_beta":false,"boss_relics":[{"not_picked":["Velvet Choker","White Beast Statue"],"picked":"Astrolabe"},{"not_picked":["Snecko Eye","Fusion Hammer"],"picked":"Ring of the Serpent"}],"items_purged_floors":[21,39,46,48],"is_endless":false,"potions_floor_spawned":[2,6,11,16,20,25,31,35,45],"ascension_level":0}