{"gold_per_floor":[127,150,179,191,203,254,266,312,347,359,390,421,358,373,373,373],"floor_reached":16,"playtime":393,"items_purged":["Defend_R"],"score":112,"play_id":"29a46eb2-db82-42f9-bee0-d91ecd350956","local_time":"20190318234932","is_ascension_mode":false,"campfire_choices":[{"floor":7,"key":"REST"},{"floor":15,"key":"REST"}],"neow_cost":"NONE","seed_source_timestamp":439753013270181,"circlet_count":0,"master_deck":["Strike_R+1","Strike_R","Strike_R","Strike_R","Strike_R+1","Defend_R","Defend_R","Bash","Cleave","Uppercut","Pommel Strike","Metallicize","Corruption","Combust","Metallicize","Uppercut","Dual Wield"],"relics":["Burning Blood","MawBank","Golden Idol","Whetstone","Ancient Tea Set","Happy Flower"],"potions_floor_usage":[],"damage_taken":[{"damage":11,"enemies":"Jaw Worm","floor":1,"turns":3},{"damage":2,"enemies":"2 Louse","floor":2,"turns":3},{"damage":1,"enemies":"Cultist","floor":3,"turns":3},{"damage":44,"enemies":"Lagavulin","floor":6,"turns":6},{"damage":26,"enemies":"Gremlin Nob","floor":8,"turns":5},{"damage":5,"enemies":"Red Slaver","floor":11,"turns":3},{"damage":12,"enemies":"Exordium Thugs","floor":12,"turns":4},{"damage":8,"enemies":"2 Fungi Beasts","floor":14,"turns":2},{"damage":0,"enemies":"The Guardian","floor":16,"turns":1}],"seed_played":"10566421044742089","potions_obtained":[{"floor":6,"key":"Swift Potion"},{"floor":8,"key":"Regen Potion"},{"floor":11,"key":"LiquidBronze"},{"floor":14,"key":"SteroidPotion"}],"is_trial":false,"path_per_floor":["M","M","M","?","?","E","R","E","T","?","M","M","$","M","R","B"],"character_chosen":"IRONCLAD","items_purchased":[],"campfire_rested":2,"item_purchase_floors":[],"current_hp_per_floor":[75,79,80,60,60,22,46,26,26,26,27,21,21,19,43,43],"gold":373,"neow_bonus":"RANDOM_COMMON_RELIC","is_prod":false,"is_daily":false,"chose_seed":true,"campfire_upgraded":0,"win_rate":0,"timestamp":1552920572,"path_taken":["M","M","M","?","?","E","R","E","T","?","M","?","?","M","R","BOSS"],"build_version":"2019-01-23","purchased_purges":1,"victory":false,"max_hp_per_floor":[80,80,80,80,80,80,80,80,80,80,80,80,80,80,80,80],"card_choices":[{"not_picked":["Wild Strike","Dropkick"],"picked":"Cleave","floor":1},{"not_picked":["Power Through","Heavy Blade"],"picked":"Uppercut","floor":2},{"not_picked":["Wild Strike","Shockwave"],"picked":"Pommel Strike","floor":3},{"not_picked":["True Grit","Disarm"],"picked":"Metallicize","floor":6},{"not_picked":["Seeing Red","Uppercut"],"picked":"Corruption","floor":8},{"not_picked":["Combust","True Grit"],"picked":"Metallicize","floor":11},{"not_picked":["Body Slam","Flex"],"picked":"Uppercut","floor":12},{"not_picked":["Havoc","True Grit"],"picked":"Dual Wield","floor":14}],"player_experience":311886,"relics_obtained":[{"floor":6,"key":"Whetstone"},{"floor":8,"key":"Ancient Tea Set"},{"floor":9,"key":"Happy Flower"}],"event_choices":[{"damage_healed":0,"gold_gain":0,"player_choice":"Take Damage","damage_taken":20,"relics_obtained":["Golden Idol"],"max_hp_gain":0,"max_hp_loss":0,"event_name":"Golden Idol","floor":4,"gold_loss":0},{"damage_healed":0,"gold_gain":0,"player_choice":"Ignored","damage_taken":0,"max_hp_gain":0,"max_hp_loss":0,"event_name":"Liars Game","floor":5,"gold_loss":0},{"damage_healed":0,"gold_gain":0,"cards_transformed":["Defend_R"],"player_choice":"Transformed","damage_taken":0,"max_hp_gain":0,"max_hp_loss":0,"event_name":"Transmorgrifier","floor":10,"gold_loss":0,"cards_obtained":["Combust"]}],"is_beta":false,"boss_relics":[],"items_purged_floors":[13],"is_endless":false,"potions_floor_spawned":[6,8,11,14],"killed_by":"The Guardian","ascension_level":0}