{"gold_per_floor":[211,32,32,55,55,55,90,109,165,179,193,193,211,286,286,417,417,430,448,21,37,37,37,58,82,129,150,170,170,191,191,191,293,293,311,411,463,388,388,388,416,264,264,284,114,0,16,42,42,42,42,42,42,71,71],"floor_reached":55,"playtime":2199,"items_purged":["Pain","Writhe"],"score":804,"play_id":"4f77f9a5-d8c9-4b50-a1f1-43b9d7b498d2","local_time":"20190522010321","is_ascension_mode":false,"campfire_choices":[{"data":"Darkness","floor":6.0,"key":"SMITH"},{"data":"Consume","floor":12.0,"key":"SMITH"},{"floor":15.0,"key":"REST"},{"data":"Defragment","floor":23.0,"key":"SMITH"},{"data":"Dualcast","floor":29.0,"key":"SMITH"},{"floor":32.0,"key":"REST"},{"data":"Fission","floor":40.0,"key":"SMITH"},{"floor":49.0,"key":"RECALL"},{"data":"Panacea","floor":52.0,"key":"SMITH"}],"neow_cost":"NONE","seed_source_timestamp":288903231882338,"circlet_count":0,"master_deck":["Zap","Dualcast+1","Conserve Battery","Doom and Gloom","Darkness+1","Loop","Consume+1","Chill","Creative AI","Cold Snap","Capacitor","Multi-Cast","Redo+1","Defragment+1","Defragment+1","Hologram+1","Coolheaded+1","Recycle","Fission+1","Enlightenment","Panacea+1","Redo+1","Self Repair","Defragment","Coolheaded+1","Capacitor"],"special_seed":0,"relics":["Cracked Core","Bloody Idol","Bag of Preparation","Tiny Chest","Pandora\u0027s Box","DataDisk","Chemical X","Cursed Key","WingedGreaves","Blood Vial","Lantern","Bronze Scales","Potion Belt","Red Mask","Dream Catcher","Nunchaku"],"potions_floor_usage":[54,55],"damage_taken":[{"damage":0.0,"enemies":"2 Louse","floor":1.0,"turns":1.0},{"damage":4.0,"enemies":"Jaw Worm","floor":4.0,"turns":3.0},{"damage":8.0,"enemies":"Lagavulin","floor":7.0,"turns":5.0},{"damage":0.0,"enemies":"Cultist","floor":8.0,"turns":2.0},{"damage":16.0,"enemies":"Gremlin Gang","floor":10.0,"turns":2.0},{"damage":0.0,"enemies":"Large Slime","floor":11.0,"turns":5.0},{"damage":3.0,"enemies":"Looter","floor":13.0,"turns":3.0},{"damage":35.0,"enemies":"The Guardian","floor":16.0,"turns":11.0},{"damage":22.0,"enemies":"2 Thieves","floor":18.0,"turns":4.0},{"damage":3.0,"enemies":"3 Byrds","floor":19.0,"turns":4.0},{"damage":6.0,"enemies":"Snecko","floor":21.0,"turns":4.0},{"damage":8.0,"enemies":"Shelled Parasite and Fungi","floor":24.0,"turns":4.0},{"damage":0.0,"enemies":"Snake Plant","floor":25.0,"turns":2.0},{"damage":5.0,"enemies":"Cultist and Chosen","floor":27.0,"turns":7.0},{"damage":0.0,"enemies":"Chosen and Byrds","floor":28.0,"turns":6.0},{"damage":5.0,"enemies":"Shelled Parasite and Fungi","floor":30.0,"turns":6.0},{"damage":0.0,"enemies":"Collector","floor":33.0,"turns":5.0},{"damage":10.0,"enemies":"Orb Walker","floor":35.0,"turns":4.0},{"damage":0.0,"enemies":"Mind Bloom Boss Battle","floor":36.0,"turns":6.0},{"damage":1.0,"enemies":"Nemesis","floor":41.0,"turns":7.0},{"damage":10.0,"enemies":"3 Darklings","floor":44.0,"turns":6.0},{"damage":17.0,"enemies":"Jaw Worm Horde","floor":47.0,"turns":5.0},{"damage":0.0,"enemies":"Giant Head","floor":48.0,"turns":8.0},{"damage":14.0,"enemies":"Time Eater","floor":50.0,"turns":14.0},{"damage":53,"enemies":"Shield and Spear","floor":54,"turns":6},{"damage":53,"enemies":"The Heart","floor":55,"turns":3}],"seed_played":"1138569130702182636","potions_obtained":[{"floor":7.0,"key":"PowerPotion"},{"floor":8.0,"key":"Ancient Potion"},{"floor":10.0,"key":"SteroidPotion"},{"floor":11.0,"key":"Dexterity Potion"},{"floor":13.0,"key":"FearPotion"},{"floor":16.0,"key":"Strength Potion"},{"floor":18.0,"key":"Explosive Potion"},{"floor":25.0,"key":"PowerPotion"},{"floor":33.0,"key":"Block Potion"},{"floor":44.0,"key":"SpeedPotion"},{"floor":47.0,"key":"Dexterity Potion"},{"floor":48.0,"key":"Regen Potion"}],"is_trial":false,"path_per_floor":["M","$","?","M","?","R","E","M","T","M","M","R","M","?","R","B",null,"M","M","$","M","?","R","M","M","T","M","M","R","M","?","R","B",null,"M","?","T","$","?","R","E","$","T","M","$","?","M","E","R","B",null,"R","$","E","B"],"character_chosen":"DEFECT","items_purchased":["Doom and Gloom","Darkness","Loop","DataDisk","Defragment","Chemical X","Bronze Scales","Defragment"],"campfire_rested":2,"item_purchase_floors":[2,2,2,20,20,20,42,45],"current_hp_per_floor":[75,75,57,53,53,53,45,45,45,29,29,29,26,15,37,2,75,53,50,50,44,44,44,36,36,36,31,31,31,26,26,48,53,75,70,75,75,75,65,65,71,71,71,68,68,68,65,75,75,61,75,75,75,39,0],"gold":71,"neow_bonus":"HUNDRED_GOLD","is_prod":false,"is_daily":false,"chose_seed":false,"campfire_upgraded":6,"win_rate":0,"timestamp":1558454601,"path_taken":["M","$","?","M","?","R","E","M","T","M","?","R","?","?","R","BOSS","M","M","$","M","?","R","M","M","T","M","M","R","M","?","R","BOSS","M","?","?","$","?","R","E","?","T","?","$","?","M","E","R","BOSS","R","$","E","BOSS"],"build_version":"2019-01-23","purchased_purges":2,"victory":false,"max_hp_per_floor":[75,75,75,75,75,75,75,75,75,75,75,75,75,75,75,75,75,75,75,75,75,75,75,75,75,75,75,75,75,75,75,75,75,75,75,75,75,75,75,75,75,75,75,75,75,75,75,75,75,75,75,75,75,75,75],"card_choices":[{"not_picked":["Gash","Beam Cell"],"picked":"Conserve Battery","floor":1.0},{"not_picked":["Beam Cell","Blizzard"],"picked":"Consume","floor":4.0},{"not_picked":["Skim","Turbo"],"picked":"Chill","floor":7.0},{"not_picked":["Streamline","Conserve Battery"],"picked":"Creative AI","floor":8.0},{"not_picked":["Sweeping Beam","Barrage"],"picked":"Cold Snap","floor":10.0},{"not_picked":["Compile Driver","Hologram"],"picked":"Capacitor","floor":11.0},{"not_picked":["Cold Snap","Beam Cell","Rebound"],"picked":"SKIP","floor":13.0},{"not_picked":["Hyperbeam","Machine Learning"],"picked":"Multi-Cast","floor":16.0},{"not_picked":["Lockon","Scrape"],"picked":"Redo+1","floor":18.0},{"not_picked":["Glacier+1","Double Energy"],"picked":"Defragment+1","floor":19.0},{"not_picked":["Force Field","Storm","Redo"],"picked":"SKIP","floor":21.0},{"not_picked":["Scrape","Turbo"],"picked":"Hologram+1","floor":24.0},{"not_picked":["Sweeping Beam","Buffer"],"picked":"Coolheaded+1","floor":25.0},{"not_picked":["Streamline","Coolheaded"],"picked":"Recycle","floor":27.0},{"not_picked":["Lockon","BootSequence","Turbo"],"picked":"SKIP","floor":28.0},{"not_picked":["Rebound","Stack","BootSequence+1"],"picked":"SKIP","floor":30.0},{"not_picked":["Electrodynamics","Hyperbeam"],"picked":"Fission","floor":33.0},{"not_picked":["Storm","Compile Driver+1","Leap+1"],"picked":"SKIP","floor":35.0},{"not_picked":["Dramatic Entrance","Blind"],"picked":"Enlightenment","floor":39.0},{"not_picked":["Good Instincts","Bandage Up"],"picked":"Panacea","floor":39.0},{"not_picked":["Consume","Conserve Battery"],"picked":"Redo+1","floor":41.0},{"not_picked":["Redo","Barrage"],"picked":"Self Repair","floor":44.0},{"not_picked":["Leap+1","Sweeping Beam"],"picked":"Coolheaded+1","floor":47.0},{"not_picked":["Thunder Strike","Ball Lightning+1"],"picked":"Capacitor","floor":48.0},{"not_picked":["Stack","Barrage","Hologram"],"picked":"SKIP","floor":54}],"player_experience":445703,"relics_obtained":[{"floor":7.0,"key":"Bag of Preparation"},{"floor":9.0,"key":"Tiny Chest"},{"floor":36.0,"key":"WingedGreaves"},{"floor":37.0,"key":"Blood Vial"},{"floor":41.0,"key":"Lantern"},{"floor":43.0,"key":"Potion Belt"},{"floor":48.0,"key":"Dream Catcher"},{"floor":54,"key":"Nunchaku"}],"event_choices":[{"damage_healed":0.0,"max_hp_gain":0.0,"max_hp_loss":0.0,"gold_gain":0.0,"event_name":"Golden Idol","player_choice":"Take Damage","floor":3.0,"gold_loss":0.0,"damage_taken":18.0,"relics_obtained":["Golden Idol"]},{"cards_removed":["Strike_B"],"damage_healed":0.0,"max_hp_gain":0.0,"max_hp_loss":0.0,"gold_gain":0.0,"event_name":"Purifier","player_choice":"Purged","floor":5.0,"gold_loss":0.0,"damage_taken":0.0},{"damage_healed":0.0,"max_hp_gain":0.0,"max_hp_loss":0.0,"gold_gain":75.0,"event_name":"World of Goop","player_choice":"Gather Gold","floor":14.0,"gold_loss":0.0,"damage_taken":11.0},{"damage_healed":0.0,"max_hp_gain":0.0,"max_hp_loss":0.0,"gold_gain":0.0,"event_name":"Beggar","player_choice":"Ignored","floor":22.0,"gold_loss":0.0,"damage_taken":0.0},{"damage_healed":0.0,"max_hp_gain":0.0,"max_hp_loss":0.0,"gold_gain":0.0,"event_name":"Forgotten Altar","player_choice":"Gave Idol","floor":31.0,"relics_lost":["Golden Idol"],"gold_loss":0.0,"damage_taken":0.0,"relics_obtained":["Bloody Idol"]},{"damage_healed":0.0,"max_hp_gain":0.0,"max_hp_loss":0.0,"gold_gain":0.0,"event_name":"MindBloom","player_choice":"Fight","floor":36.0,"gold_loss":0.0,"damage_taken":0.0},{"damage_healed":0.0,"max_hp_gain":0.0,"max_hp_loss":0.0,"gold_gain":0.0,"event_name":"SensoryStone","player_choice":"Memory 3","floor":39.0,"gold_loss":0.0,"damage_taken":10.0},{"damage_healed":0.0,"max_hp_gain":0.0,"max_hp_loss":0.0,"gold_gain":0.0,"event_name":"Tomb of Lord Red Mask","player_choice":"Paid","floor":46.0,"gold_loss":114.0,"damage_taken":0.0,"relics_obtained":["Red Mask"]}],"is_beta":false,"boss_relics":[{"not_picked":["Nuclear Battery","energizedSpire:DeadBattery"],"picked":"Pandora\u0027s Box"},{"not_picked":["Astrolabe","energizedSpire:HugeHouse"],"picked":"Cursed Key"}],"items_purged_floors":[38,45],"is_endless":false,"potions_floor_spawned":[7,8,10,11,13,16,18,19,25,27,33,44,47,48],"killed_by":"The Heart","ascension_level":0}