{"gold_per_floor":[118,132,109,109,109,134,148,167,167,167,19,33,49,69,69,69],"floor_reached":16,"playtime":1124,"items_purged":["Strike_B"],"score":200,"play_id":"5381d130-b8a8-4719-8a49-1c5ba6165e26","local_time":"20190511141414","is_ascension_mode":true,"campfire_choices":[{"floor":10,"key":"REST"},{"data":"Fission","floor":15,"key":"SMITH"}],"neow_cost":"NONE","seed_source_timestamp":490994029698801,"circlet_count":0,"master_deck":["AscendersBane","Strike_B","Strike_B","Defend_B","Defend_B","Defend_B","Defend_B","Zap","Dualcast","Glacier","Sweeping Beam","Fission+1","White Noise","Self Repair","Reinforced Body"],"relics":["Cracked Core","NeowsBlessing","Meat on the Bone","Dodecahedron","Mummified Hand"],"potions_floor_usage":[16],"damage_taken":[{"damage":0,"enemies":"Small Slimes","floor":1,"turns":1},{"damage":0,"enemies":"Jaw Worm","floor":2,"turns":1},{"damage":0,"enemies":"3 Sentries","floor":6,"turns":1},{"damage":10,"enemies":"2 Louse","floor":7,"turns":4},{"damage":10,"enemies":"Lots of Slimes","floor":8,"turns":3},{"damage":12,"enemies":"Exordium Thugs","floor":12,"turns":4},{"damage":8,"enemies":"Large Slime","floor":13,"turns":9},{"damage":3,"enemies":"2 Fungi Beasts","floor":14,"turns":4},{"damage":62,"enemies":"Hexaghost","floor":16,"turns":16}],"seed_played":"8570145315895261396","potions_obtained":[{"floor":2,"key":"SpeedPotion"},{"floor":7,"key":"LiquidBronze"},{"floor":8,"key":"Swift Potion"},{"floor":14,"key":"Poison Potion"}],"is_trial":false,"path_per_floor":["M","M","?","?","?","E","M","M","T","R","$","M","M","M","R","B"],"character_chosen":"DEFECT","items_purchased":["White Noise"],"campfire_rested":1,"item_purchase_floors":[11],"current_hp_per_floor":[68,68,68,61,54,54,44,46,46,68,68,56,55,59,59,0],"gold":69,"neow_bonus":"THREE_ENEMY_KILL","is_prod":false,"is_daily":false,"chose_seed":false,"campfire_upgraded":1,"win_rate":0,"timestamp":1557609254,"path_taken":["M","M","?","?","?","E","M","?","T","R","$","M","M","M","R","BOSS"],"build_version":"2019-01-23","purchased_purges":1,"victory":false,"max_hp_per_floor":[75,75,75,75,75,75,75,75,75,75,75,75,75,75,75,75],"card_choices":[{"not_picked":["Beam Cell","Ball Lightning","Fusion"],"picked":"SKIP","floor":1},{"not_picked":["Chaos","Cold Snap"],"picked":"Glacier","floor":2},{"not_picked":["Auto Shields","Stack","Compile Driver"],"picked":"SKIP","floor":6},{"not_picked":["Rebound","Coolheaded"],"picked":"Sweeping Beam","floor":7},{"not_picked":["Ball Lightning","Rip and Tear"],"picked":"Fission","floor":8},{"not_picked":["Streamline","Cold Snap"],"picked":"Self Repair","floor":12},{"not_picked":["Beam Cell","Defragment","Rebound"],"picked":"SKIP","floor":13},{"not_picked":["Stack","Redo"],"picked":"Reinforced Body","floor":14}],"player_experience":458735,"relics_obtained":[{"floor":6,"key":"Dodecahedron"},{"floor":9,"key":"Mummified Hand"}],"event_choices":[{"damage_healed":0,"gold_gain":0,"player_choice":"Left Gold","damage_taken":0,"max_hp_gain":0,"max_hp_loss":0,"event_name":"World of Goop","floor":3,"gold_loss":23},{"cards_removed":["Strike_B"],"damage_healed":0,"gold_gain":0,"player_choice":"Card Removal","damage_taken":7,"max_hp_gain":0,"max_hp_loss":0,"event_name":"Golden Wing","floor":4,"gold_loss":0},{"damage_healed":0,"gold_gain":0,"player_choice":"Success","damage_taken":7,"relics_obtained":["Meat on the Bone"],"max_hp_gain":0,"max_hp_loss":0,"event_name":"Scrap Ooze","floor":5,"gold_loss":0}],"is_beta":false,"boss_relics":[],"items_purged_floors":[11],"is_endless":false,"potions_floor_spawned":[2,7,8,14],"killed_by":"Hexaghost","ascension_level":11}