{"gold_per_floor":[112,387,397,407,419,446,140,171,194,221,237,248,248,259,259,363,363,379,395,410,428,428,460,460,485,485,485,499,499,514,529,529,625,625,644,380,399,410,101,131,145,145,145,145,145,145,145,171,171,171],"floor_reached":51,"playtime":3467,"items_purged":["Regret","Defend_B"],"score":821,"play_id":"d7569910-8d11-4f2d-ae84-49571c026667","local_time":"20190524021225","is_ascension_mode":false,"campfire_choices":[{"data":"Cold Snap","floor":13.0,"key":"SMITH"},{"floor":15.0,"key":"REST"},{"floor":24,"key":"REST"},{"data":"Cold Snap","floor":27,"key":"SMITH"},{"floor":29,"key":"REST"},{"floor":32,"key":"REST"},{"floor":42,"key":"REST"},{"data":"Chill","floor":44,"key":"SMITH"},{"data":"Conserve Battery","floor":47,"key":"SMITH"},{"floor":49,"key":"REST"}],"neow_cost":"NONE","seed_source_timestamp":203596675961800,"circlet_count":0,"master_deck":["Strike_B","Strike_B","Strike_B","Strike_B","Defend_B","Defend_B","Defend_B","Zap","Dualcast","Streamline","Turbo+1","Chill+1","Sweeping Beam","Hello World","Machine Learning","Coolheaded","Defragment","Glacier+1","Cold Snap+1","Conserve Battery+1","Cold Snap+1","Coolheaded+1","Redo+1","Cold Snap+1","Sunder","Sweeping Beam+1","Blizzard+1","Sweeping Beam+1","Buffer+1","Panache+1","Auto Shields","Defragment+1","FTL+1","Sweeping Beam+1","Cold Snap+1","Cold Snap+1"],"special_seed":0,"relics":["Cracked Core","Vajra","PreservedInsect","Strawberry","Omamori","Dream Catcher","Inserter","Frozen Egg 2","War Paint","Regal Pillow","Philosopher\u0027s Stone","Mercury Hourglass","Dodecahedron","Bottled Tornado","Gremlin Horn"],"potions_floor_usage":[25,50,50],"damage_taken":[{"damage":0.0,"enemies":"2 Louse","floor":1.0,"turns":3.0},{"damage":3.0,"enemies":"Cultist","floor":3.0,"turns":4.0},{"damage":3.0,"enemies":"Jaw Worm","floor":4.0,"turns":3.0},{"damage":13.0,"enemies":"2 Fungi Beasts","floor":5.0,"turns":4.0},{"damage":14.0,"enemies":"3 Sentries","floor":6.0,"turns":8.0},{"damage":24.0,"enemies":"Gremlin Nob","floor":8.0,"turns":4.0},{"damage":4.0,"enemies":"3 Sentries","floor":10.0,"turns":5.0},{"damage":2.0,"enemies":"Lots of Slimes","floor":11.0,"turns":5.0},{"damage":2.0,"enemies":"Red Slaver","floor":12.0,"turns":4.0},{"damage":2.0,"enemies":"Large Slime","floor":14.0,"turns":6.0},{"damage":11,"enemies":"Slime Boss","floor":16,"turns":11},{"damage":3,"enemies":"Shell Parasite","floor":18,"turns":7},{"damage":5,"enemies":"Chosen","floor":19,"turns":6},{"damage":17,"enemies":"Centurion and Healer","floor":20,"turns":10},{"damage":12,"enemies":"Snecko","floor":21,"turns":7},{"damage":29,"enemies":"Book of Stabbing","floor":23,"turns":7},{"damage":29,"enemies":"Slavers","floor":25,"turns":7},{"damage":18,"enemies":"Cultist and Chosen","floor":28,"turns":7},{"damage":18,"enemies":"Snake Plant","floor":30,"turns":5},{"damage":6,"enemies":"Shelled Parasite and Fungi","floor":31,"turns":5},{"damage":36,"enemies":"Collector","floor":33,"turns":15},{"damage":20,"enemies":"3 Darklings","floor":35,"turns":5},{"damage":15,"enemies":"Orb Walker","floor":37,"turns":4},{"damage":8,"enemies":"3 Darklings","floor":38,"turns":3},{"damage":14,"enemies":"Reptomancer","floor":40,"turns":6},{"damage":21,"enemies":"Sphere and 2 Shapes","floor":41,"turns":6},{"damage":26,"enemies":"Nemesis","floor":48,"turns":5},{"damage":13,"enemies":"Time Eater","floor":50,"turns":13}],"seed_played":"-7850381384046208085","potions_obtained":[{"floor":4.0,"key":"Fire Potion"},{"floor":5.0,"key":"Block Potion"},{"floor":8.0,"key":"Dexterity Potion"},{"floor":16,"key":"Regen Potion"},{"floor":25,"key":"Weak Potion"},{"floor":28,"key":"Explosive Potion"},{"floor":30,"key":"FocusPotion"}],"is_trial":false,"path_per_floor":["M","?","M","M","M","E","$","E","T","E","M","M","R","M","R","B",null,"M","M","M","M","?","E","R","E","T","R","M","R","M","M","R","B",null,"M","$","M","M","$","E","M","R","T","R","?","?","R","E","R","B",null],"character_chosen":"DEFECT","items_purchased":["PreservedInsect","Machine Learning","Panache+1","Mercury Hourglass","Defragment+1"],"campfire_rested":6,"item_purchase_floors":[7,7,36,39,39],"current_hp_per_floor":[82,82,79,76,63,49,49,32,32,28,26,24,24,22,48,37,89,86,81,64,52,52,23,49,35,35,35,17,58,40,34,75,39,89,69,69,54,46,46,32,11,52,52,52,89,89,89,63,89,76],"gold":171,"neow_bonus":"TEN_PERCENT_HP_BONUS","is_prod":false,"is_daily":false,"chose_seed":false,"campfire_upgraded":4,"win_rate":0.0,"timestamp":1558689145,"path_taken":["M","?","M","M","M","E","$","E","T","E","M","?","R","M","R","BOSS","M","M","M","M","?","E","R","E","T","R","M","R","M","M","R","BOSS","M","$","M","M","?","E","M","R","T","R","?","?","R","E","R","BOSS"],"build_version":"2019-01-23","purchased_purges":2,"victory":true,"max_hp_per_floor":[82,82,82,82,82,82,82,89,89,89,89,89,89,89,89,89,89,89,89,89,89,89,89,89,89,89,89,89,89,89,89,89,89,89,89,89,89,89,89,89,89,89,89,89,89,89,89,89,89,89],"card_choices":[{"not_picked":["Compile Driver","Coolheaded"],"picked":"Streamline","floor":1.0},{"not_picked":["Compile Driver","Rebound"],"picked":"Turbo","floor":3.0},{"not_picked":["Go for the Eyes","Gash"],"picked":"Chill","floor":4.0},{"not_picked":["Conserve Battery","Turbo"],"picked":"Sweeping Beam","floor":5.0},{"not_picked":["Double Energy","Genetic Algorithm"],"picked":"Hello World","floor":6.0},{"not_picked":["Leap","Beam Cell"],"picked":"Coolheaded","floor":8.0},{"not_picked":["Amplify","White Noise"],"picked":"Defragment","floor":10.0},{"not_picked":["Rebound","Chill"],"picked":"Glacier","floor":11.0},{"not_picked":["Streamline","Rip and Tear"],"picked":"Cold Snap","floor":12.0},{"not_picked":["Gash","Coolheaded","Ball Lightning"],"picked":"SKIP","floor":14.0},{"not_picked":["Scrape","Sweeping Beam"],"picked":"Conserve Battery","floor":18},{"not_picked":["Doom and Gloom","Coolheaded"],"picked":"Cold Snap","floor":19},{"not_picked":["Rebound","Static Discharge"],"picked":"Coolheaded+1","floor":20},{"not_picked":["Coolheaded+1","Gash"],"picked":"Redo+1","floor":21},{"not_picked":["Compile Driver","Streamline"],"picked":"Sunder","floor":23},{"not_picked":["Force Field","Double Energy"],"picked":"Sweeping Beam+1","floor":25},{"not_picked":["Sunder","Hello World+1","Barrage"],"picked":"SKIP","floor":28},{"not_picked":["Rebound+1","Defragment+1"],"picked":"Blizzard+1","floor":29},{"not_picked":["Steam","Cold Snap","Turbo"],"picked":"SKIP","floor":30},{"not_picked":["Beam Cell+1","Stack"],"picked":"Sweeping Beam+1","floor":31},{"not_picked":["All For One","Fission"],"picked":"Buffer+1","floor":33},{"not_picked":["Consume","Barrage","Cold Snap"],"picked":"SKIP","floor":35},{"not_picked":["Ball Lightning","Aggregate"],"picked":"Auto Shields","floor":37},{"not_picked":["Glacier","Hello World+1","Beam Cell+1"],"picked":"SKIP","floor":38},{"not_picked":["Reinforced Body+1","Steam"],"picked":"FTL+1","floor":40},{"not_picked":["Darkness+1","Leap"],"picked":"Sweeping Beam+1","floor":41},{"not_picked":["Steam Power","Coolheaded+1"],"picked":"Cold Snap+1","floor":48},{"not_picked":["BootSequence+1","Consume"],"picked":"Cold Snap+1","floor":49}],"player_experience":50979,"relics_obtained":[{"floor":6.0,"key":"Vajra"},{"floor":8.0,"key":"Strawberry"},{"floor":9.0,"key":"Omamori"},{"floor":10.0,"key":"Dream Catcher"},{"floor":23,"key":"Frozen Egg 2"},{"floor":25,"key":"War Paint"},{"floor":26,"key":"Regal Pillow"},{"floor":40,"key":"Dodecahedron"},{"floor":43,"key":"Bottled Tornado"},{"floor":48,"key":"Gremlin Horn"}],"event_choices":[{"damage_healed":0.0,"max_hp_gain":0.0,"max_hp_loss":0.0,"gold_gain":275.0,"event_name":"Golden Shrine","player_choice":"Desecrate","floor":2.0,"gold_loss":0.0,"damage_taken":0.0,"cards_obtained":["Regret"]},{"damage_healed":0,"gold_gain":0,"player_choice":"Copied","damage_taken":0,"max_hp_gain":0,"max_hp_loss":0,"event_name":"Duplicator","floor":22,"gold_loss":0,"cards_obtained":["Cold Snap"]},{"damage_healed":37,"gold_gain":0,"player_choice":"Heal","damage_taken":0,"max_hp_gain":0,"max_hp_loss":0,"event_name":"MindBloom","floor":45,"gold_loss":0,"cards_obtained":["Doubt"]},{"damage_healed":22,"gold_gain":0,"player_choice":"Writhe","damage_taken":0,"max_hp_gain":0,"max_hp_loss":0,"event_name":"Winding Halls","floor":46,"gold_loss":0,"cards_obtained":["Writhe"]}],"is_beta":false,"boss_relics":[{"not_picked":["Eternal Feather","Black Star"],"picked":"Inserter"},{"not_picked":["Runic Dome","Orrery"],"picked":"Philosopher\u0027s Stone"}],"items_purged_floors":[7,36],"is_endless":false,"potions_floor_spawned":[4,5,8,10,16,21,25,28,30,37,38],"ascension_level":0}