{"gold_per_floor":[116,134,146,146,146,146,156,166,166,166,182,182,182,357,357,458,458,477,527,527,545,213,213,213,213,213,213],"floor_reached":27,"playtime":695,"items_purged":["Regret"],"score":300,"play_id":"81b899c2-b39c-48ed-9a04-495335d43125","local_time":"20180729213051","daily_mods":["Diverse"],"is_ascension_mode":false,"campfire_choices":[{"data":"Bash","floor":6,"key":"SMITH"},{"data":"Dash","floor":10,"key":"SMITH"},{"data":"Go for the Eyes","floor":12,"key":"SMITH"},{"data":"Iron Wave","floor":15,"key":"SMITH"},{"data":"Bludgeon","floor":23,"key":"SMITH"}],"neow_cost":"","seed_source_timestamp":0,"circlet_count":0,"master_deck":["Strike_R","Strike_R","Strike_R","Strike_R","Strike_R","Defend_R","Defend_R","Defend_R","Defend_R","Bash+1","Dash+1","Ball Lightning","Backflip","Go for the Eyes+1","Escape Plan","Iron Wave+1","Bludgeon+1","Auto Shields"],"relics":["Burning Blood","Paper Frog","Kunai","Eternal Feather","Red Skull","Bottled Flame","Spirit Poop","FaceOfCleric","Anchor"],"potions_floor_usage":[16,21],"damage_taken":[{"damage":5,"enemies":"Cultist","floor":1,"turns":4},{"damage":0,"enemies":"Small Slimes","floor":2,"turns":4},{"damage":7,"enemies":"2 Louse","floor":3,"turns":3},{"damage":8,"enemies":"2 Fungi Beasts","floor":7,"turns":4},{"damage":4,"enemies":"Blue Slaver","floor":8,"turns":4},{"damage":2,"enemies":"Looter","floor":11,"turns":3},{"damage":40,"enemies":"Hexaghost","floor":16,"turns":10},{"damage":19,"enemies":"3 Byrds","floor":18,"turns":7},{"damage":28,"enemies":"Spheric Guardian","floor":21,"turns":5},{"damage":59,"enemies":"Gremlin Leader","floor":27,"turns":8}],"seed_played":"-4006550357201135299","potions_obtained":[{"floor":2,"key":"Energy Potion"},{"floor":11,"key":"Fire Potion"},{"floor":18,"key":"FearPotion"}],"is_trial":true,"path_per_floor":["M","M","M","?","?","R","M","M","T","R","M","R","?","?","R","B",null,"M","?","T","M","$","R","?","?","T"],"character_chosen":"IRONCLAD","items_purchased":["Bottled Flame"],"campfire_rested":0,"item_purchase_floors":[22],"current_hp_per_floor":[80,80,79,79,79,79,77,79,79,79,80,80,72,72,72,38,80,67,67,67,45,45,54,54,54,54,0],"gold":213,"neow_bonus":"","is_prod":false,"is_daily":false,"chose_seed":false,"campfire_upgraded":5,"win_rate":0,"timestamp":1532892651,"path_taken":["M","M","?","?","?","R","M","?","T","R","M","R","?","?","R","BOSS","M","?","?","M","$","R","?","?","T","E"],"build_version":"2018-07-26","purchased_purges":1,"victory":false,"max_hp_per_floor":[80,80,80,80,80,80,80,80,80,80,80,80,80,80,80,80,80,80,80,80,80,80,80,80,80,80,80],"card_choices":[{"not_picked":["Deflect","Coolheaded"],"picked":"Dash","floor":1},{"not_picked":["Shrug It Off","Pommel Strike"],"picked":"Ball Lightning","floor":2},{"not_picked":["Riddle With Holes","Blade Dance"],"picked":"Backflip","floor":3},{"not_picked":["Havoc","Double Energy"],"picked":"Go for the Eyes","floor":7},{"not_picked":["Streamline","Calculated Gamble"],"picked":"Escape Plan","floor":8},{"not_picked":["Warcry","Evolve"],"picked":"Iron Wave","floor":11},{"not_picked":["After Image","Tools of the Trade"],"picked":"Bludgeon","floor":16},{"not_picked":["Beam Cell","True Grit"],"picked":"Auto Shields","floor":18},{"not_picked":["Riddle With Holes","Streamline","Flex"],"picked":"SKIP","floor":21}],"player_experience":92850,"relics_obtained":[{"floor":9,"key":"Kunai"},{"floor":20,"key":"Red Skull"},{"floor":26,"key":"Anchor"}],"event_choices":[{"event_name":"Golden Idol","player_choice":"Ignored","floor":4,"damage_taken":0},{"event_name":"Big Fish","player_choice":"Box","floor":5,"damage_taken":0},{"event_name":"Wheel of Change","player_choice":"Damage","floor":13,"damage_taken":0},{"event_name":"Liars Game","player_choice":"agreed","floor":14,"damage_taken":0},{"event_name":"The Joust","player_choice":"Bet on Murderer","floor":19,"damage_taken":0},{"event_name":"Bonfire Elementals","player_choice":"CURSE","floor":24,"damage_taken":0},{"event_name":"FaceTrader","player_choice":"Trade","floor":25,"damage_taken":0}],"is_beta":false,"boss_relics":[{"not_picked":["Lizard Tail","Ectoplasm"],"picked":"Eternal Feather"}],"items_purged_floors":[22],"is_endless":true,"potions_floor_spawned":[2,11,18],"killed_by":"Gremlin Leader","ascension_level":0}