{"gold_per_floor":[117,37,37,37,56,56,83,99,99,99],"floor_reached":10,"playtime":271,"items_purged":[],"score":141,"play_id":"26270f9f-d05a-426c-9913-5a2d08cb4db6","local_time":"20190330010349","daily_mods":["Draft","Heirloom","Flight","DeadlyEvents"],"is_ascension_mode":false,"campfire_choices":[{"data":"Footwork","floor":6,"key":"SMITH"}],"neow_cost":"","seed_source_timestamp":703466869737071,"circlet_count":0,"master_deck":["Flying Knee","Noxious Fumes","Calculated Gamble+1","Dagger Throw","Backflip","Deflect","Escape Plan","Riddle With Holes","PiercingWail","Deflect+1","Deflect","Deadly Poison","Dodge and Roll","Calculated Gamble","Leg Sweep","Concentrate","Footwork+1","Deadly Poison"],"relics":["Ring of the Snake","Incense Burner","Bird Faced Urn","Sundial"],"potions_floor_usage":[],"damage_taken":[{"damage":0,"enemies":"Cultist","floor":1,"turns":4},{"damage":0,"enemies":"2 Louse","floor":5,"turns":1},{"damage":0,"enemies":"Lagavulin","floor":7,"turns":7},{"damage":3,"enemies":"Small Slimes","floor":8,"turns":4},{"damage":0,"enemies":"3 Sentries","floor":10,"turns":1}],"seed_played":"7045702166118124264","potions_obtained":[{"floor":5,"key":"SteroidPotion"}],"is_trial":true,"path_per_floor":["M","$","?","?","M","R","E","M","T","E"],"character_chosen":"THE_SILENT","items_purchased":["Footwork"],"campfire_rested":0,"item_purchase_floors":[2],"current_hp_per_floor":[70,70,56,56,56,56,56,55,55,55],"gold":99,"neow_bonus":"","is_prod":false,"is_daily":false,"chose_seed":false,"campfire_upgraded":1,"win_rate":0,"timestamp":1553875429,"path_taken":["M","?","?","?","?","R","E","?","T","E"],"build_version":"2019-01-23","purchased_purges":0,"victory":false,"max_hp_per_floor":[70,70,70,70,70,70,70,70,70,70],"card_choices":[{"not_picked":["Outmaneuver","Infinite Blades"],"picked":"Flying Knee","floor":0},{"not_picked":["Acrobatics","Quick Slash"],"picked":"Noxious Fumes","floor":0},{"not_picked":["Dodge and Roll","Acrobatics"],"picked":"Calculated Gamble","floor":0},{"not_picked":["PiercingWail","Poisoned Stab"],"picked":"Dagger Throw","floor":0},{"not_picked":["Bane","Underhanded Strike"],"picked":"Backflip","floor":0},{"not_picked":["Expertise","Underhanded Strike"],"picked":"Deflect","floor":0},{"not_picked":["Caltrops","Masterful Stab"],"picked":"Escape Plan","floor":0},{"not_picked":["Flying Knee","Acrobatics"],"picked":"Riddle With Holes","floor":0},{"not_picked":["Riddle With Holes","Bane"],"picked":"PiercingWail","floor":0},{"not_picked":["Backflip","Finisher"],"picked":"Deflect","floor":0},{"not_picked":["Bane","Expertise"],"picked":"Deflect","floor":0},{"not_picked":["Blade Dance","PiercingWail"],"picked":"Deadly Poison","floor":0},{"not_picked":["Deflect","Eviscerate"],"picked":"Dodge and Roll","floor":0},{"not_picked":["Deflect","Well Laid Plans"],"picked":"Calculated Gamble","floor":0},{"not_picked":["Accuracy","Prepared"],"picked":"Leg Sweep","floor":0},{"not_picked":["Cloak And Dagger","Quick Slash"],"picked":"Concentrate","floor":1},{"not_picked":["Skewer","Acrobatics"],"picked":"Deadly Poison","floor":5},{"not_picked":["Malaise","Setup","Flying Knee"],"picked":"SKIP","floor":7},{"not_picked":["Deflect","Calculated Gamble","Slice"],"picked":"SKIP","floor":8}],"player_experience":373583,"relics_obtained":[{"floor":7,"key":"Bird Faced Urn"},{"floor":9,"key":"Sundial"}],"event_choices":[{"damage_healed":0,"gold_gain":0,"player_choice":"Entered Light","damage_taken":14,"max_hp_gain":0,"max_hp_loss":0,"event_name":"Shining Light","floor":3,"gold_loss":0,"cards_upgraded":["Deflect","Calculated Gamble"]},{"damage_healed":0,"gold_gain":0,"player_choice":"Ignored","damage_taken":0,"max_hp_gain":0,"max_hp_loss":0,"event_name":"Liars Game","floor":4,"gold_loss":0}],"is_beta":false,"boss_relics":[],"items_purged_floors":[],"is_endless":true,"potions_floor_spawned":[5],"killed_by":"3 Sentries","ascension_level":0}