{"gold_per_floor":[115,133,133,145,145,176,176,201,279,292,306,306,131,187,187,187],"floor_reached":16,"playtime":595,"items_purged":["Defend_G"],"score":100,"play_id":"702ce26d-c266-4d48-951c-77f3c39e54e8","local_time":"20190321224645","is_ascension_mode":false,"campfire_choices":[{"data":"Footwork","floor":7,"key":"SMITH"},{"data":"Deadly Poison","floor":12,"key":"SMITH"},{"floor":15,"key":"REST"}],"neow_cost":"NONE","seed_source_timestamp":5495190085811,"circlet_count":0,"master_deck":["Defend_G","Defend_G","Defend_G","Defend_G","Strike_G","Strike_G","Strike_G","Strike_G","Survivor","Neutralize","PiercingWail","Footwork+1","Dash+1","Expertise","Deadly Poison+1","Deadly Poison","Deadly Poison","Caltrops","Dodge and Roll"],"relics":["Ring of the Snake","NeowsBlessing","Snake Skull","Odd Mushroom","Question Card","Art of War"],"potions_floor_usage":[6,16,16],"damage_taken":[{"damage":0,"enemies":"Small Slimes","floor":1,"turns":1},{"damage":0,"enemies":"2 Louse","floor":2,"turns":1},{"damage":0,"enemies":"Jaw Worm","floor":4,"turns":1},{"damage":21,"enemies":"Lagavulin","floor":6,"turns":12},{"damage":14,"enemies":"The Mushroom Lair","floor":8,"turns":9},{"damage":0,"enemies":"Blue Slaver","floor":10,"turns":5},{"damage":0,"enemies":"2 Fungi Beasts","floor":11,"turns":4},{"damage":19,"enemies":"Gremlin Nob","floor":14,"turns":5},{"damage":41,"enemies":"Slime Boss","floor":16,"turns":14}],"seed_played":"-969163550005609587","potions_obtained":[{"floor":4,"key":"Poison Potion"},{"floor":6,"key":"Weak Potion"},{"floor":8,"key":"SneckoOil"},{"floor":14,"key":"FairyPotion"}],"is_trial":false,"path_per_floor":["M","M","?","M","?","E","R","?","T","M","M","R","$","?","R","B"],"character_chosen":"THE_SILENT","items_purchased":["Deadly Poison","Caltrops"],"campfire_rested":1,"item_purchase_floors":[13,13],"current_hp_per_floor":[70,70,63,63,63,42,42,28,28,28,28,28,28,9,30,0],"gold":187,"neow_bonus":"THREE_ENEMY_KILL","is_prod":false,"is_daily":false,"chose_seed":false,"campfire_upgraded":2,"win_rate":0,"timestamp":1553176005,"path_taken":["M","M","?","M","?","E","R","?","T","M","?","R","$","?","R","BOSS"],"build_version":"2019-01-23","purchased_purges":1,"victory":false,"max_hp_per_floor":[70,70,70,70,70,70,70,70,70,70,70,70,70,70,70,70],"card_choices":[{"not_picked":["Flying Knee","Slice"],"picked":"PiercingWail","floor":1},{"not_picked":["Sucker Punch","Blur"],"picked":"Footwork","floor":2},{"not_picked":["Backflip","Choke"],"picked":"Dash","floor":4},{"not_picked":["Cloak And Dagger","Quick Slash","Flying Knee"],"picked":"SKIP","floor":6},{"not_picked":["Slice","Flying Knee"],"picked":"Expertise","floor":8},{"not_picked":["Grand Finale","Slice","Dodge and Roll"],"picked":"Deadly Poison","floor":10},{"not_picked":["Bouncing Flask","Backflip","Poisoned Stab"],"picked":"Deadly Poison","floor":11},{"not_picked":["Slice","Cloak And Dagger","Prepared"],"picked":"Dodge and Roll","floor":14}],"player_experience":353385,"relics_obtained":[{"floor":6,"key":"Snake Skull"},{"floor":8,"key":"Odd Mushroom"},{"floor":9,"key":"Question Card"},{"floor":14,"key":"Art of War"}],"event_choices":[{"cards_removed":["Strike_G"],"damage_healed":0,"gold_gain":0,"player_choice":"Card Removal","damage_taken":7,"max_hp_gain":0,"max_hp_loss":0,"event_name":"Golden Wing","floor":3,"gold_loss":0},{"damage_healed":0,"gold_gain":0,"player_choice":"Grow","damage_taken":0,"max_hp_gain":0,"max_hp_loss":0,"event_name":"Living Wall","floor":5,"gold_loss":0,"cards_upgraded":["Dash"]},{"damage_healed":0,"gold_gain":0,"player_choice":"Fought Mushrooms","damage_taken":0,"max_hp_gain":0,"max_hp_loss":0,"event_name":"Mushrooms","floor":8,"gold_loss":0},{"damage_healed":0,"gold_gain":0,"player_choice":"Searched \u00272\u0027 times","damage_taken":0,"max_hp_gain":0,"max_hp_loss":0,"event_name":"Dead Adventurer","floor":14,"gold_loss":0}],"is_beta":false,"boss_relics":[],"items_purged_floors":[13],"is_endless":false,"potions_floor_spawned":[4,6,8,14],"killed_by":"Slime Boss","ascension_level":0}