{"gold_per_floor":[115,115,65,79,79,107,107,32,32,47,81,99,116,133,133,228,228,246,426,437,437,437],"floor_reached":22,"playtime":758,"items_purged":["Defend_B"],"score":221,"play_id":"e15e487b-cc00-49d0-bab2-7aed3bdd0548","local_time":"20190126144132","is_ascension_mode":false,"campfire_choices":[{"data":"Zap","floor":15,"key":"SMITH"}],"neow_cost":"NONE","seed_source_timestamp":410810306637095,"circlet_count":0,"master_deck":["Strike_B","Zap+1","Dualcast","Beam Cell","Coolheaded","Defragment","Skim","Defragment","Conserve Battery","Streamline","Coolheaded","Reboot","Redo+1","Undo+1","Loop+1","Conserve Battery+1","Deep Breath","Leap"],"relics":["Cracked Core","NeowsBlessing","Bag of Marbles","Cables","Calipers","Astrolabe","Enchiridion"],"potions_floor_usage":[16,16],"damage_taken":[{"damage":0,"enemies":"Jaw Worm","floor":1,"turns":1},{"damage":0,"enemies":"Small Slimes","floor":4,"turns":1},{"damage":0,"enemies":"Lagavulin","floor":6,"turns":1},{"damage":0,"enemies":"Cultist","floor":10,"turns":3},{"damage":29,"enemies":"3 Sentries","floor":11,"turns":7},{"damage":3,"enemies":"Large Slime","floor":12,"turns":7},{"damage":4,"enemies":"Red Slaver","floor":13,"turns":3},{"damage":0,"enemies":"Exordium Wildlife","floor":14,"turns":3},{"damage":22,"enemies":"Hexaghost","floor":16,"turns":8},{"damage":21,"enemies":"Shell Parasite","floor":18,"turns":4},{"damage":0,"enemies":"Spheric Guardian","floor":20,"turns":3},{"damage":5,"enemies":"Colosseum Slavers","floor":22,"turns":4},{"damage":7,"enemies":"Colosseum Nobs","floor":22,"turns":1}],"seed_played":"1107886230571295474","potions_obtained":[{"floor":4,"key":"EssenceOfSteel"},{"floor":11,"key":"LiquidBronze"},{"floor":12,"key":"SteroidPotion"},{"floor":13,"key":"SpeedPotion"},{"floor":16,"key":"Strength Potion"},{"floor":20,"key":"LiquidBronze"}],"is_trial":false,"path_per_floor":["M","?","?","M","?","E","?","$","T","M","E","M","M","M","R","B",null,"M","?","M","?","?"],"character_chosen":"DEFECT","items_purchased":[],"campfire_rested":0,"item_purchase_floors":[],"current_hp_per_floor":[75,68,68,68,73,73,73,73,73,73,44,41,37,37,37,15,80,59,27,27,11,0],"gold":437,"neow_bonus":"THREE_ENEMY_KILL","is_prod":false,"is_daily":false,"chose_seed":false,"campfire_upgraded":1,"win_rate":0,"timestamp":1548481292,"path_taken":["M","?","?","M","?","E","?","$","T","?","E","M","M","M","R","BOSS","M","?","?","?","?"],"build_version":"2019-01-23","purchased_purges":1,"victory":false,"max_hp_per_floor":[75,75,75,75,80,80,80,80,80,80,80,80,80,80,80,80,80,80,80,80,80,80],"card_choices":[{"not_picked":["Hologram","Rebound"],"picked":"Beam Cell","floor":1},{"not_picked":["Reinforced Body","Undo"],"picked":"Coolheaded","floor":4},{"not_picked":["Rebound","Compile Driver"],"picked":"Defragment","floor":6},{"not_picked":["Gash","Aggregate"],"picked":"Skim","floor":10},{"not_picked":["Consume","Fission"],"picked":"Defragment","floor":11},{"not_picked":["Rebound","Steam"],"picked":"Conserve Battery","floor":12},{"not_picked":["Gash","Reinforced Body"],"picked":"Streamline","floor":13},{"not_picked":["Cold Snap","Streamline"],"picked":"Coolheaded","floor":14},{"not_picked":["Core Surge","Hyperbeam"],"picked":"Reboot","floor":16},{"not_picked":["Gash+1","Cold Snap"],"picked":"Conserve Battery+1","floor":18},{"not_picked":["Rebound","Cold Snap"],"picked":"Leap","floor":20}],"player_experience":292552,"relics_obtained":[{"floor":6,"key":"Bag of Marbles"},{"floor":9,"key":"Cables"},{"floor":11,"key":"Calipers"},{"floor":21,"key":"Enchiridion"}],"event_choices":[{"cards_removed":["Strike_B"],"damage_healed":0,"gold_gain":0,"player_choice":"Card Removal","damage_taken":7,"max_hp_gain":0,"max_hp_loss":0,"event_name":"Golden Wing","floor":2,"gold_loss":0},{"cards_removed":["Defend_B"],"damage_healed":0,"gold_gain":0,"player_choice":"Card Removal","damage_taken":0,"max_hp_gain":0,"max_hp_loss":0,"event_name":"The Cleric","floor":3,"gold_loss":50},{"damage_healed":0,"gold_gain":0,"player_choice":"Donut","damage_taken":0,"max_hp_gain":5,"max_hp_loss":0,"event_name":"Big Fish","floor":5,"gold_loss":0},{"cards_removed":["Strike_B"],"damage_healed":0,"gold_gain":0,"player_choice":"Offered Basic","damage_taken":0,"max_hp_gain":0,"max_hp_loss":0,"event_name":"Bonfire Elementals","floor":7,"gold_loss":0},{"damage_healed":0,"gold_gain":180,"player_choice":"GOLD CARD GOLD ","damage_taken":32,"max_hp_gain":0,"max_hp_loss":0,"event_name":"Knowing Skull","floor":19,"potions_obtained":[],"gold_loss":0,"cards_obtained":["Deep Breath"]},{"damage_healed":0,"gold_gain":0,"player_choice":"Obtained Book","damage_taken":16,"max_hp_gain":0,"max_hp_loss":0,"event_name":"Cursed Tome","floor":21,"gold_loss":0},{"damage_healed":0,"gold_gain":0,"player_choice":"Fight","damage_taken":0,"max_hp_gain":0,"max_hp_loss":0,"event_name":"Colosseum","floor":22,"gold_loss":0},{"damage_healed":0,"gold_gain":0,"player_choice":"Fought Nobs","damage_taken":0,"max_hp_gain":0,"max_hp_loss":0,"event_name":"Colosseum","floor":22,"gold_loss":0}],"is_beta":false,"boss_relics":[{"not_picked":["Calling Bell","Empty Cage"],"picked":"Astrolabe"}],"items_purged_floors":[8],"is_endless":false,"potions_floor_spawned":[4,11,12,13,16,20,22],"killed_by":"Colosseum Nobs","ascension_level":0}