{"gold_per_floor":[112,131,146,146,163,189,206,233,260,260,291,291,291,306,306,430,430,448,448,448,461,481,519,519,853,853,853,597,616,60,60,60,189,189,209,209,209,118,134,150,150,171,222,257,281,300,300,313,313,313],"floor_reached":51,"playtime":1601,"items_purged":["Entrench"],"score":1113,"play_id":"5bb06a09-95d6-41c7-9bf7-8b29b7c13483","local_time":"20180722005231","daily_mods":["Draft","Heirloom","Time Dilation"],"is_ascension_mode":false,"campfire_choices":[{"data":"Searing Blow","floor":12,"key":"SMITH"},{"data":"Searing Blow+1","floor":15,"key":"SMITH"},{"data":"Demon Form","floor":24,"key":"SMITH"},{"data":"Searing Blow+2","floor":27,"key":"SMITH"},{"data":"Searing Blow+3","floor":32,"key":"SMITH"},{"data":"Corruption","floor":47,"key":"SMITH"},{"data":"Mind Blast","floor":49,"key":"SMITH"}],"neow_cost":"","seed_source_timestamp":0,"circlet_count":0,"master_deck":["Pommel Strike","Rampage","Cleave","Pommel Strike","Perfected Strike","Body Slam","Flex","Perfected Strike+1","Iron Wave","Twin Strike","Clothesline","Flex+1","Cleave","Havoc","Pommel Strike+1","Pummel","Havoc+1","Rampage","Hemokinesis","Perfected Strike+1","Reckless Charge","Searing Blow+4","True Grit+1","Demon Form+1","Pommel Strike","Seeing Red+1","Havoc+1","Rage+1","Spot Weakness+1","Apotheosis+1","Twin Strike","Limit Break+1","Clash+1","Cleave+1","Corruption+1","Flex+1","Battle Trance+1","Wild Strike+1","Mind Blast+1","Deep Breath+1","Jack Of All Trades+1","Havoc+1","Sword Boomerang+1","True Grit+1","Burning Pact+1","Sentinel+1"],"relics":["Burning Blood","Magic Flower","Toxic Egg 2","Orichalcum","Whetstone","Ancient Tea Set","Boot","Golden Idol","Eternal Feather","Lantern","Oddly Smooth Stone","Shuriken","Old Coin","Letter Opener","Paper Frog","Pen Nib","Mark of Pain","Spirit Poop","Dead Branch","War Paint","Bronze Scales"],"potions_floor_usage":[8,18,23,33,50,50,50],"damage_taken":[{"damage":0,"enemies":"Cultist","floor":1,"turns":2},{"damage":0,"enemies":"Small Slimes","floor":2,"turns":2},{"damage":0,"enemies":"2 Louse","floor":3,"turns":2},{"damage":9,"enemies":"Red Slaver","floor":5,"turns":2},{"damage":19,"enemies":"3 Sentries","floor":6,"turns":4},{"damage":1,"enemies":"3 Louse","floor":7,"turns":2},{"damage":0,"enemies":"Gremlin Nob","floor":8,"turns":2},{"damage":16,"enemies":"Lagavulin","floor":11,"turns":3},{"damage":6,"enemies":"2 Fungi Beasts","floor":14,"turns":2},{"damage":19,"enemies":"Slime Boss","floor":16,"turns":5},{"damage":16,"enemies":"3 Byrds","floor":18,"turns":4},{"damage":7,"enemies":"Chosen","floor":21,"turns":2},{"damage":20,"enemies":"Centurion and Healer","floor":22,"turns":3},{"damage":21,"enemies":"Slavers","floor":23,"turns":3},{"damage":12,"enemies":"Gremlin Leader","floor":25,"turns":4},{"damage":7,"enemies":"Cultist and Chosen","floor":29,"turns":3},{"damage":57,"enemies":"Collector","floor":33,"turns":9},{"damage":5,"enemies":"3 Darklings","floor":35,"turns":3},{"damage":18,"floor":37,"turns":4},{"damage":4,"enemies":"Orb Walker","floor":39,"turns":2},{"damage":24,"enemies":"Maw","floor":40,"turns":5},{"damage":3,"enemies":"Transient","floor":42,"turns":5},{"damage":17,"enemies":"Nemesis","floor":44,"turns":3},{"damage":5,"enemies":"4 Shapes","floor":45,"turns":2},{"damage":16,"enemies":"Flame Bruiser 2 Orb","floor":46,"turns":3},{"damage":5,"enemies":"3 Darklings","floor":48,"turns":2},{"damage":35,"enemies":"Awakened One","floor":50,"turns":4}],"seed_played":"637631574023021662","potions_obtained":[{"floor":3,"key":"Energy Potion"},{"floor":6,"key":"Energy Potion"},{"floor":8,"key":"Strength Potion"},{"floor":11,"key":"Block Potion"},{"floor":21,"key":"SmokeBomb"},{"floor":25,"key":"PowerPotion"},{"floor":35,"key":"LiquidBronze"},{"floor":42,"key":"AttackPotion"},{"floor":44,"key":"Block Potion"},{"floor":48,"key":"SteroidPotion"}],"is_trial":true,"path_per_floor":["M","M","M","?","M","E","M","E","T","?","E","R","?","M","R","B",null,"M","T","?","M","M","E","R","E","T","R","$","M","$","?","R","B",null,"M","?","?","$","M","M","?","M","T","E","M","M","R","M","R","B"],"character_chosen":"IRONCLAD","items_purchased":["Apotheosis+1","Paper Frog","Limit Break+1","Pen Nib","Corruption","Flex+1"],"campfire_rested":0,"item_purchase_floors":[28,30,30,30,38,38],"current_hp_per_floor":[80,80,80,62,62,52,60,69,69,69,62,62,42,45,45,35,80,73,73,73,75,64,52,70,67,67,80,80,80,80,80,80,32,80,80,80,71,71,76,61,51,57,57,49,53,46,73,77,80,69],"gold":313,"neow_bonus":"","is_prod":false,"is_daily":false,"chose_seed":false,"campfire_upgraded":7,"win_rate":0,"timestamp":1532188351,"path_taken":["M","?","?","?","M","E","M","E","T","?","E","R","?","M","R","BOSS","M","?","?","M","M","E","R","E","T","R","$","?","?","?","R","BOSS","M","?","?","$","M","M","?","?","T","E","M","?","R","M","R","BOSS"],"build_version":"2018-07-19v2","purchased_purges":1,"victory":true,"max_hp_per_floor":[80,80,80,80,80,80,80,80,80,80,80,80,80,80,80,80,80,80,80,80,80,80,80,80,80,80,80,80,80,80,80,80,80,80,80,80,80,80,80,80,80,80,80,80,80,80,80,80,80,80],"card_choices":[{"not_picked":["Havoc","Feel No Pain"],"picked":"Pommel Strike","floor":0},{"not_picked":["Pummel","Sword Boomerang"],"picked":"Rampage","floor":0},{"not_picked":["Disarm","Rampage"],"picked":"Cleave","floor":0},{"not_picked":["Wild Strike","Second Wind"],"picked":"Pommel Strike","floor":0},{"not_picked":["Second Wind","Body Slam"],"picked":"Perfected Strike","floor":0},{"not_picked":["Armaments","Wild Strike"],"picked":"Body Slam","floor":0},{"not_picked":["Pommel Strike","Shrug It Off"],"picked":"Flex","floor":0},{"not_picked":["Second Wind","Warcry"],"picked":"Perfected Strike","floor":0},{"not_picked":["Disarm","Feel No Pain"],"picked":"Iron Wave","floor":0},{"not_picked":["Armaments","Sword Boomerang"],"picked":"Entrench","floor":0},{"not_picked":["Flex","Anger"],"picked":"Twin Strike","floor":0},{"not_picked":["Burning Pact","Seeing Red"],"picked":"Clothesline","floor":0},{"not_picked":["Pommel Strike","Fire Breathing"],"picked":"Flex","floor":0},{"not_picked":["Armaments","Dual Wield"],"picked":"Cleave","floor":0},{"not_picked":["Fire Breathing","Anger"],"picked":"Havoc","floor":0},{"not_picked":["Havoc","Body Slam"],"picked":"Pommel Strike","floor":1},{"not_picked":["Wild Strike","Thunderclap"],"picked":"Pummel","floor":2},{"not_picked":["Wild Strike","Clash"],"picked":"Havoc","floor":3},{"not_picked":["Heavy Blade","Flame Barrier+1"],"picked":"Rampage","floor":5},{"not_picked":["Uppercut","Dropkick"],"picked":"Hemokinesis","floor":6},{"not_picked":["Shrug It Off+1","Twin Strike"],"picked":"Perfected Strike","floor":7},{"not_picked":["Impervious+1","Double Tap+1"],"picked":"Reckless Charge","floor":8},{"not_picked":["Body Slam","Fire Breathing"],"picked":"Searing Blow","floor":11},{"not_picked":["Dual Wield+1","Shrug It Off+1"],"picked":"True Grit+1","floor":14},{"not_picked":["Bludgeon","Exhume+1"],"picked":"Demon Form","floor":16},{"not_picked":["Metallicize+1","Clash"],"picked":"Pommel Strike","floor":18},{"not_picked":["Cleave+1","Heavy Blade+1"],"picked":"Seeing Red+1","floor":21},{"not_picked":["Clash","Flame Barrier+1"],"picked":"Havoc+1","floor":22},{"not_picked":["Carnage","Wild Strike+1"],"picked":"Rage+1","floor":23},{"not_picked":["Anger","True Grit+1"],"picked":"Spot Weakness+1","floor":25},{"not_picked":["Clash+1","Dropkick"],"picked":"Twin Strike","floor":29},{"not_picked":["Armaments+1","True Grit+1"],"picked":"Clash+1","floor":35},{"not_picked":["Body Slam","Blood for Blood+1"],"picked":"Cleave+1","floor":37},{"not_picked":["Rupture+1","Whirlwind"],"picked":"Battle Trance+1","floor":39},{"not_picked":["Reckless Charge","Iron Wave"],"picked":"Wild Strike+1","floor":40},{"not_picked":["Magnetism","Thinking Ahead+1"],"picked":"Mind Blast","floor":41},{"not_picked":["Purity+1","Secret Technique+1"],"picked":"Deep Breath+1","floor":41},{"not_picked":["Secret Weapon+1","Trip+1"],"picked":"Jack Of All Trades+1","floor":41},{"not_picked":["Rampage","Cleave"],"picked":"Havoc+1","floor":42},{"not_picked":["Blood for Blood","Rampage+1"],"picked":"Sword Boomerang+1","floor":44},{"not_picked":["Clothesline+1","Body Slam"],"picked":"True Grit+1","floor":45},{"not_picked":["Blood for Blood","Armaments+1"],"picked":"Burning Pact+1","floor":46},{"not_picked":["Wild Strike","Searing Blow+1"],"picked":"Sentinel+1","floor":48}],"player_experience":226441,"relics_obtained":[{"floor":6,"key":"Orichalcum"},{"floor":8,"key":"Whetstone"},{"floor":9,"key":"Ancient Tea Set"},{"floor":11,"key":"Boot"},{"floor":19,"key":"Lantern"},{"floor":23,"key":"Shuriken"},{"floor":25,"key":"Old Coin"},{"floor":26,"key":"Letter Opener"},{"floor":37,"key":"Dead Branch"},{"floor":43,"key":"War Paint"},{"floor":44,"key":"Bronze Scales"}],"event_choices":[{"event_name":"Scrap Ooze","player_choice":"success","floor":4,"damage_taken":18},{"event_name":"Upgrade Shrine","player_choice":"Upgraded","floor":10,"damage_taken":0},{"event_name":"Golden Idol","player_choice":"Take Damage","floor":13,"damage_taken":0},{"event_name":"The Mausoleum","player_choice":"Yes","floor":20,"damage_taken":0},{"event_name":"Drug Dealer","player_choice":"Ignored","floor":31,"damage_taken":0},{"event_name":"Bonfire Elementals","player_choice":"CURSE","floor":36,"damage_taken":0},{"event_name":"MindBloom","player_choice":"Fight","floor":37,"damage_taken":0},{"event_name":"SensoryStone","player_choice":"Memory 3","floor":41,"damage_taken":0}],"is_beta":false,"boss_relics":[{"not_picked":["Runic Cube","Fusion Hammer"],"picked":"Eternal Feather"},{"not_picked":["Sozu","Velvet Choker"],"picked":"Mark of Pain"}],"items_purged_floors":[28],"is_endless":false,"potions_floor_spawned":[3,6,8,11,21,25,35,39,42,44,48],"ascension_level":0}