{"gold_per_floor":[213,225,245,256,111,146,159,159,159,174,174,209,209,228,228,228],"floor_reached":16,"playtime":746,"items_purged":["Strike_R"],"score":131,"play_id":"17d03e95-8b8f-40d6-8428-b681627936fe","local_time":"20190524222611","is_ascension_mode":true,"campfire_choices":[{"floor":11.0,"key":"REST"},{"floor":13.0,"key":"REST"},{"data":"Entrench","floor":15.0,"key":"SMITH"}],"neow_cost":"NONE","seed_source_timestamp":0,"circlet_count":0,"master_deck":["Strike_R","Strike_R","Strike_R","Strike_R+1","Defend_R","Defend_R","Defend_R+1","Defend_R","Bash","Twin Strike","Perfected Strike","Heavy Blade","Twin Strike","Inflame","Entrench+1","Rampage","Cleave","Pommel Strike"],"special_seed":0,"relics":["Burning Blood","Self Forming Clay","Kunai"],"potions_floor_usage":[16],"damage_taken":[{"damage":10.0,"enemies":"Cultist","floor":1.0,"turns":4.0},{"damage":3.0,"enemies":"Jaw Worm","floor":2.0,"turns":4.0},{"damage":6.0,"enemies":"2 Louse","floor":3.0,"turns":3.0},{"damage":39.0,"enemies":"Exordium Thugs","floor":4.0,"turns":6.0},{"damage":20.0,"enemies":"Lagavulin","floor":6.0,"turns":6.0},{"damage":9.0,"enemies":"Looter","floor":7.0,"turns":3.0},{"damage":3.0,"enemies":"3 Louse","floor":10.0,"turns":3.0},{"damage":31.0,"enemies":"3 Sentries","floor":12.0,"turns":8.0},{"damage":8.0,"enemies":"Blue Slaver","floor":14.0,"turns":3.0},{"damage":41,"enemies":"The Guardian","floor":16,"turns":6}],"seed_played":"-2999008726001874907","potions_obtained":[{"floor":1.0,"key":"LiquidBronze"},{"floor":10.0,"key":"PowerPotion"},{"floor":12.0,"key":"Explosive Potion"}],"is_trial":false,"path_per_floor":["M","M","M","M","$","E","M","?","T","M","R","E","R","M","R","B"],"character_chosen":"IRONCLAD","items_purchased":["Inflame"],"campfire_rested":2,"item_purchase_floors":[5],"current_hp_per_floor":[76,79,79,46,46,32,29,13,13,16,40,15,39,37,37,0],"gold":228,"neow_bonus":"HUNDRED_GOLD","is_prod":false,"is_daily":false,"chose_seed":false,"campfire_upgraded":1,"win_rate":0,"timestamp":1558761971,"path_taken":["M","M","M","?","?","E","M","?","T","M","R","E","R","M","R","BOSS"],"build_version":"2019-01-23","purchased_purges":1,"victory":false,"max_hp_per_floor":[80,80,80,80,80,80,80,80,80,80,80,80,80,80,80,80],"card_choices":[{"not_picked":["Spot Weakness","Perfected Strike"],"picked":"Twin Strike","floor":1.0},{"not_picked":["Heavy Blade","Armaments"],"picked":"Perfected Strike","floor":2.0},{"not_picked":["Thunderclap","Disarm"],"picked":"Heavy Blade","floor":3.0},{"not_picked":["Corruption","Spot Weakness"],"picked":"Twin Strike","floor":4.0},{"not_picked":["Whirlwind","Demon Form"],"picked":"Entrench","floor":6.0},{"not_picked":["Clash","Dual Wield","Flex"],"picked":"SKIP","floor":7.0},{"not_picked":["Clash","Wild Strike"],"picked":"Rampage","floor":10.0},{"not_picked":["Sentinel","Offering"],"picked":"Cleave","floor":12.0},{"not_picked":["Clash","Clothesline"],"picked":"Pommel Strike","floor":14.0}],"player_experience":79479,"relics_obtained":[{"floor":6.0,"key":"Self Forming Clay"},{"floor":12.0,"key":"Kunai"}],"event_choices":[{"damage_healed":0.0,"max_hp_gain":0.0,"max_hp_loss":0.0,"gold_gain":0.0,"event_name":"Shining Light","player_choice":"Entered Light","floor":8.0,"gold_loss":0.0,"damage_taken":16.0,"cards_upgraded":["Defend_R","Strike_R"]}],"is_beta":false,"boss_relics":[],"items_purged_floors":[5],"is_endless":false,"potions_floor_spawned":[1,10,12],"killed_by":"The Guardian","ascension_level":3}