{"path_per_floor":["M","$","M","M","M","?","R","M","T","M","R","?","?","M","R"],"character_chosen":"IRONCLAD","items_purchased":["Seeing Red"],"gold_per_floor":[114,38,52,65,82,82,82,95,95,111,111,111,111,125,125,125],"floor_reached":16,"campfire_rested":0,"playtime":473,"current_hp_per_floor":[72,72,72,72,65,58,58,47,47,54,54,54,47,46,46,0],"items_purged":[],"gold":125,"score":113,"play_id":"9f87876f-3f77-4e51-8a27-841f4b9a67d2","local_time":"20180429001030","is_prod":false,"is_daily":false,"chose_seed":true,"is_ascension_mode":true,"campfire_upgraded":3,"timestamp":1524928230,"path_taken":["M","$","M","M","M","?","R","M","T","M","R","?","?","M","R","BOSS"],"build_version":"2018-04-26","seed_source_timestamp":949825601517143,"purchased_purges":0,"victory":false,"master_deck":["Strike_R","Strike_R","Strike_R","Strike_R","Defend_R","Defend_R","Defend_R","Defend_R","Bash","Flame Barrier+1","Seeing Red","Body Slam+1","Flex","Battle Trance","Second Wind","True Grit+1"],"max_hp_per_floor":[72,72,72,72,72,72,72,72,72,72,72,72,72,72,72,72],"relics":["Burning Blood","Dead Branch","Meat on the Bone","Mercury Hourglass"],"card_choices":[{"not_picked":["Reckless Charge","Pummel"],"picked":"Flame Barrier","floor":1},{"not_picked":["Sword Boomerang","Iron Wave"],"picked":"Body Slam","floor":3},{"not_picked":["Clothesline","Dropkick"],"picked":"Flex","floor":4},{"not_picked":["Pummel","Whirlwind"],"picked":"Battle Trance","floor":5},{"not_picked":["Body Slam","Cleave"],"picked":"Second Wind","floor":10},{"not_picked":["Flex","Disarm"],"picked":"True Grit","floor":14}],"player_experience":142147,"potions_floor_usage":[5,16],"damage_taken":[{"damage":0,"enemies":"Small Slimes","floor":1,"turns":3},{"damage":0,"enemies":"2 Louse","floor":3,"turns":3},{"damage":5,"enemies":"Cultist","floor":4,"turns":4},{"damage":13,"enemies":"Exordium Thugs","floor":5,"turns":3},{"damage":17,"enemies":"Looter","floor":8,"turns":3},{"damage":11,"enemies":"2 Fungi Beasts","floor":10,"turns":3},{"damage":7,"enemies":"Exordium Thugs","floor":14,"turns":5},{"damage":67,"enemies":"Slime Boss","floor":16,"turns":7}],"event_choices":[{"event_name":"Scrap Ooze","player_choice":"success","floor":6,"damage_taken":7},{"event_name":"The Woman in Blue","player_choice":"Bought 0 Potions","floor":12,"damage_taken":0},{"event_name":"Golden Wing","player_choice":"Card Removal","floor":13,"damage_taken":0}],"boss_relics":[],"potions_floor_spawned":[1,10,14],"seed_played":"2336108208662541810","killed_by":"Slime Boss","ascension_level":4,"is_trial":false}