{"gold_per_floor":[110,110,110,121,121,161,86,99,168,168,193,206,241,241,241,365,365,389,410,429,83,96,96],"floor_reached":23,"playtime":907,"items_purged":["Regret"],"score":308,"play_id":"bda2108f-b82f-4738-b365-0c234e51504f","local_time":"20190604143252","is_ascension_mode":true,"campfire_choices":[{"data":"Infernal Blade","floor":10.0,"key":"SMITH"},{"data":"Iron Wave","floor":15.0,"key":"SMITH"}],"neow_cost":"NONE","seed_source_timestamp":34164454825200,"circlet_count":0,"master_deck":["Strike_R","Strike_R","Strike_R","Strike_R","Defend_R","Defend_R","Defend_R","Defend_R","Bash","Infernal Blade+1","Cleave","Battle Trance","Disarm","Iron Wave+1","Twin Strike","Demon Form","Seeing Red","Thunderclap","Twin Strike"],"special_seed":0,"relics":["Burning Blood","NeowsBlessing","Bag of Marbles","Meat on the Bone","Golden Idol","Boot","Pear","FossilizedHelix","Runic Cube","Pen Nib","ClockworkSouvenir"],"potions_floor_usage":[],"damage_taken":[{"damage":0.0,"enemies":"Cultist","floor":1.0,"turns":1.0},{"damage":0.0,"enemies":"Small Slimes","floor":4.0,"turns":1.0},{"damage":0.0,"enemies":"Lagavulin","floor":6.0,"turns":1.0},{"damage":7.0,"enemies":"Jaw Worm","floor":8.0,"turns":3.0},{"damage":0.0,"enemies":"Large Slime","floor":11.0,"turns":5.0},{"damage":7.0,"enemies":"Looter","floor":12.0,"turns":3.0},{"damage":28.0,"enemies":"Gremlin Nob","floor":13.0,"turns":4.0},{"damage":49.0,"enemies":"The Guardian","floor":16.0,"turns":21.0},{"damage":34.0,"enemies":"3 Byrds","floor":18.0,"turns":5.0},{"damage":15.0,"enemies":"2 Thieves","floor":19.0,"turns":4.0},{"damage":23.0,"enemies":"Centurion and Healer","floor":20.0,"turns":7.0},{"damage":32,"enemies":"Snake Plant","floor":22,"turns":5},{"damage":62,"enemies":"Book of Stabbing","floor":23,"turns":6}],"seed_played":"596865964907601499","potions_obtained":[{"floor":1.0,"key":"Regen Potion"},{"floor":8.0,"key":"EssenceOfSteel"},{"floor":11.0,"key":"SpeedPotion"},{"floor":19.0,"key":"Strength Potion"},{"floor":20.0,"key":"FairyPotion"}],"is_trial":false,"path_per_floor":["M","?","?","M","?","E","$","M","T","R","M","M","E","?","R","B",null,"M","M","M","$","M","E"],"character_chosen":"IRONCLAD","items_purchased":["Pen Nib","ClockworkSouvenir"],"campfire_rested":0,"item_purchase_floors":[21,21],"current_hp_per_floor":[78,78,78,80,60,66,66,65,75,75,81,80,58,51,51,35,76,60,63,58,58,44,0],"gold":96,"neow_bonus":"THREE_ENEMY_KILL","is_prod":false,"is_daily":false,"chose_seed":false,"campfire_upgraded":2,"win_rate":0,"timestamp":1559683972,"path_taken":["M","?","?","?","?","E","$","M","T","R","M","M","E","?","R","BOSS","M","M","M","$","M","E"],"build_version":"2019-01-23","purchased_purges":1,"victory":false,"max_hp_per_floor":[80,80,80,80,80,80,80,80,90,90,90,90,90,90,90,90,90,90,90,90,90,90,90],"card_choices":[{"not_picked":["Clash","Body Slam"],"picked":"Armaments","floor":1.0},{"not_picked":["Clothesline","Fire Breathing"],"picked":"Infernal Blade","floor":4.0},{"not_picked":["Perfected Strike","Pommel Strike"],"picked":"Cleave","floor":6.0},{"not_picked":["Ghostly Armor","Anger"],"picked":"Battle Trance","floor":8.0},{"not_picked":["Reaper","Body Slam"],"picked":"Disarm","floor":11.0},{"not_picked":["Twin Strike","Body Slam"],"picked":"Iron Wave","floor":12.0},{"not_picked":["Wild Strike","Searing Blow"],"picked":"Twin Strike","floor":13.0},{"not_picked":["Limit Break","Juggernaut"],"picked":"Demon Form","floor":16.0},{"not_picked":["Headbutt","Sword Boomerang","Clash"],"picked":"SKIP","floor":18.0},{"not_picked":["Hemokinesis","Clash"],"picked":"Seeing Red","floor":19.0},{"not_picked":["Havoc","Cleave"],"picked":"Thunderclap","floor":20.0},{"not_picked":["Fiend Fire","Rupture"],"picked":"Twin Strike","floor":22}],"player_experience":255200,"relics_obtained":[{"floor":6.0,"key":"Boot"},{"floor":9.0,"key":"Pear"},{"floor":13.0,"key":"FossilizedHelix"}],"event_choices":[{"damage_healed":0.0,"max_hp_gain":0.0,"max_hp_loss":0.0,"gold_gain":0.0,"event_name":"Big Fish","player_choice":"Box","floor":2.0,"gold_loss":0.0,"damage_taken":0.0,"relics_obtained":["Bag of Marbles"],"cards_obtained":["Regret"]},{"cards_removed":["Armaments"],"damage_healed":0.0,"max_hp_gain":0.0,"max_hp_loss":0.0,"gold_gain":0.0,"event_name":"WeMeetAgain","player_choice":"Gave Card","floor":3.0,"gold_loss":0.0,"damage_taken":0.0,"relics_obtained":["Meat on the Bone"]},{"damage_healed":0.0,"max_hp_gain":0.0,"max_hp_loss":0.0,"gold_gain":0.0,"event_name":"Golden Idol","player_choice":"Take Damage","floor":5.0,"gold_loss":0.0,"damage_taken":20.0,"relics_obtained":["Golden Idol"]},{"cards_removed":["Strike_R"],"damage_healed":0.0,"max_hp_gain":0.0,"max_hp_loss":0.0,"gold_gain":0.0,"event_name":"Golden Wing","player_choice":"Card Removal","floor":14.0,"gold_loss":0.0,"damage_taken":7.0}],"is_beta":false,"boss_relics":[{"not_picked":["Mark of Pain","Pandora\u0027s Box"],"picked":"Runic Cube"}],"items_purged_floors":[7],"is_endless":false,"potions_floor_spawned":[1,8,11,19,20],"killed_by":"Book of Stabbing","ascension_level":7}