{"gold_per_floor":[109,109,109,132,132,171,186,210,210,251,274,297,297,315,315,439,439,454,479,499,499,61,90,90,106,106,125,145,160,176,187,187,284,284,295,295,314,57,70,70,104,104,104,130,130],"floor_reached":45,"playtime":2191,"items_purged":[],"score":663,"play_id":"be83ea12-dc2d-4b9b-97b2-8bca00d8a72f","local_time":"20180715190609","is_ascension_mode":false,"campfire_choices":[{"floor":13,"key":"REST"},{"floor":15,"key":"REST"},{"data":"Apotheosis","floor":24,"key":"SMITH"},{"data":"Cold Snap","floor":32,"key":"SMITH"},{"data":"Consume","floor":40,"key":"SMITH"},{"floor":42,"key":"REST"}],"neow_cost":"NONE","seed_source_timestamp":0,"circlet_count":0,"master_deck":["Strike_B","Strike_B","Defend_B","Defend_B","Defend_B","Zap","Dualcast","Cold Snap+1","Redo","Barrage","Conserve Battery","Consume+1","Glacier","Cold Snap","Defragment","Go for the Eyes","Blizzard","Amplify","Streamline+1","Hologram+1","Cold Snap+1","Apotheosis+1","Glacier","Rebound+1","Machine Learning","Skim+1","White Noise+1","Redo+1","Core Surge+1","Fusion+1","Undo+1","Hologram+1","Glacier+1","Blizzard+1","Reprogram","Ball Lightning+1","Turbo+1"],"relics":["Cracked Core","NeowsBlessing","Bloody Idol","Orichalcum","Bottled Flame","Dream Catcher","Boot","Inserter","Pear","Pen Nib","Molten Egg 2","Astrolabe","Bottled Lightning","Blue Candle","Letter Opener","Question Card"],"potions_floor_usage":[10,11,12,16,16,33,33],"damage_taken":[{"damage":0,"enemies":"Cultist","floor":1,"turns":1},{"damage":0,"enemies":"Small Slimes","floor":4,"turns":1},{"damage":0,"enemies":"3 Sentries","floor":6,"turns":1},{"damage":2,"enemies":"2 Louse","floor":7,"turns":2},{"damage":9,"enemies":"Exordium Thugs","floor":8,"turns":4},{"damage":37,"enemies":"Lagavulin","floor":10,"turns":7},{"damage":4,"enemies":"3 Louse","floor":11,"turns":3},{"damage":3,"enemies":"Red Slaver","floor":12,"turns":3},{"damage":0,"enemies":"Looter","floor":14,"turns":5},{"damage":0,"enemies":"Hexaghost","floor":16,"turns":15},{"damage":3,"enemies":"Spheric Guardian","floor":18,"turns":6},{"damage":0,"enemies":"Chosen","floor":19,"turns":5},{"damage":25,"enemies":"Snake Plant","floor":20,"turns":5},{"damage":5,"enemies":"Book of Stabbing","floor":23,"turns":7},{"damage":13,"enemies":"Slaver and Parasite","floor":25,"turns":9},{"damage":4,"enemies":"Cultist and Chosen","floor":27,"turns":7},{"damage":1,"enemies":"Snecko","floor":28,"turns":5},{"damage":12,"enemies":"Chosen and Byrds","floor":29,"turns":7},{"damage":9,"enemies":"Snake Plant","floor":30,"turns":5},{"damage":8,"enemies":"3 Cultists","floor":31,"turns":6},{"damage":9,"enemies":"Collector","floor":33,"turns":10},{"damage":11,"enemies":"3 Darklings","floor":35,"turns":6},{"damage":5,"enemies":"Orb Walker","floor":37,"turns":5},{"damage":10,"enemies":"Flame Bruiser 2 Orb","floor":39,"turns":9},{"damage":72,"enemies":"2 Orb Walkers","floor":41,"turns":7},{"damage":0,"enemies":"Nemesis","floor":44,"turns":8},{"damage":48,"floor":45,"turns":5}],"seed_played":"8641236489063910734","potions_obtained":[{"floor":4,"key":"EssenceOfSteel"},{"floor":5,"key":"PowerPotion"},{"floor":5,"key":"PowerPotion"},{"floor":5,"key":"Poison Potion"},{"floor":8,"key":"Energy Potion"},{"floor":11,"key":"Fruit Juice"},{"floor":14,"key":"Weak Potion"},{"floor":18,"key":"FocusPotion"},{"floor":28,"key":"Energy Potion"},{"floor":30,"key":"LiquidBronze"},{"floor":39,"key":"SpeedPotion"},{"floor":41,"key":"Weak Potion"},{"floor":44,"key":"Energy Potion"}],"is_trial":false,"path_per_floor":["M","?","T","M","?","E","M","M","T","E","M","M","R","M","R","B",null,"M","M","M","?","$","E","R","M","T","M","M","M","M","M","R","B",null,"M","?","M","$","M","R","E","R","T","E"],"character_chosen":"DEFECT","items_purchased":["Apotheosis","Pear","Bottled Lightning"],"campfire_rested":3,"item_purchase_floors":[22,22,38],"current_hp_per_floor":[75,57,57,57,57,57,55,46,46,9,5,7,31,31,55,55,80,77,77,52,52,62,62,62,54,54,55,59,52,48,45,45,41,90,84,84,84,84,79,79,12,39,39,44,0],"gold":130,"neow_bonus":"THREE_ENEMY_KILL","is_prod":false,"is_daily":false,"chose_seed":true,"campfire_upgraded":3,"win_rate":0,"timestamp":1531649169,"path_taken":["M","?","?","M","?","E","M","M","T","E","M","?","R","M","R","BOSS","M","M","M","?","$","E","R","M","T","M","M","M","?","M","R","BOSS","M","?","M","$","M","R","E","R","T","E","?"],"build_version":"2018-07-12","purchased_purges":0,"victory":false,"max_hp_per_floor":[75,75,75,75,75,75,75,75,75,75,75,80,80,80,80,80,80,80,80,80,80,90,90,90,90,90,90,90,90,90,90,90,90,90,90,90,90,90,90,90,90,90,90,90,90],"card_choices":[{"not_picked":["Go for the Eyes","Compile Driver"],"picked":"Cold Snap","floor":1},{"not_picked":["Steam","Compile Driver"],"picked":"Redo","floor":4},{"not_picked":["Compile Driver","Creative AI"],"picked":"Barrage","floor":6},{"not_picked":["Ball Lightning","Redo"],"picked":"Conserve Battery","floor":7},{"not_picked":["Chill","Gash"],"picked":"Consume","floor":8},{"not_picked":["Cold Snap","Chaos"],"picked":"Glacier","floor":10},{"not_picked":["Redo","Darkness"],"picked":"Cold Snap","floor":11},{"not_picked":["Rainbow","Leap"],"picked":"Defragment","floor":12},{"not_picked":["Conserve Battery","Rip and Tear"],"picked":"Go for the Eyes","floor":13},{"not_picked":["Sweeping Beam","Compile Driver"],"picked":"Blizzard","floor":14},{"not_picked":["Creative AI","Thunder Strike"],"picked":"Amplify","floor":16},{"not_picked":["Ball Lightning+1","Hologram"],"picked":"Streamline+1","floor":18},{"not_picked":["Go for the Eyes+1","Leap+1"],"picked":"Hologram+1","floor":19},{"not_picked":["Streamline+1","Beam Cell"],"picked":"Cold Snap+1","floor":20},{"not_picked":["Barrage+1","Beam Cell"],"picked":"Glacier","floor":23},{"not_picked":["Go for the Eyes","Darkness","Streamline"],"picked":"SKIP","floor":25},{"not_picked":["Ball Lightning+1","Turbo"],"picked":"Rebound+1","floor":27},{"not_picked":["Streamline+1","Steam+1"],"picked":"Machine Learning","floor":28},{"not_picked":["Chill","Stack"],"picked":"Skim+1","floor":29},{"not_picked":["Melter+1","Reinforced Body"],"picked":"White Noise+1","floor":30},{"not_picked":["Chill","Lockon+1"],"picked":"Redo+1","floor":31},{"not_picked":["Biased Cognition","Amplify"],"picked":"Core Surge+1","floor":33},{"not_picked":["Turbo+1","Rebound+1"],"picked":"Glacier+1","floor":35},{"not_picked":["Self Repair+1","Beam Cell+1"],"picked":"Blizzard+1","floor":37},{"not_picked":["Streamline+1","Compile Driver+1"],"picked":"Reprogram","floor":39},{"not_picked":["Chaos","Go for the Eyes+1"],"picked":"Ball Lightning+1","floor":41},{"not_picked":["Recycle","Gash+1"],"picked":"Turbo+1","floor":44}],"player_experience":174628,"relics_obtained":[{"floor":3,"key":"Orichalcum"},{"floor":6,"key":"Bottled Flame"},{"floor":9,"key":"Dream Catcher"},{"floor":10,"key":"Boot"},{"floor":23,"key":"Pen Nib"},{"floor":26,"key":"Molten Egg 2"},{"floor":41,"key":"Blue Candle"},{"floor":43,"key":"Letter Opener"},{"floor":44,"key":"Question Card"}],"event_choices":[{"event_name":"Golden Idol","player_choice":"Take Damage","floor":2,"damage_taken":0},{"event_name":"The Lab","player_choice":"Got Potions","floor":5,"damage_taken":0},{"event_name":"Forgotten Altar","player_choice":"Gave Idol","floor":21,"damage_taken":0},{"event_name":"Tomb of Lord Red Mask","player_choice":"Ignored","floor":36,"damage_taken":0},{"event_name":"Mysterious Sphere","player_choice":"Fight","floor":45,"damage_taken":0}],"boss_relics":[{"not_picked":["Black Star","White Beast Statue"],"picked":"Inserter"},{"not_picked":["Snecko Eye","FrozenCore"],"picked":"Astrolabe"}],"items_purged_floors":[],"is_endless":false,"potions_floor_spawned":[4,8,11,14,18,28,30,31,39,41,44],"ascension_level":0}