{"gold_per_floor":[111,111,123,123,73,73,102,102,102,102,128,128,128,153,153,254,254,269,269,269,279,132,167,167,232,232,246,161,175,175,200,200,299,299,314,314,70,81,98,133,133,133],"floor_reached":42,"playtime":5096,"items_purged":["Writhe","Strike_B"],"score":573,"play_id":"193bd0e2-ec8a-455c-a1dc-45b5f3d176ec","local_time":"20190206191401","is_ascension_mode":true,"campfire_choices":[{"data":"Zap","floor":6,"key":"SMITH"},{"floor":8,"key":"REST"},{"data":"Hologram","floor":10,"key":"SMITH"},{"floor":13,"key":"REST"},{"floor":15,"key":"REST"},{"floor":24,"key":"REST"},{"data":"Blizzard","floor":30,"key":"SMITH"},{"data":"Capacitor","floor":32,"key":"SMITH"}],"neow_cost":"PERCENT_DAMAGE","seed_source_timestamp":2349764405429246,"circlet_count":0,"master_deck":["Strike_B","Defend_B","Defend_B","Defend_B","Defend_B","Zap+1","Dualcast","Cold Snap","Hologram+1","Coolheaded","Blizzard+1","Electrodynamics","Glacier","Go for the Eyes","Capacitor+1","Compile Driver+1","Static Discharge+1","Reinforced Body+1","Fission","Sweeping Beam+1","Doubt"],"relics":["FrozenCore","Peace Pipe","Potion Belt","Blue Candle","Ornamental Fan","Gambling Chip","Bird Faced Urn","DataDisk","Happy Flower","Tiny Chest","Ancient Tea Set","Pantograph","Question Card","Sozu","Lantern","Bronze Scales"],"potions_floor_usage":[16,23,27,40],"damage_taken":[{"damage":0,"enemies":"Small Slimes","floor":1,"turns":2},{"damage":2,"enemies":"Jaw Worm","floor":3,"turns":4},{"damage":23,"enemies":"Lagavulin","floor":7,"turns":7},{"damage":33,"enemies":"Gremlin Nob","floor":11,"turns":5},{"damage":18,"enemies":"3 Sentries","floor":14,"turns":8},{"damage":30,"enemies":"Hexaghost","floor":16,"turns":12},{"damage":14,"enemies":"Spheric Guardian","floor":18,"turns":4},{"damage":0,"enemies":"Chosen","floor":21,"turns":6},{"damage":41,"enemies":"Book of Stabbing","floor":23,"turns":10},{"damage":30,"enemies":"Slavers","floor":25,"turns":4},{"damage":4,"enemies":"Snake Plant","floor":27,"turns":7},{"damage":0,"enemies":"Centurion and Healer","floor":29,"turns":8},{"damage":4,"enemies":"Gremlin Leader","floor":31,"turns":6},{"damage":10,"enemies":"Automaton","floor":33,"turns":12},{"damage":29,"enemies":"3 Darklings","floor":35,"turns":5},{"damage":3,"enemies":"3 Shapes","floor":38,"turns":2},{"damage":6,"enemies":"Spire Growth","floor":39,"turns":7},{"damage":35,"enemies":"Nemesis","floor":40,"turns":13},{"damage":97,"enemies":"Giant Head","floor":42,"turns":10}],"seed_played":"2012022099833866677","potions_obtained":[{"floor":11,"key":"GamblersBrew"},{"floor":14,"key":"SkillPotion"},{"floor":16,"key":"SpeedPotion"},{"floor":21,"key":"Swift Potion"},{"floor":25,"key":"Regen Potion"},{"floor":27,"key":"LiquidBronze"},{"floor":33,"key":"FearPotion"}],"is_trial":false,"path_per_floor":["M","?","M","?","?","R","E","R","T","R","E","?","R","E","R","B",null,"M","?","?","M","$","E","R","E","T","M","?","M","R","E","R","B",null,"M","?","$","M","M","E","?","E"],"character_chosen":"DEFECT","items_purchased":["Capacitor","Lantern"],"campfire_rested":4,"item_purchase_floors":[22,37],"current_hp_per_floor":[54,47,45,50,50,50,27,51,51,51,18,11,35,17,41,11,80,66,66,66,68,68,29,53,27,27,42,42,48,48,50,50,70,80,55,55,55,56,54,25,80,0],"gold":133,"neow_bonus":"ONE_RARE_RELIC","is_prod":false,"is_daily":false,"chose_seed":false,"campfire_upgraded":4,"win_rate":0,"timestamp":1549498441,"path_taken":["M","?","M","?","?","R","E","R","T","R","E","?","R","E","R","BOSS","M","?","?","M","$","E","R","E","T","M","?","M","R","E","R","BOSS","M","?","$","M","M","E","?","E"],"build_version":"2019-01-23","purchased_purges":2,"victory":false,"max_hp_per_floor":[75,75,75,80,80,80,80,80,80,80,80,80,80,80,80,80,80,80,80,80,80,80,80,80,80,80,80,80,80,80,80,80,80,80,80,80,80,80,80,80,80,80],"card_choices":[{"not_picked":["Compile Driver","Gash"],"picked":"Cold Snap","floor":1},{"not_picked":["Consume","Rip and Tear"],"picked":"Hologram","floor":3},{"not_picked":["Hello World","Barrage","Skim"],"picked":"SKIP","floor":7},{"not_picked":["Glacier","Heatsinks"],"picked":"Coolheaded","floor":11},{"not_picked":["Streamline","Reinforced Body"],"picked":"Blizzard","floor":14},{"not_picked":["Machine Learning","Thunder Strike"],"picked":"Electrodynamics","floor":16},{"not_picked":["White Noise","Doom and Gloom"],"picked":"Glacier","floor":18},{"not_picked":["Gash+1","Conserve Battery"],"picked":"Go for the Eyes","floor":21},{"not_picked":["Multi-Cast","Undo","Steam Power"],"picked":"SKIP","floor":23},{"not_picked":["Gash+1","BootSequence+1"],"picked":"Compile Driver+1","floor":25},{"not_picked":["Coolheaded","Steam"],"picked":"Static Discharge+1","floor":27},{"not_picked":["Reprogram","Static Discharge","Leap"],"picked":"SKIP","floor":29},{"not_picked":["Coolheaded","Leap+1"],"picked":"Reinforced Body+1","floor":31},{"not_picked":["Meteor Strike","All For One","Thunder Strike"],"picked":"Fission","floor":33},{"not_picked":["Conserve Battery","Leap","Streamline","Redo"],"picked":"SKIP","floor":35},{"not_picked":["Cold Snap","Beam Cell","Barrage"],"picked":"Sweeping Beam+1","floor":38},{"not_picked":["Conserve Battery+1","Cold Snap","Gash+1","Buffer"],"picked":"SKIP","floor":39},{"not_picked":["Beam Cell","Redo+1","Genetic Algorithm","Streamline"],"picked":"SKIP","floor":40}],"player_experience":159456,"relics_obtained":[{"floor":7,"key":"Blue Candle"},{"floor":9,"key":"Ornamental Fan"},{"floor":11,"key":"Gambling Chip"},{"floor":14,"key":"Bird Faced Urn"},{"floor":23,"key":"Happy Flower"},{"floor":25,"key":"Tiny Chest"},{"floor":26,"key":"Ancient Tea Set"},{"floor":31,"key":"Question Card"},{"floor":40,"key":"Bronze Scales"}],"event_choices":[{"damage_healed":0,"gold_gain":0,"player_choice":"Success","damage_taken":7,"relics_obtained":["Potion Belt"],"max_hp_gain":0,"max_hp_loss":0,"event_name":"Scrap Ooze","floor":2,"gold_loss":0},{"damage_healed":0,"gold_gain":0,"player_choice":"Donut","damage_taken":0,"max_hp_gain":5,"max_hp_loss":0,"event_name":"Big Fish","floor":4,"gold_loss":0},{"cards_removed":["Strike_B"],"damage_healed":0,"gold_gain":0,"player_choice":"Card Removal","damage_taken":0,"max_hp_gain":0,"max_hp_loss":0,"event_name":"The Cleric","floor":5,"gold_loss":50},{"cards_removed":["Strike_B"],"damage_healed":0,"gold_gain":0,"player_choice":"Card Removal","damage_taken":7,"max_hp_gain":0,"max_hp_loss":0,"event_name":"Golden Wing","floor":12,"gold_loss":0},{"damage_healed":0,"gold_gain":0,"player_choice":"Opened","damage_taken":0,"relics_obtained":["DataDisk"],"max_hp_gain":0,"max_hp_loss":0,"event_name":"The Mausoleum","floor":19,"gold_loss":0,"cards_obtained":["Writhe"]},{"damage_healed":0,"gold_gain":0,"player_choice":"Ignored","damage_taken":0,"max_hp_gain":0,"max_hp_loss":0,"event_name":"Vampires","floor":20,"gold_loss":0},{"damage_healed":0,"gold_gain":0,"player_choice":"Obtained Relic","damage_taken":0,"relics_obtained":["Pantograph"],"max_hp_gain":0,"max_hp_loss":0,"event_name":"Addict","floor":28,"gold_loss":85},{"damage_healed":0,"gold_gain":0,"player_choice":"Ignored","damage_taken":0,"max_hp_gain":0,"max_hp_loss":0,"event_name":"Mysterious Sphere","floor":36,"gold_loss":0},{"damage_healed":55,"gold_gain":0,"player_choice":"Heal","damage_taken":0,"max_hp_gain":0,"max_hp_loss":0,"event_name":"MindBloom","floor":41,"gold_loss":0,"cards_obtained":["Doubt"]}],"is_beta":false,"boss_relics":[{"not_picked":["Empty Cage","Fusion Hammer"],"picked":"FrozenCore"},{"not_picked":["Busted Crown","Snecko Eye"],"picked":"Sozu"}],"items_purged_floors":[22,37],"is_endless":false,"potions_floor_spawned":[11,14,16,21,25,27,33,35,40],"killed_by":"Giant Head","ascension_level":3}