{"gold_per_floor":[111,111,123,9,84,84,6,41,41,20,20,31,31,59,59,59],"floor_reached":16,"playtime":210,"items_purged":["Strike_B"],"score":242,"play_id":"7868c3e7-0c07-4076-a7ac-af9af4e1e07e","local_time":"20190527004000","is_ascension_mode":true,"campfire_choices":[{"data":"Zap","floor":6,"key":"SMITH"},{"data":"Go for the Eyes","floor":11,"key":"SMITH"},{"data":"Defragment","floor":13,"key":"SMITH"},{"data":"Capacitor","floor":15,"key":"SMITH"}],"neow_cost":"NONE","seed_source_timestamp":102856133235192,"circlet_count":0,"master_deck":["AscendersBane","Strike_B","Strike_B","Defend_B","Defend_B","Defend_B","Defend_B","Zap+1","Dualcast","Undo","Chill","FTL","Capacitor+1","Go for the Eyes+1","Coolheaded","Defragment+1","Skim"],"relics":["Cracked Core","NeowsBlessing","Art of War","The Courier","Bronze Scales"],"potions_floor_usage":[16],"damage_taken":[{"damage":0,"enemies":"Cultist","floor":1,"turns":1},{"damage":0,"enemies":"Small Slimes","floor":3,"turns":1},{"damage":0,"enemies":"Lagavulin","floor":8,"turns":1},{"damage":0,"enemies":"Jaw Worm","floor":12,"turns":2},{"damage":24,"enemies":"Gremlin Nob","floor":14,"turns":5},{"damage":23,"enemies":"The Guardian","floor":16,"turns":2}],"seed_played":"1248274468447174279","potions_obtained":[{"floor":1,"key":"SpeedPotion"},{"floor":8,"key":"SmokeBomb"},{"floor":12,"key":"Strength Potion"}],"is_trial":false,"path_per_floor":["M","?","M","$","?","R","$","E","T","$","R","M","R","E","R","B"],"character_chosen":"DEFECT","items_purchased":["FTL","Capacitor","Coolheaded"],"campfire_rested":0,"item_purchase_floors":[4,7,10],"current_hp_per_floor":[64,57,57,57,46,46,46,46,46,46,46,46,46,22,22,0],"gold":59,"neow_bonus":"THREE_ENEMY_KILL","is_prod":false,"is_daily":false,"chose_seed":false,"campfire_upgraded":4,"win_rate":0,"timestamp":1558892400,"path_taken":["M","?","M","$","?","R","$","E","T","?","R","M","R","E","R","BOSS"],"build_version":"2019-01-23","purchased_purges":1,"victory":false,"max_hp_per_floor":[71,71,71,71,71,71,71,71,71,71,71,71,71,71,71,71],"card_choices":[{"not_picked":["Leap","Conserve Battery"],"picked":"Undo","floor":1},{"not_picked":["Gash","Tempest"],"picked":"Chill","floor":3},{"not_picked":["Heatsinks","Fusion"],"picked":"Go for the Eyes","floor":8},{"not_picked":["Reprogram","Compile Driver"],"picked":"Defragment","floor":12},{"not_picked":["Sweeping Beam","Aggregate"],"picked":"Skim","floor":14}],"player_experience":506184,"relics_obtained":[{"floor":8,"key":"Art of War"},{"floor":9,"key":"The Courier"},{"floor":14,"key":"Bronze Scales"}],"event_choices":[{"cards_removed":["Strike_B"],"damage_healed":0,"gold_gain":0,"player_choice":"Card Removal","damage_taken":7,"max_hp_gain":0,"max_hp_loss":0,"event_name":"Golden Wing","floor":2,"gold_loss":0},{"damage_healed":0,"gold_gain":75,"player_choice":"Gather Gold","damage_taken":11,"max_hp_gain":0,"max_hp_loss":0,"event_name":"World of Goop","floor":5,"gold_loss":0}],"is_beta":false,"boss_relics":[],"items_purged_floors":[4],"is_endless":false,"potions_floor_spawned":[1,8,12],"killed_by":"The Guardian","ascension_level":17}