{"gold_per_floor":[110,110,129,29,49,49,59,90,90,90,115,130,130,147,147,248,248,268,283,86,86,86,86,86,86,109,109,136,136,36,55,55,151,151,168,168,182,202,219,219,219],"floor_reached":41,"playtime":2138,"items_purged":["Parasite","Writhe"],"score":572,"play_id":"640a5f80-6559-419d-ae48-37cb18f820e2","local_time":"20190531211133","is_ascension_mode":true,"campfire_choices":[{"data":"Armaments","floor":6.0,"key":"SMITH"},{"floor":10.0,"key":"REST"},{"data":"Perfected Strike","floor":13.0,"key":"SMITH"},{"data":"Shrug It Off","floor":15.0,"key":"SMITH"},{"data":"Cleave","floor":23.0,"key":"SMITH"},{"data":"Thunderclap","floor":25.0,"key":"SMITH"},{"data":"Headbutt","floor":27.0,"key":"SMITH"},{"data":"Bash","floor":29.0,"key":"SMITH"},{"floor":32.0,"key":"REST"},{"data":"Barricade","floor":40.0,"key":"SMITH"}],"neow_cost":"CURSE","seed_source_timestamp":216311398733700,"circlet_count":0,"master_deck":["Strike_R+1","Strike_R+1","Strike_R+1","Strike_R+1","Defend_R+1","Defend_R+1","Defend_R+1","Defend_R+1","Bash+1","Headbutt+1","Cleave+1","Armaments+1","Perfected Strike+1","Thunderclap+1","Shrug It Off+1","Heavy Blade+1","Wild Strike+1","Body Slam+1","Bludgeon+1","Infernal Blade+1","Twin Strike+1","Pommel Strike+1","Double Tap+1","Cleave+1","Feed+1","Flex+1","Clothesline+1","Shrug It Off+1","Barricade+1"],"special_seed":0,"relics":["Burning Blood","Molten Egg 2","Pantograph","Kunai","Eternal Feather","Happy Flower","Toxic Egg 2","Lantern","Paper Frog","Sozu"],"potions_floor_usage":[],"damage_taken":[{"damage":0.0,"enemies":"Small Slimes","floor":1.0,"turns":3.0},{"damage":6.0,"enemies":"Jaw Worm","floor":3.0,"turns":4.0},{"damage":4.0,"enemies":"2 Louse","floor":5.0,"turns":2.0},{"damage":24.0,"enemies":"Exordium Wildlife","floor":7.0,"turns":5.0},{"damage":32.0,"enemies":"Gremlin Nob","floor":8.0,"turns":4.0},{"damage":12.0,"enemies":"3 Sentries","floor":11.0,"turns":3.0},{"damage":17.0,"enemies":"Gremlin Gang","floor":12.0,"turns":4.0},{"damage":0.0,"enemies":"Exordium Thugs","floor":14.0,"turns":2.0},{"damage":26.0,"enemies":"Hexaghost","floor":16.0,"turns":9.0},{"damage":35.0,"enemies":"2 Thieves","floor":18.0,"turns":4.0},{"damage":9.0,"enemies":"Spheric Guardian","floor":19.0,"turns":4.0},{"damage":14.0,"enemies":"Gremlin Leader","floor":28.0,"turns":3.0},{"damage":26.0,"enemies":"Centurion and Healer","floor":31.0,"turns":3.0},{"damage":75.0,"enemies":"Automaton","floor":33.0,"turns":12.0},{"damage":14.0,"enemies":"3 Darklings","floor":35.0,"turns":3.0},{"damage":0.0,"enemies":"Orb Walker","floor":37.0,"turns":2.0},{"damage":35.0,"enemies":"Jaw Worm Horde","floor":38.0,"turns":3.0},{"damage":11.0,"enemies":"Sphere and 2 Shapes","floor":39.0,"turns":3.0},{"damage":67,"enemies":"Giant Head","floor":41,"turns":9}],"seed_played":"-493660289388914823","potions_obtained":[{"floor":1.0,"key":"EntropicBrew"},{"floor":5.0,"key":"AttackPotion"},{"floor":8.0,"key":"SteroidPotion"},{"floor":18.0,"key":"Dexterity Potion"},{"floor":19.0,"key":"Fire Potion"},{"floor":33.0,"key":"SteroidPotion"}],"is_trial":false,"path_per_floor":["M","?","M","$","M","R","M","E","T","R","E","M","R","M","R","B",null,"M","M","$","?","?","R","$","R","T","R","E","R","$","M","R","B",null,"M","?","M","M","M","R","E"],"character_chosen":"IRONCLAD","items_purchased":["Armaments","Happy Flower","Pommel Strike+1"],"campfire_rested":2,"item_purchase_floors":[4,20,20],"current_hp_per_floor":[94,75,75,75,77,77,59,33,33,60,54,43,43,49,49,54,83,54,51,51,51,51,63,63,75,75,87,79,93,93,73,93,24,76,68,68,74,45,44,59,0],"gold":219,"neow_bonus":"TWENTY_PERCENT_HP_BONUS","is_prod":false,"is_daily":false,"chose_seed":false,"campfire_upgraded":8,"win_rate":0,"timestamp":1559362293,"path_taken":["M","?","M","$","M","R","M","E","T","R","E","M","R","M","R","BOSS","M","M","$","?","?","R","?","R","T","R","E","R","$","?","R","BOSS","M","?","M","?","M","R","E"],"build_version":"2019-01-23","purchased_purges":2,"victory":false,"max_hp_per_floor":[96,96,96,93,93,93,93,93,93,93,93,93,93,93,93,93,93,93,93,93,93,93,93,93,93,93,93,93,93,93,93,93,93,93,93,93,93,93,97,97,97],"card_choices":[{"not_picked":["Havoc","Pummel"],"picked":"Headbutt","floor":1.0},{"not_picked":["Clash","Clothesline"],"picked":"Cleave","floor":3.0},{"not_picked":["Fire Breathing","Thunderclap"],"picked":"Perfected Strike","floor":5.0},{"not_picked":["Combust","Evolve"],"picked":"Thunderclap","floor":7.0},{"not_picked":["Offering","Seeing Red"],"picked":"Shrug It Off","floor":8.0},{"not_picked":["Pummel+1","Warcry"],"picked":"Heavy Blade+1","floor":11.0},{"not_picked":["Seeing Red","Armaments"],"picked":"Wild Strike+1","floor":12.0},{"not_picked":["Shrug It Off","Flame Barrier"],"picked":"Body Slam+1","floor":14.0},{"not_picked":["Immolate+1","Brutality"],"picked":"Bludgeon+1","floor":16.0},{"not_picked":["Armaments","Heavy Blade+1"],"picked":"Infernal Blade+1","floor":18.0},{"not_picked":["Blood for Blood+1","Warcry"],"picked":"Twin Strike+1","floor":19.0},{"not_picked":["Spot Weakness+1","Inflame"],"picked":"Double Tap+1","floor":28.0},{"not_picked":["Dual Wield+1","Heavy Blade+1"],"picked":"Cleave+1","floor":31.0},{"not_picked":["Limit Break+1","Double Tap+1"],"picked":"Feed+1","floor":33.0},{"not_picked":["Thunderclap+1","Headbutt+1"],"picked":"Flex+1","floor":35.0},{"not_picked":["Havoc+1","Armaments+1"],"picked":"Clothesline+1","floor":37.0},{"not_picked":["Clothesline+1","Body Slam+1"],"picked":"Shrug It Off+1","floor":38.0},{"not_picked":["True Grit+1","Wild Strike+1"],"picked":"Barricade","floor":39.0}],"player_experience":191226,"relics_obtained":[{"floor":8.0,"key":"Molten Egg 2"},{"floor":9.0,"key":"Pantograph"},{"floor":11.0,"key":"Kunai"},{"floor":26.0,"key":"Lantern"},{"floor":28.0,"key":"Paper Frog"}],"event_choices":[{"damage_healed":0.0,"max_hp_gain":0.0,"max_hp_loss":0.0,"gold_gain":0.0,"event_name":"Shining Light","player_choice":"Entered Light","floor":2.0,"gold_loss":0.0,"damage_taken":19.0,"cards_upgraded":["Strike_R","Strike_R"]},{"damage_healed":0.0,"max_hp_gain":0.0,"max_hp_loss":0.0,"gold_gain":0.0,"event_name":"Back to Basics","player_choice":"Simplicity","floor":21.0,"gold_loss":0.0,"damage_taken":0.0,"cards_upgraded":["Strike_R","Strike_R","Strike_R","Defend_R","Defend_R","Defend_R","Defend_R"]},{"damage_healed":0.0,"max_hp_gain":0.0,"max_hp_loss":0.0,"gold_gain":0.0,"event_name":"The Mausoleum","player_choice":"Opened","floor":22.0,"gold_loss":0.0,"damage_taken":0.0,"relics_obtained":["Toxic Egg 2"],"cards_obtained":["Writhe"]},{"cards_removed":["Strike_R"],"damage_healed":0.0,"max_hp_gain":0.0,"max_hp_loss":0.0,"gold_gain":0.0,"event_name":"Bonfire Elementals","player_choice":"Offered Basic","floor":36.0,"gold_loss":0.0,"damage_taken":0.0}],"is_beta":false,"boss_relics":[{"not_picked":["Runic Cube","Philosopher\u0027s Stone"],"picked":"Eternal Feather"},{"not_picked":["Lizard Tail","Coffee Dripper"],"picked":"Sozu"}],"items_purged_floors":[4,30],"is_endless":false,"potions_floor_spawned":[1,5,8,11,18,19,33,35,37,39],"killed_by":"Giant Head","ascension_level":6}