{"gold_per_floor":[116,129,144,144,161,161,179,193,239,267,286,300,300,334,334,437,437,453,3,21,39,13,32,32,48,48,107,117,117,152,165,165,261,261,278,56,56,74,90,90,100,125,125,153,166,176,189,201,201,201],"floor_reached":51,"playtime":5888,"items_purged":["Strike_R","Strike_R"],"score":1181,"play_id":"f11fab5f-f71d-4e99-833a-249c9f3d758f","local_time":"20190510020243","is_ascension_mode":true,"campfire_choices":[{"data":"Flex","floor":6,"key":"SMITH"},{"floor":15,"key":"REST"},{"data":"Armaments","floor":24,"key":"SMITH"},{"floor":29,"key":"REST"},{"data":"Armaments","floor":32,"key":"SMITH"},{"floor":40,"key":"REST"},{"data":"Clothesline","floor":49,"key":"SMITH"}],"neow_cost":"PERCENT_DAMAGE","seed_source_timestamp":906159030077139,"circlet_count":0,"master_deck":["AscendersBane","Defend_R","Defend_R","Defend_R","Bash","Blood for Blood","Pommel Strike","Sword Boomerang","Clothesline+1","Flex+1","Anger","Evolve","Metallicize","Thunderclap","Armaments+1","True Grit","Corruption+1","Barricade+1","Dark Embrace+1","Havoc","Feel No Pain+1","Metallicize+1","Armaments+1","Power Through","True Grit+1","Seeing Red","Anger+1","Inflame+1","Flex","Reaper","Havoc+1","Shrug It Off","Bandage Up","Disarm","Armaments+1","Warcry+1","True Grit+1","Juggernaut+1","Flex+1","Havoc+1"],"relics":["Burning Blood","Boot","Frozen Egg 2","Mercury Hourglass","Cursed Key","Omamori","Medical Kit","Incense Burner","Tiny Chest","Oddly Smooth Stone","Snecko Eye","Pen Nib","Toxic Egg 2","Nunchaku"],"potions_floor_usage":[10,11,16,18,25,26,33,44,45,50,50],"damage_taken":[{"damage":1,"enemies":"Cultist","floor":1,"turns":3},{"damage":0,"enemies":"Small Slimes","floor":2,"turns":3},{"damage":4,"enemies":"Jaw Worm","floor":3,"turns":4},{"damage":10,"enemies":"Gremlin Gang","floor":5,"turns":6},{"damage":11,"enemies":"2 Fungi Beasts","floor":7,"turns":3},{"damage":4,"enemies":"Exordium Wildlife","floor":8,"turns":5},{"damage":24,"enemies":"Lagavulin","floor":10,"turns":5},{"damage":6,"enemies":"Red Slaver","floor":11,"turns":2},{"damage":0,"enemies":"Lots of Slimes","floor":12,"turns":2},{"damage":22,"enemies":"3 Sentries","floor":14,"turns":6},{"damage":41,"enemies":"Hexaghost","floor":16,"turns":10},{"damage":8,"enemies":"Shell Parasite","floor":18,"turns":6},{"damage":9,"enemies":"Spheric Guardian","floor":20,"turns":5},{"damage":18,"enemies":"Shelled Parasite and Fungi","floor":21,"turns":5},{"damage":4,"enemies":"Cultist and Chosen","floor":23,"turns":7},{"damage":17,"enemies":"Snake Plant","floor":25,"turns":5},{"damage":18,"enemies":"Gremlin Leader","floor":27,"turns":7},{"damage":9,"enemies":"Shelled Parasite and Fungi","floor":28,"turns":6},{"damage":2,"enemies":"Book of Stabbing","floor":30,"turns":5},{"damage":6,"enemies":"Sentry and Sphere","floor":31,"turns":5},{"damage":30,"enemies":"Automaton","floor":33,"turns":9},{"damage":17,"enemies":"3 Darklings","floor":35,"turns":4},{"damage":12,"enemies":"Orb Walker","floor":38,"turns":3},{"damage":60,"enemies":"Transient","floor":39,"turns":5},{"damage":0,"enemies":"Sphere and 2 Shapes","floor":41,"turns":4},{"damage":9,"enemies":"Giant Head","floor":42,"turns":5},{"damage":16,"enemies":"Nemesis","floor":44,"turns":5},{"damage":20,"enemies":"3 Darklings","floor":45,"turns":4},{"damage":10,"enemies":"Jaw Worm Horde","floor":46,"turns":5},{"damage":15,"enemies":"Writhing Mass","floor":47,"turns":4},{"damage":5,"enemies":"Maw","floor":48,"turns":4},{"damage":59,"enemies":"Awakened One","floor":50,"turns":13}],"seed_played":"7371689448065651488","potions_obtained":[{"floor":3,"key":"EssenceOfSteel"},{"floor":5,"key":"AttackPotion"},{"floor":10,"key":"Regen Potion"},{"floor":11,"key":"Poison Potion"},{"floor":13,"key":"Swift Potion"},{"floor":16,"key":"Block Potion"},{"floor":20,"key":"Block Potion"},{"floor":25,"key":"Fruit Juice"},{"floor":31,"key":"Regen Potion"},{"floor":33,"key":"LiquidBronze"},{"floor":42,"key":"Swift Potion"},{"floor":45,"key":"Block Potion"},{"floor":48,"key":"SkillPotion"}],"is_trial":false,"path_per_floor":["M","M","M","?","M","R","M","M","T","E","M","M","?","E","R","B",null,"M","$","M","M","$","M","R","M","T","E","M","R","E","M","R","B",null,"M","$","?","M","M","R","M","E","T","E","M","M","M","M","R","B",null],"character_chosen":"IRONCLAD","items_purchased":["Feel No Pain+1","Omamori","Medical Kit","Armaments","Shrug It Off","Bandage Up"],"campfire_rested":3,"item_purchase_floors":[19,19,19,22,36,36],"current_hp_per_floor":[56,62,64,64,60,60,55,57,57,39,44,50,50,34,58,23,66,64,64,61,49,49,51,51,40,45,33,30,55,59,59,59,50,76,81,81,81,79,29,54,74,80,80,81,80,76,71,81,81,48],"gold":201,"neow_bonus":"TRANSFORM_TWO_CARDS","is_prod":false,"is_daily":false,"chose_seed":false,"campfire_upgraded":4,"win_rate":0,"timestamp":1557468163,"path_taken":["M","?","M","?","M","R","?","M","T","E","M","?","?","E","R","BOSS","M","$","M","?","?","M","R","M","T","E","M","R","E","M","R","BOSS","M","$","?","M","M","R","?","E","T","E","M","M","M","M","R","BOSS"],"build_version":"2019-01-23","purchased_purges":2,"victory":true,"max_hp_per_floor":[80,80,80,80,80,80,80,80,80,80,80,80,80,80,80,80,80,80,80,80,80,80,80,80,80,85,85,85,85,85,85,85,85,85,85,85,85,85,85,85,85,85,85,85,85,85,85,85,85,85],"card_choices":[{"not_picked":["Clash","Power Through"],"picked":"Sword Boomerang","floor":1},{"not_picked":["Sword Boomerang","Havoc"],"picked":"Clothesline","floor":2},{"not_picked":["Pommel Strike","Evolve"],"picked":"Flex","floor":3},{"not_picked":["Anger","Entrench"],"picked":"Evolve","floor":5},{"not_picked":["Shrug It Off","Armaments"],"picked":"Metallicize","floor":7},{"not_picked":["Heavy Blade","Body Slam"],"picked":"Thunderclap","floor":8},{"not_picked":["Carnage","Headbutt"],"picked":"Armaments","floor":10},{"not_picked":["Intimidate","Reckless Charge"],"picked":"True Grit","floor":11},{"not_picked":["Shockwave","Rage"],"picked":"Corruption+1","floor":12},{"not_picked":["Armaments","Rupture+1"],"picked":"Barricade+1","floor":14},{"not_picked":["Double Tap","Brutality+1"],"picked":"Dark Embrace+1","floor":16},{"not_picked":["Combust+1","Sword Boomerang+1"],"picked":"Havoc","floor":18},{"not_picked":["Iron Wave+1","Headbutt","Flex"],"picked":"SKIP","floor":20},{"not_picked":["Cleave","Corruption+1"],"picked":"Metallicize+1","floor":21},{"not_picked":["Clothesline","Warcry"],"picked":"Power Through","floor":23},{"not_picked":["Reckless Charge","Perfected Strike+1"],"picked":"True Grit+1","floor":25},{"not_picked":["Warcry","Uppercut"],"picked":"Seeing Red","floor":27},{"not_picked":["Wild Strike","Thunderclap"],"picked":"Anger+1","floor":28},{"not_picked":["Brutality+1","Heavy Blade"],"picked":"Inflame+1","floor":30},{"not_picked":["Corruption+1","Heavy Blade"],"picked":"Flex","floor":31},{"not_picked":["Brutality+1","Exhume"],"picked":"Reaper","floor":33},{"not_picked":["Iron Wave","Fire Breathing+1"],"picked":"Havoc+1","floor":35},{"not_picked":["Inflame+1","Warcry"],"picked":"Armaments+1","floor":38},{"not_picked":["Second Wind","Anger+1","Thunderclap+1"],"picked":"SKIP","floor":39},{"not_picked":["Anger+1","Sever Soul+1"],"picked":"Warcry+1","floor":41},{"not_picked":["Armaments","Fire Breathing+1"],"picked":"True Grit+1","floor":42},{"not_picked":["Bloodletting+1","Reaper"],"picked":"Juggernaut+1","floor":44},{"not_picked":["Wild Strike","Anger","Sword Boomerang"],"picked":"SKIP","floor":45},{"not_picked":["Rupture+1","Armaments+1","Spot Weakness+1"],"picked":"SKIP","floor":46},{"not_picked":["Sever Soul+1","Armaments+1"],"picked":"Flex+1","floor":47},{"not_picked":["Dropkick+1","Cleave+1"],"picked":"Havoc+1","floor":48}],"player_experience":357241,"relics_obtained":[{"floor":9,"key":"Boot"},{"floor":10,"key":"Frozen Egg 2"},{"floor":14,"key":"Mercury Hourglass"},{"floor":26,"key":"Incense Burner"},{"floor":27,"key":"Tiny Chest"},{"floor":30,"key":"Oddly Smooth Stone"},{"floor":42,"key":"Pen Nib"},{"floor":43,"key":"Toxic Egg 2"},{"floor":44,"key":"Nunchaku"}],"event_choices":[{"damage_healed":0,"gold_gain":0,"cards_transformed":["Strike_R"],"player_choice":"Transformed","damage_taken":0,"max_hp_gain":0,"max_hp_loss":0,"event_name":"Transmorgrifier","floor":4,"gold_loss":0,"cards_obtained":["Anger"]},{"damage_healed":0,"gold_gain":0,"player_choice":"Got Potions","damage_taken":0,"max_hp_gain":0,"max_hp_loss":0,"event_name":"Lab","floor":13,"gold_loss":0},{"damage_healed":0,"gold_gain":0,"cards_transformed":["Defend_R"],"player_choice":"Transformed","damage_taken":0,"max_hp_gain":0,"max_hp_loss":0,"event_name":"Transmorgrifier","floor":37,"gold_loss":0,"cards_obtained":["Disarm"]}],"is_beta":false,"boss_relics":[{"not_picked":["Orrery","Fusion Hammer"],"picked":"Cursed Key"},{"not_picked":["Lizard Tail","Runic Dome"],"picked":"Snecko Eye"}],"items_purged_floors":[19,36],"is_endless":false,"potions_floor_spawned":[3,5,8,10,11,16,20,23,25,31,33,38,42,45,48],"ascension_level":11}