{"gold_per_floor":[17,37,50,69,81,81,96,107,107,32,48,65,65,84,84,156,156,121,121,133,133,145,145,145],"floor_reached":24,"playtime":1566,"items_purged":["Strike_B"],"score":323,"play_id":"18ff2be0-f3b2-4a3b-b130-03f20c34d990","local_time":"20190517190441","is_ascension_mode":true,"campfire_choices":[{"floor":6,"key":"REST"},{"floor":13,"key":"REST"},{"floor":15,"key":"REST"},{"floor":23,"key":"REST"}],"neow_cost":"NO_GOLD","seed_source_timestamp":1903057476920,"circlet_count":0,"master_deck":["AscendersBane","Strike_B","Strike_B","Strike_B","Defend_B","Defend_B","Defend_B","Defend_B","Zap","Dualcast","Purity","Metamorphosis","Cold Snap","Leap","Leap","Rebound","Auto Shields","Conserve Battery","Buffer+1","Go for the Eyes","Reboot","Chill"],"relics":["FrozenCore","Mercury Hourglass"],"potions_floor_usage":[11,16,16,20,24],"damage_taken":[{"damage":7,"enemies":"Jaw Worm","floor":1,"turns":5},{"damage":9,"enemies":"2 Louse","floor":2,"turns":2},{"damage":0,"enemies":"Cultist","floor":3,"turns":3},{"damage":19,"enemies":"Gremlin Gang","floor":4,"turns":4},{"damage":8,"enemies":"Red Slaver","floor":5,"turns":4},{"damage":3,"enemies":"Blue Slaver","floor":7,"turns":4},{"damage":5,"enemies":"Exordium Wildlife","floor":8,"turns":4},{"damage":11,"enemies":"Gremlin Gang","floor":11,"turns":2},{"damage":20,"enemies":"Large Slime","floor":12,"turns":5},{"damage":0,"enemies":"Blue Slaver","floor":14,"turns":4},{"damage":30,"enemies":"The Guardian","floor":16,"turns":11},{"damage":6,"enemies":"2 Thieves","floor":18,"turns":5},{"damage":21,"enemies":"Chosen","floor":20,"turns":10},{"damage":16,"enemies":"Snake Plant","floor":22,"turns":9},{"damage":41,"enemies":"Gremlin Leader","floor":24,"turns":5}],"seed_played":"1529941988932567021","potions_obtained":[{"floor":1,"key":"Energy Potion"},{"floor":5,"key":"AttackPotion"},{"floor":8,"key":"Explosive Potion"},{"floor":14,"key":"Weak Potion"},{"floor":18,"key":"PowerPotion"},{"floor":22,"key":"Weak Potion"}],"is_trial":false,"path_per_floor":["M","M","M","M","M","R","M","M","T","$","M","M","R","M","R","B",null,"M","?","M","?","M","R","E"],"character_chosen":"DEFECT","items_purchased":[],"campfire_rested":4,"item_purchase_floors":[],"current_hp_per_floor":[61,52,52,33,25,47,44,39,39,39,28,8,30,30,52,22,62,56,42,21,21,5,29,0],"gold":145,"neow_bonus":"RANDOM_COLORLESS_2","is_prod":false,"is_daily":false,"chose_seed":false,"campfire_upgraded":0,"win_rate":0,"timestamp":1558145081,"path_taken":["M","M","M","M","M","R","M","M","T","$","M","M","R","M","R","BOSS","M","?","M","?","?","R","E"],"build_version":"2019-01-23","purchased_purges":1,"victory":false,"max_hp_per_floor":[75,75,75,75,75,75,75,75,75,75,75,75,75,75,75,75,75,75,80,80,80,80,80,80],"card_choices":[{"not_picked":["Turbo","Beam Cell"],"picked":"Cold Snap","floor":1},{"not_picked":["Compile Driver","Undo"],"picked":"Leap","floor":2},{"not_picked":["Rebound","Stack"],"picked":"Leap","floor":3},{"not_picked":["Static Discharge","Force Field","White Noise"],"picked":"SKIP","floor":4},{"not_picked":["Leap","Barrage","Turbo"],"picked":"SKIP","floor":5},{"not_picked":["Streamline","Sweeping Beam"],"picked":"Rebound","floor":7},{"not_picked":["Compile Driver","Heatsinks"],"picked":"Auto Shields","floor":8},{"not_picked":["Beam Cell","Gash"],"picked":"Conserve Battery","floor":11},{"not_picked":["Barrage","Streamline"],"picked":"Buffer","floor":12},{"not_picked":["Consume","Leap"],"picked":"Go for the Eyes","floor":14},{"not_picked":["Seek","Meteor Strike"],"picked":"Reboot","floor":16},{"not_picked":["Melter","Hologram"],"picked":"Chill","floor":18},{"not_picked":["Ball Lightning","Stack","Barrage"],"picked":"SKIP","floor":20},{"not_picked":["Hologram","White Noise","Sunder"],"picked":"SKIP","floor":22}],"player_experience":606838,"relics_obtained":[{"floor":9,"key":"Mercury Hourglass"}],"event_choices":[{"damage_healed":0,"gold_gain":0,"player_choice":"Shed Blood","damage_taken":19,"max_hp_gain":5,"max_hp_loss":0,"event_name":"Forgotten Altar","floor":19,"gold_loss":0},{"damage_healed":0,"gold_gain":0,"player_choice":"Upgraded","damage_taken":0,"max_hp_gain":0,"max_hp_loss":0,"event_name":"Upgrade Shrine","floor":21,"gold_loss":0,"cards_upgraded":["Buffer"]}],"is_beta":false,"boss_relics":[{"not_picked":["Black Star","Snecko Eye"],"picked":"FrozenCore"}],"items_purged_floors":[10],"is_endless":false,"potions_floor_spawned":[1,5,7,8,14,18,22],"killed_by":"Gremlin Leader","ascension_level":13}