{"gold_per_floor":[115,132,151,168,168,212,230,303,358,42,42,77,92,14,14,134,134,159,159,159,74,38,76,96,96,120,143,53,74,88,13,13,138,138,152,152,152],"floor_reached":37,"playtime":1872,"items_purged":["Writhe"],"score":449,"play_id":"cd19677a-299a-4516-98af-bf83d6d449e6","local_time":"20180623224503","is_ascension_mode":false,"campfire_choices":[{"data":"Armaments","floor":15,"key":"SMITH"},{"data":"Cleave","floor":25,"key":"SMITH"},{"floor":32,"key":"REST"}],"neow_cost":"NONE","seed_source_timestamp":120940807789028,"circlet_count":0,"master_deck":["Strike_R","Strike_R","Strike_R","Strike_R","Defend_R+1","Defend_R","Defend_R","Defend_R","Bash","Armaments+1","Shrug It Off","Spot Weakness","Anger","Injury","Shrug It Off+1","Headbutt","Twin Strike","Thunderclap","Cleave+1","Inflame","Combust","Bludgeon","Combust","Iron Wave","Clothesline","Injury","Cleave","Infernal Blade","Cleave+1","Rupture","Feed","Heavy Blade","Barricade","Fire Breathing","Cleave","Fire Breathing"],"relics":["Burning Blood","Bag of Marbles","Golden Idol","Paper Frog","Shuriken","Happy Flower","Torii","War Paint","Cursed Key","Orichalcum","Mummified Hand","Mercury Hourglass","Strawberry","Orrery"],"potions_floor_usage":[6,8,8,12,16,16,16,29,33,37,37],"damage_taken":[{"damage":1,"enemies":"Cultist","floor":1,"turns":3},{"damage":7,"enemies":"2 Louse","floor":2,"turns":2},{"damage":5,"enemies":"Small Slimes","floor":3,"turns":4},{"damage":7,"enemies":"Blue Slaver","floor":4,"turns":3},{"damage":16,"enemies":"Gremlin Nob","floor":6,"turns":3},{"damage":5,"enemies":"Red Slaver","floor":7,"turns":3},{"damage":4,"enemies":"Gremlin Nob","floor":8,"turns":3},{"damage":9,"enemies":"Lagavulin","floor":12,"turns":5},{"damage":2,"enemies":"Looter","floor":13,"turns":4},{"damage":47,"enemies":"Hexaghost","floor":16,"turns":7},{"damage":24,"enemies":"3 Byrds","floor":18,"turns":5},{"damage":24,"enemies":"Gremlin Leader","floor":23,"turns":5},{"damage":0,"enemies":"Chosen","floor":24,"turns":2},{"damage":18,"enemies":"Slaver and Parasite","floor":27,"turns":4},{"damage":4,"enemies":"3 Cultists","floor":29,"turns":4},{"damage":4,"enemies":"Chosen and Byrds","floor":30,"turns":4},{"damage":25,"enemies":"Champ","floor":33,"turns":5},{"damage":8,"enemies":"Orb Walker","floor":35,"turns":3},{"damage":92,"enemies":"Time Eater","floor":37,"turns":6}],"seed_played":"-4110143157333715592","potions_obtained":[{"floor":2,"key":"EntropicBrew"},{"floor":3,"key":"EssenceOfSteel"},{"floor":4,"key":"Strength Potion"},{"floor":7,"key":"Energy Potion"},{"floor":8,"key":"SpeedPotion"},{"floor":24,"key":"Weak Potion"},{"floor":29,"key":"GamblersBrew"},{"floor":30,"key":"SpeedPotion"},{"floor":35,"key":"AttackPotion"}],"is_trial":false,"path_per_floor":["M","M","M","M","?","E","M","?","T","$","?","E","M","$","R","B",null,"M","?","?","?","$","E","M","R","T","M","$","M","M","$","R","B",null,"M","?"],"character_chosen":"IRONCLAD","items_purchased":["Torii","Thunderclap","Combust","Combust","Cleave","Infernal Blade"],"campfire_rested":1,"item_purchase_floors":[10,10,14,22,28,28],"current_hp_per_floor":[80,79,80,79,79,69,70,72,72,72,72,69,73,73,73,32,80,62,62,62,62,62,44,50,50,57,45,45,47,49,49,75,56,87,85,85,0],"gold":152,"neow_bonus":"RANDOM_COMMON_RELIC","is_prod":false,"is_daily":false,"chose_seed":false,"campfire_upgraded":2,"win_rate":0.0,"timestamp":1529786703,"path_taken":["M","M","?","M","?","E","M","?","T","?","?","E","M","$","R","BOSS","M","?","?","?","$","E","M","R","T","M","?","M","M","$","R","BOSS","M","?","BOSS"],"build_version":"2018-06-21v2","purchased_purges":1,"victory":false,"max_hp_per_floor":[80,80,80,80,80,80,80,80,80,80,80,80,80,80,80,80,80,80,80,80,80,80,80,80,80,87,87,87,87,87,87,87,87,87,87,87,87],"card_choices":[{"not_picked":["Flex","Twin Strike"],"picked":"Armaments","floor":1},{"not_picked":["Cleave","Infernal Blade"],"picked":"Shrug It Off","floor":2},{"not_picked":["Thunderclap","Heavy Blade"],"picked":"Spot Weakness","floor":3},{"not_picked":["Armaments","Dual Wield"],"picked":"Anger","floor":4},{"not_picked":["Armaments","Intimidate"],"picked":"Shrug It Off","floor":6},{"not_picked":["Twin Strike","Blood for Blood"],"picked":"Headbutt","floor":7},{"not_picked":["Perfected Strike","Demon Form"],"picked":"Twin Strike","floor":8},{"not_picked":["Power Through","Clash"],"picked":"Cleave","floor":12},{"not_picked":["Warcry","Flex"],"picked":"Inflame","floor":13},{"not_picked":["Limit Break","Barricade"],"picked":"Bludgeon","floor":16},{"not_picked":["Clash","Anger","Bloodletting"],"picked":"SKIP","floor":18},{"not_picked":["Armaments","Perfected Strike"],"picked":"Iron Wave","floor":23},{"not_picked":["Hemokinesis","Anger"],"picked":"Clothesline","floor":24},{"not_picked":["Dual Wield","Seeing Red","Sword Boomerang+1"],"picked":"SKIP","floor":27},{"not_picked":["Clothesline+1","Rage"],"picked":"Cleave+1","floor":29},{"not_picked":["Metallicize","Spot Weakness"],"picked":"Rupture","floor":30},{"not_picked":["Fiend Fire","Juggernaut"],"picked":"Feed","floor":33},{"not_picked":["Clash+1","Sword Boomerang"],"picked":"Heavy Blade","floor":34},{"not_picked":["Carnage+1","Power Through"],"picked":"Barricade","floor":34},{"not_picked":["Clash","Body Slam"],"picked":"Fire Breathing","floor":34},{"not_picked":["Anger","Armaments"],"picked":"Cleave","floor":34},{"not_picked":["Flex+1","Clash"],"picked":"Fire Breathing","floor":35}],"player_experience":26783,"relics_obtained":[{"floor":6,"key":"Paper Frog"},{"floor":8,"key":"Shuriken"},{"floor":9,"key":"Happy Flower"},{"floor":12,"key":"War Paint"},{"floor":23,"key":"Mercury Hourglass"},{"floor":26,"key":"Strawberry"}],"event_choices":[{"event_name":"Golden Idol","player_choice":"Take Wound","floor":5,"damage_taken":0},{"event_name":"Dead Adventurer","player_choice":"Searched \u00271\u0027 times","floor":8,"damage_taken":0},{"event_name":"The Cleric","player_choice":"Leave","floor":11,"damage_taken":0},{"event_name":"Bonfire Elementals","player_choice":"BASIC","floor":19,"damage_taken":0},{"event_name":"The Mausoleum","player_choice":"Yes","floor":20,"damage_taken":0},{"event_name":"Addict","player_choice":"Obtained Relic","floor":21,"damage_taken":0},{"event_name":"SecretPortal","player_choice":"Took Portal.","floor":36,"damage_taken":0}],"boss_relics":[{"not_picked":["Calling Bell","Sozu"],"picked":"Cursed Key"},{"not_picked":["Runic Cube","Coffee Dripper"],"picked":"Orrery"}],"items_purged_floors":[31],"is_endless":false,"potions_floor_spawned":[2,3,4,7,8,24,29,30,35],"killed_by":"Time Eater","ascension_level":0}