{"gold_per_floor":[110,110,124,3,3,31,31,50,50,50,63,63,79,99,99,194,194,205,216,60,80,80],"floor_reached":22,"playtime":2390,"items_purged":["Strike_G"],"score":188,"play_id":"dd5d45c5-2e97-40b1-b0ad-5055cdc0ef3f","local_time":"20190111003314","is_ascension_mode":false,"campfire_choices":[{"floor":7,"key":"REST"},{"data":"Adrenaline","floor":10,"key":"SMITH"},{"data":"Accuracy","floor":12,"key":"SMITH"},{"data":"Cloak And Dagger","floor":15,"key":"SMITH"}],"neow_cost":"NONE","seed_source_timestamp":38820550269327,"circlet_count":0,"master_deck":["Defend_G","Defend_G","Defend_G","Defend_G","Defend_G","Strike_G+1","Survivor","Neutralize","Dagger Spray+1","Outmaneuver","Accuracy+1","Backflip","Adrenaline+1","Cloak And Dagger+1","Sucker Punch","Cloak And Dagger","Dagger Spray","Night Terror","Outmaneuver+1","Riddle With Holes+1","Catalyst+1","Noxious Fumes+1","Flying Knee+1","Footwork","Underhanded Strike+1"],"relics":["White Beast Statue","Bottled Lightning","Sundial","Astrolabe"],"potions_floor_usage":[6,6,13,14,14,16,21,21,22],"damage_taken":[{"damage":3,"enemies":"Jaw Worm","floor":1,"turns":4},{"damage":0,"enemies":"2 Louse","floor":3,"turns":3},{"damage":36,"enemies":"3 Sentries","floor":6,"turns":10},{"damage":0,"enemies":"Cultist","floor":8,"turns":3},{"damage":0,"enemies":"Exordium Wildlife","floor":11,"turns":1},{"damage":0,"enemies":"Red Slaver","floor":13,"turns":3},{"damage":9,"enemies":"Large Slime","floor":14,"turns":7},{"damage":42,"enemies":"The Guardian","floor":16,"turns":17},{"damage":28,"enemies":"2 Thieves","floor":18,"turns":4},{"damage":23,"enemies":"Spheric Guardian","floor":19,"turns":6},{"damage":24,"enemies":"Snake Plant","floor":21,"turns":6},{"damage":21,"enemies":"Chosen and Byrds","floor":22,"turns":4}],"seed_played":"-8308825435565453786","potions_obtained":[{"floor":1,"key":"SkillPotion"},{"floor":3,"key":"Regen Potion"},{"floor":6,"key":"Fire Potion"},{"floor":8,"key":"Ancient Potion"},{"floor":11,"key":"FairyPotion"},{"floor":13,"key":"Regen Potion"},{"floor":14,"key":"Block Potion"},{"floor":16,"key":"Energy Potion"},{"floor":18,"key":"Strength Potion"},{"floor":19,"key":"Regen Potion"},{"floor":21,"key":"EssenceOfSteel"}],"is_trial":false,"path_per_floor":["M","?","M","$","?","E","R","M","T","R","M","R","M","M","R","B",null,"M","M","$","M","M"],"character_chosen":"THE_SILENT","items_purchased":["Accuracy","Backflip","Footwork"],"campfire_rested":1,"item_purchase_floors":[4,4,20],"current_hp_per_floor":[67,53,53,53,53,32,53,53,53,53,53,53,53,59,59,17,70,42,19,19,4,0],"gold":80,"neow_bonus":"BOSS_RELIC","is_prod":false,"is_daily":false,"chose_seed":false,"campfire_upgraded":3,"win_rate":0.0,"timestamp":1547184794,"path_taken":["M","?","M","$","?","E","R","M","T","R","M","R","M","M","R","BOSS","M","M","$","M","M"],"build_version":"2019-01-10","purchased_purges":1,"victory":false,"max_hp_per_floor":[70,70,70,70,70,70,70,70,70,70,70,70,70,70,70,70,70,70,70,70,70,70],"card_choices":[{"not_picked":["Underhanded Strike","Prepared"],"picked":"Dagger Spray","floor":1},{"not_picked":["Blur","Calculated Gamble"],"picked":"Outmaneuver","floor":3},{"not_picked":["Cloak And Dagger","Bane"],"picked":"Adrenaline","floor":6},{"not_picked":["Slice","Quick Slash"],"picked":"Cloak And Dagger","floor":8},{"not_picked":["Noxious Fumes","Crippling Poison"],"picked":"Sucker Punch","floor":11},{"not_picked":["Acrobatics","Underhanded Strike"],"picked":"Cloak And Dagger","floor":13},{"not_picked":["Underhanded Strike","Outmaneuver"],"picked":"Dagger Spray","floor":14},{"not_picked":["Phantasmal Killer","Wraith Form v2"],"picked":"Night Terror","floor":16},{"not_picked":["Acrobatics","Dagger Spray"],"picked":"Noxious Fumes+1","floor":18},{"not_picked":["Predator","Endless Agony"],"picked":"Flying Knee+1","floor":19},{"not_picked":["All Out Attack","Finisher"],"picked":"Underhanded Strike+1","floor":21}],"player_experience":32280,"relics_obtained":[{"floor":6,"key":"Bottled Lightning"},{"floor":9,"key":"Sundial"}],"event_choices":[{"damage_healed":0,"gold_gain":0,"player_choice":"Entered Light","damage_taken":14,"max_hp_gain":0,"max_hp_loss":0,"event_name":"Shining Light","floor":2,"gold_loss":0,"cards_upgraded":["Strike_G","Dagger Spray"]},{"damage_healed":0,"gold_gain":0,"player_choice":"Leave","damage_taken":0,"max_hp_gain":0,"max_hp_loss":0,"event_name":"The Cleric","floor":5,"gold_loss":0}],"is_beta":false,"boss_relics":[{"not_picked":["Cursed Key","Tiny House"],"picked":"Astrolabe"}],"items_purged_floors":[20],"is_endless":false,"potions_floor_spawned":[1,3,6,8,11,13,14,16,18,19,21],"killed_by":"Chosen and Byrds","ascension_level":0}