{"gold_per_floor":[114,214,228,228,228,228,258,258,308,319,319,350,350,382,382,487,487,501,411,426,426,351,351,351],"floor_reached":24,"playtime":1366,"items_purged":[],"score":364,"play_id":"c0ea27de-ebc1-47e2-8ec4-c7037c30c3ef","local_time":"20190507143217","is_ascension_mode":true,"campfire_choices":[{"data":"Predator","floor":6,"key":"SMITH"},{"data":"Cloak And Dagger","floor":8,"key":"SMITH"},{"floor":13,"key":"REST"},{"floor":15,"key":"DIG"},{"data":"Cloak And Dagger","floor":23,"key":"SMITH"}],"neow_cost":"NONE","seed_source_timestamp":696460781388453,"circlet_count":0,"master_deck":["AscendersBane","Defend_G+1","Defend_G+1","Defend_G+1","Defend_G+1","Defend_G+1","Strike_G+1","Strike_G+1","Strike_G+1","Survivor","Neutralize","Predator+1","Deflect","Cloak And Dagger+1","Dagger Spray","Blur+1","Terror","After Image+1","Cloak And Dagger+1","Well Laid Plans+1","Infinite Blades+1","Caltrops+1","Blade Dance","Backflip+1"],"relics":["Ring of the Snake","NeowsBlessing","Bag of Marbles","Centennial Puzzle","Shovel","Frozen Egg 2","Pantograph","WingedGreaves","Orrery"],"potions_floor_usage":[],"damage_taken":[{"damage":0,"enemies":"Small Slimes","floor":1,"turns":1},{"damage":0,"enemies":"Cultist","floor":3,"turns":1},{"damage":0,"enemies":"Gremlin Nob","floor":7,"turns":1},{"damage":2,"enemies":"2 Louse","floor":10,"turns":2},{"damage":29,"enemies":"Lagavulin","floor":12,"turns":7},{"damage":12,"enemies":"3 Sentries","floor":14,"turns":9},{"damage":20,"enemies":"Slime Boss","floor":16,"turns":16},{"damage":16,"enemies":"Spheric Guardian","floor":18,"turns":7},{"damage":1,"enemies":"Shell Parasite","floor":20,"turns":5},{"damage":52,"enemies":"Slavers","floor":24,"turns":3}],"seed_played":"6585165392886137787","potions_obtained":[{"floor":12,"key":"Swift Potion"},{"floor":18,"key":"Ancient Potion"},{"floor":20,"key":"Strength Potion"}],"is_trial":false,"path_per_floor":["M","?","M","?","?","R","E","R","T","M","T","E","R","E","R","B",null,"M","?","M","?","?","R","E"],"character_chosen":"THE_SILENT","items_purchased":[],"campfire_rested":1,"item_purchase_floors":[],"current_hp_per_floor":[63,63,63,63,49,49,49,49,49,47,47,18,39,27,27,32,61,45,45,44,44,44,44,0],"gold":351,"neow_bonus":"THREE_ENEMY_KILL","is_prod":false,"is_daily":false,"chose_seed":false,"campfire_upgraded":3,"win_rate":0,"timestamp":1557253937,"path_taken":["M","?","?","?","?","R","E","R","T","M","?","E","R","E","R","BOSS","M","?","?","?","?","R","E"],"build_version":"2019-01-23","purchased_purges":0,"victory":false,"max_hp_per_floor":[70,70,70,70,70,70,70,70,70,70,70,70,70,70,70,70,70,70,70,70,70,70,70,70],"card_choices":[{"not_picked":["Outmaneuver","Acrobatics"],"picked":"Predator","floor":1},{"not_picked":["Blur","Predator"],"picked":"Deflect","floor":3},{"not_picked":["Setup","Caltrops"],"picked":"Cloak And Dagger","floor":7},{"not_picked":["Escape Plan","Catalyst"],"picked":"Dagger Spray","floor":10},{"not_picked":["Deadly Poison","Bane"],"picked":"Blur","floor":12},{"not_picked":["Bane","Endless Agony"],"picked":"Terror","floor":14},{"not_picked":["Tools of the Trade+1","Burst"],"picked":"After Image+1","floor":16},{"not_picked":["Dodge and Roll","Distraction"],"picked":"Cloak And Dagger","floor":17},{"not_picked":["Quick Slash","Crippling Poison"],"picked":"Well Laid Plans+1","floor":17},{"not_picked":["Blur","Concentrate"],"picked":"Infinite Blades+1","floor":17},{"not_picked":["Sucker Punch","Flying Knee"],"picked":"Caltrops+1","floor":17},{"not_picked":["Slice","Dagger Spray+1"],"picked":"Blade Dance","floor":18},{"not_picked":["Dagger Spray","Eviscerate"],"picked":"Backflip+1","floor":20}],"player_experience":353214,"relics_obtained":[{"floor":7,"key":"Bag of Marbles"},{"floor":9,"key":"Centennial Puzzle"},{"floor":11,"key":"Shovel"},{"floor":12,"key":"Frozen Egg 2"},{"floor":14,"key":"Pantograph"},{"floor":15,"key":"WingedGreaves"}],"event_choices":[{"damage_healed":0,"gold_gain":100,"player_choice":"Pray","damage_taken":0,"max_hp_gain":0,"max_hp_loss":0,"event_name":"Golden Shrine","floor":2,"gold_loss":0},{"damage_healed":0,"gold_gain":0,"player_choice":"Ignored","damage_taken":0,"max_hp_gain":0,"max_hp_loss":0,"event_name":"Liars Game","floor":4,"gold_loss":0},{"damage_healed":0,"gold_gain":0,"player_choice":"Entered Light","damage_taken":14,"max_hp_gain":0,"max_hp_loss":0,"event_name":"Shining Light","floor":5,"gold_loss":0,"cards_upgraded":["Strike_G","Defend_G"]},{"cards_removed":["Strike_G"],"damage_healed":0,"gold_gain":0,"player_choice":"Upgrade and Remove","damage_taken":0,"max_hp_gain":0,"max_hp_loss":0,"event_name":"Designer","floor":19,"gold_loss":90,"cards_upgraded":["Blur"]},{"damage_healed":0,"gold_gain":0,"player_choice":"Simplicity","damage_taken":0,"max_hp_gain":0,"max_hp_loss":0,"event_name":"Back to Basics","floor":21,"gold_loss":0,"cards_upgraded":["Defend_G","Defend_G","Defend_G","Defend_G","Strike_G","Strike_G","Strike_G"]},{"cards_removed":["Strike_G"],"damage_healed":0,"gold_gain":0,"player_choice":"Gave Gold","damage_taken":0,"max_hp_gain":0,"max_hp_loss":0,"event_name":"Beggar","floor":22,"gold_loss":75}],"is_beta":false,"boss_relics":[{"not_picked":["Black Star","Calling Bell"],"picked":"Orrery"}],"items_purged_floors":[],"is_endless":false,"potions_floor_spawned":[12,18,20],"killed_by":"Slavers","ascension_level":11}