{"gold_per_floor":[110,120,70,82,92,125,145,145,145,155,180,199,214,214,214,310,310,327,105,30,30],"floor_reached":21,"playtime":2655,"items_purged":["Writhe"],"score":183,"play_id":"1508941a-d587-48df-9ec5-673f5f8dcf56","local_time":"20190420173717","is_ascension_mode":false,"campfire_choices":[{"floor":8,"key":"REST"},{"floor":15,"key":"REST"}],"neow_cost":"NONE","seed_source_timestamp":859644923284935,"circlet_count":0,"master_deck":["Strike_B","Strike_B","Strike_B","Strike_B","Defend_B","Defend_B","Defend_B","Zap","Dualcast","Ball Lightning","Fusion","Skim","Electrodynamics","Cold Snap","Leap","Self Repair","Conserve Battery","Double Energy","Reboot","Clumsy","Chill+1","Machine Learning"],"relics":["Cracked Core","Bag of Marbles","Pear","Odd Mushroom","Calling Bell","Oddly Smooth Stone","Shuriken","Girya"],"potions_floor_usage":[6,11,13],"damage_taken":[{"damage":1,"enemies":"Jaw Worm","floor":1,"turns":3},{"damage":0,"enemies":"2 Louse","floor":2,"turns":3},{"damage":12,"enemies":"Small Slimes","floor":4,"turns":3},{"damage":11,"enemies":"Blue Slaver","floor":5,"turns":4},{"damage":41,"enemies":"3 Sentries","floor":6,"turns":7},{"damage":7,"enemies":"2 Fungi Beasts","floor":7,"turns":2},{"damage":6,"enemies":"Exordium Thugs","floor":10,"turns":3},{"damage":21,"enemies":"The Mushroom Lair","floor":11,"turns":4},{"damage":12,"enemies":"Blue Slaver","floor":12,"turns":3},{"damage":2,"enemies":"Large Slime","floor":13,"turns":5},{"damage":18,"enemies":"Slime Boss","floor":16,"turns":8},{"damage":30,"enemies":"Shell Parasite","floor":18,"turns":7},{"damage":16,"enemies":"Colosseum Slavers","floor":21,"turns":3},{"damage":63,"enemies":"Colosseum Nobs","floor":21,"turns":5}],"seed_played":"9180812114131429464","potions_obtained":[{"floor":4,"key":"Energy Potion"},{"floor":5,"key":"EssenceOfSteel"},{"floor":10,"key":"GamblersBrew"},{"floor":12,"key":"AttackPotion"}],"is_trial":false,"path_per_floor":["M","M","?","M","M","E","M","R","T","M","?","M","M","?","R","B",null,"M","$","?","?"],"character_chosen":"DEFECT","items_purchased":["Machine Learning"],"campfire_rested":2,"item_purchase_floors":[19],"current_hp_per_floor":[81,81,81,69,58,17,10,34,44,38,17,5,10,10,37,19,92,69,69,69,0],"gold":30,"neow_bonus":"TEN_PERCENT_HP_BONUS","is_prod":false,"is_daily":false,"chose_seed":false,"campfire_upgraded":0,"win_rate":0.0,"timestamp":1555807037,"path_taken":["M","M","?","M","M","E","M","R","T","M","?","M","M","?","R","BOSS","M","$","?","?"],"build_version":"2019-01-23","purchased_purges":1,"victory":false,"max_hp_per_floor":[82,82,82,82,82,82,82,82,92,92,92,92,92,92,92,92,92,92,92,89,89],"card_choices":[{"not_picked":["Stack","Double Energy"],"picked":"Ball Lightning","floor":1},{"not_picked":["Go for the Eyes","Leap","Barrage"],"picked":"SKIP","floor":2},{"not_picked":["Double Energy","Reinforced Body"],"picked":"Fusion","floor":4},{"not_picked":["Fusion","Multi-Cast"],"picked":"Skim","floor":5},{"not_picked":["Stack","Sweeping Beam"],"picked":"Electrodynamics","floor":6},{"not_picked":["Compile Driver","Self Repair"],"picked":"Cold Snap","floor":7},{"not_picked":["Stack","Coolheaded"],"picked":"Leap","floor":10},{"not_picked":["Coolheaded","Hologram"],"picked":"Self Repair","floor":11},{"not_picked":["Sweeping Beam","Gash"],"picked":"Conserve Battery","floor":12},{"not_picked":["Loop","Coolheaded"],"picked":"Double Energy","floor":13},{"not_picked":["All For One","Fission"],"picked":"Reboot","floor":16},{"not_picked":["Barrage","Sweeping Beam"],"picked":"Chill+1","floor":18}],"player_experience":12346,"relics_obtained":[{"floor":6,"key":"Bag of Marbles"},{"floor":9,"key":"Pear"},{"floor":11,"key":"Odd Mushroom"},{"floor":17,"key":"Oddly Smooth Stone"},{"floor":17,"key":"Shuriken"},{"floor":17,"key":"Girya"}],"event_choices":[{"cards_removed":["Defend_B"],"damage_healed":0,"gold_gain":0,"player_choice":"Card Removal","damage_taken":0,"max_hp_gain":0,"max_hp_loss":0,"event_name":"The Cleric","floor":3,"gold_loss":50},{"damage_healed":0,"gold_gain":0,"player_choice":"Fought Mushrooms","damage_taken":0,"max_hp_gain":0,"max_hp_loss":0,"event_name":"Mushrooms","floor":11,"gold_loss":0},{"damage_healed":0,"gold_gain":0,"player_choice":"Ignored","damage_taken":0,"max_hp_gain":0,"max_hp_loss":0,"event_name":"Liars Game","floor":14,"gold_loss":0},{"cards_removed":["Parasite"],"damage_healed":0,"gold_gain":0,"player_choice":"Gave Gold","damage_taken":0,"max_hp_gain":0,"max_hp_loss":0,"event_name":"Beggar","floor":20,"gold_loss":75},{"damage_healed":0,"gold_gain":0,"player_choice":"Fight","damage_taken":0,"max_hp_gain":0,"max_hp_loss":0,"event_name":"Colosseum","floor":21,"gold_loss":0},{"damage_healed":0,"gold_gain":0,"player_choice":"Fought Nobs","damage_taken":0,"max_hp_gain":0,"max_hp_loss":0,"event_name":"Colosseum","floor":21,"gold_loss":0}],"is_beta":false,"boss_relics":[{"not_picked":["Cursed Key","FrozenCore"],"picked":"Calling Bell"}],"items_purged_floors":[19],"is_endless":false,"potions_floor_spawned":[4,5,10,12,21],"killed_by":"Colosseum Nobs","ascension_level":0}