{"gold_per_floor":[115,132,132,146,96,96,110,110,137,149,161,173,197,284,296,410,422,444,23,39,52,52,52,67,67,67,67,67,94,106,126,126,126],"floor_reached":33,"playtime":946,"items_purged":["Strike_B"],"score":334,"play_id":"961fe7dc-7916-4389-8019-04d25fa45500","local_time":"20190605153826","is_ascension_mode":true,"campfire_choices":[{"data":"Hologram","floor":6,"key":"SMITH"},{"data":"Dualcast","floor":11,"key":"SMITH"},{"data":"Ball Lightning","floor":15,"key":"SMITH"},{"floor":23,"key":"REST"},{"data":"Storm","floor":25,"key":"SMITH"},{"floor":27,"key":"REST"},{"floor":32,"key":"REST"}],"neow_cost":"TEN_PERCENT_HP_LOSS","seed_source_timestamp":103831862460343,"circlet_count":0,"master_deck":["Strike_B","Strike_B","Defend_B","Defend_B","Zap+1","Dualcast+1","Ball Lightning+1","Hologram+1","BootSequence","Core Surge","Capacitor+1","Leap","Conserve Battery","Storm+1","Loop","Self Repair"],"relics":["Cracked Core","MawBank","Bottled Flame","Runic Dome","Ice Cream","MutagenicStrength","Darkstone Periapt","Pen Nib"],"potions_floor_usage":[29,33,33],"damage_taken":[{"damage":2,"enemies":"Jaw Worm","floor":1,"turns":3},{"damage":1,"enemies":"Cultist","floor":2,"turns":3},{"damage":0,"enemies":"2 Louse","floor":4,"turns":1},{"damage":3,"enemies":"Blue Slaver","floor":7,"turns":3},{"damage":2,"enemies":"2 Fungi Beasts","floor":13,"turns":3},{"damage":14,"enemies":"The Guardian","floor":16,"turns":10},{"damage":8,"enemies":"2 Thieves","floor":18,"turns":3},{"damage":5,"enemies":"3 Byrds","floor":20,"turns":4},{"damage":35,"enemies":"Centurion and Healer","floor":21,"turns":8},{"damage":12,"enemies":"Snake Plant","floor":24,"turns":3},{"damage":20,"enemies":"Slavers","floor":29,"turns":5},{"damage":11,"enemies":"Snecko","floor":30,"turns":4},{"damage":13,"enemies":"Centurion and Healer","floor":31,"turns":6},{"damage":61,"enemies":"Collector","floor":33,"turns":6}],"seed_played":"5030206080789109578","potions_obtained":[{"floor":4,"key":"Regen Potion"},{"floor":7,"key":"EssenceOfSteel"},{"floor":13,"key":"Explosive Potion"},{"floor":29,"key":"Swift Potion"}],"is_trial":false,"path_per_floor":["M","M","?","M","?","R","M","?","T","T","R","$","M","?","R","B",null,"M","$","M","M","?","R","M","R","T","R","$","E","M","M","R","B"],"character_chosen":"DEFECT","items_purchased":["Ice Cream","Leap"],"campfire_rested":3,"item_purchase_floors":[19,19],"current_hp_per_floor":[66,65,65,65,65,65,62,67,67,67,67,67,65,58,58,44,66,58,58,53,18,18,39,27,27,27,48,48,28,17,4,25,0],"gold":126,"neow_bonus":"REMOVE_TWO","is_prod":false,"is_daily":false,"chose_seed":false,"campfire_upgraded":4,"win_rate":0,"timestamp":1559741906,"path_taken":["M","M","?","?","?","R","M","?","T","?","R","?","M","?","R","BOSS","M","$","?","M","?","R","M","R","T","R","?","E","M","M","R","BOSS"],"build_version":"2019-01-23","purchased_purges":1,"victory":false,"max_hp_per_floor":[68,68,68,68,68,68,68,73,73,73,73,73,73,73,73,73,73,73,73,73,73,73,73,73,73,73,73,73,73,73,73,73,73],"card_choices":[{"not_picked":["Go for the Eyes","Stack","Lockon"],"picked":"SKIP","floor":1},{"not_picked":["Streamline","Force Field"],"picked":"Ball Lightning","floor":2},{"not_picked":["Hologram","Double Energy","Consume"],"picked":"SKIP","floor":4},{"not_picked":["Double Energy","Consume"],"picked":"Hologram","floor":4},{"not_picked":["Recycle","Rebound","Compile Driver"],"picked":"SKIP","floor":7},{"not_picked":["Redo","Chill"],"picked":"BootSequence","floor":13},{"not_picked":["Biased Cognition","Meteor Strike"],"picked":"Core Surge","floor":16},{"not_picked":["Redo","Streamline"],"picked":"Capacitor+1","floor":18},{"not_picked":["Coolheaded","Leap"],"picked":"Conserve Battery","floor":20},{"not_picked":["Hello World","Redo+1","Leap"],"picked":"SKIP","floor":21},{"not_picked":["Coolheaded+1","Beam Cell"],"picked":"Storm","floor":24},{"not_picked":["Redo","FTL","Coolheaded+1"],"picked":"SKIP","floor":29},{"not_picked":["Scrape","Steam"],"picked":"Loop","floor":30},{"not_picked":["Conserve Battery+1","Steam+1"],"picked":"Self Repair","floor":31}],"player_experience":119943,"relics_obtained":[{"floor":9,"key":"MawBank"},{"floor":10,"key":"Bottled Flame"},{"floor":26,"key":"Darkstone Periapt"},{"floor":29,"key":"Pen Nib"}],"event_choices":[{"damage_healed":0,"gold_gain":0,"player_choice":"Upgraded","damage_taken":0,"max_hp_gain":0,"max_hp_loss":0,"event_name":"Upgrade Shrine","floor":3,"gold_loss":0,"cards_upgraded":["Zap"]},{"cards_removed":["Defend_B"],"damage_healed":0,"gold_gain":0,"player_choice":"Card Removal","damage_taken":0,"max_hp_gain":0,"max_hp_loss":0,"event_name":"The Cleric","floor":5,"gold_loss":50},{"damage_healed":0,"gold_gain":0,"player_choice":"Donut","damage_taken":0,"max_hp_gain":5,"max_hp_loss":0,"event_name":"Big Fish","floor":8,"gold_loss":0},{"damage_healed":0,"gold_gain":75,"player_choice":"Touch","damage_taken":7,"max_hp_gain":0,"max_hp_loss":0,"event_name":"FaceTrader","floor":14,"gold_loss":0},{"damage_healed":0,"gold_gain":0,"player_choice":"Inject Mutagens","damage_taken":0,"relics_obtained":["MutagenicStrength"],"max_hp_gain":0,"max_hp_loss":0,"event_name":"Drug Dealer","floor":22,"gold_loss":0}],"is_beta":false,"boss_relics":[{"not_picked":["Lizard Tail","Coffee Dripper"],"picked":"Runic Dome"}],"items_purged_floors":[19],"is_endless":false,"potions_floor_spawned":[4,7,13,21,29,30],"killed_by":"Collector","ascension_level":6}