{"gold_per_floor":[359,374,391,156,171,171,183,183,183,183,103,122,122,4,4,101,101,111,111,111,124,124,157,170,180,229,229,229,229],"floor_reached":29,"playtime":1763,"items_purged":[],"score":317,"play_id":"5f0eb90c-76f2-4756-93ed-08cad1caecb1","local_time":"20190601195611","is_ascension_mode":true,"campfire_choices":[{"data":"Glacier","floor":6,"key":"SMITH"},{"data":"Hologram","floor":8,"key":"SMITH"},{"data":"Defragment","floor":13,"key":"SMITH"},{"floor":15,"key":"REST"},{"floor":28,"key":"REST"}],"neow_cost":"PERCENT_DAMAGE","seed_source_timestamp":57188634457200,"circlet_count":0,"master_deck":["Strike_B","Strike_B","Strike_B","Strike_B","Defend_B","Defend_B","Defend_B","Defend_B","Zap","Dualcast+1","Redo","Streamline","Sweeping Beam","Glacier+1","Darkness","Hologram+1","Defragment+1","Defragment+1","Hello World","Undo","Creative AI","Cold Snap","Cold Snap","Coolheaded","Barrage","Chill+1"],"relics":["FrozenCore","Lantern","Happy Flower","Omamori","PreservedInsect"],"potions_floor_usage":[12,25],"damage_taken":[{"damage":2,"enemies":"Jaw Worm","floor":1,"turns":3},{"damage":10,"enemies":"Small Slimes","floor":2,"turns":3},{"damage":1,"enemies":"Cultist","floor":3,"turns":3},{"damage":2,"enemies":"2 Fungi Beasts","floor":5,"turns":3},{"damage":0,"enemies":"Large Slime","floor":7,"turns":5},{"damage":12,"enemies":"Lots of Slimes","floor":12,"turns":2},{"damage":32,"enemies":"The Guardian","floor":16,"turns":12},{"damage":12,"enemies":"Spheric Guardian","floor":18,"turns":9},{"damage":10,"enemies":"3 Byrds","floor":21,"turns":11},{"damage":27,"enemies":"Book of Stabbing","floor":23,"turns":8},{"damage":5,"enemies":"Snake Plant","floor":24,"turns":11},{"damage":0,"enemies":"Shelled Parasite and Fungi","floor":25,"turns":11},{"damage":32,"enemies":"Gremlin Leader","floor":29,"turns":8}],"seed_played":"1187692427524309647","potions_obtained":[{"floor":2,"key":"SteroidPotion"},{"floor":5,"key":"Explosive Potion"},{"floor":23,"key":"SteroidPotion"},{"floor":24,"key":"SkillPotion"}],"is_trial":false,"path_per_floor":["M","M","M","$","M","R","M","R","T","?","$","M","R","$","R","B",null,"M","$","?","M","$","E","M","M","T","?","R","E"],"character_chosen":"DEFECT","items_purchased":["Lantern","Glacier","Defragment","Hello World","Undo"],"campfire_rested":2,"item_purchase_floors":[4,4,11,14,14],"current_hp_per_floor":[48,38,37,37,35,35,35,35,35,35,35,23,23,23,45,13,60,48,48,48,38,38,11,6,6,6,6,28,0],"gold":229,"neow_bonus":"TWO_FIFTY_GOLD","is_prod":false,"is_daily":false,"chose_seed":false,"campfire_upgraded":3,"win_rate":0,"timestamp":1559444171,"path_taken":["M","M","M","$","M","R","M","R","T","?","$","M","R","$","R","BOSS","M","$","?","?","$","E","M","M","T","?","R","E"],"build_version":"2019-01-23","purchased_purges":0,"victory":false,"max_hp_per_floor":[75,75,75,75,75,75,75,75,75,75,75,75,75,75,75,75,75,75,75,75,75,75,75,75,75,75,75,75,75],"card_choices":[{"not_picked":["Beam Cell","Scrape"],"picked":"Redo","floor":1},{"not_picked":["Steam Power","Gash"],"picked":"Streamline","floor":2},{"not_picked":["Self Repair","Rip and Tear"],"picked":"Sweeping Beam","floor":3},{"not_picked":["Aggregate","Leap"],"picked":"Darkness","floor":5},{"not_picked":["Auto Shields","Leap"],"picked":"Hologram","floor":7},{"not_picked":["Hologram","Chill"],"picked":"Defragment","floor":12},{"not_picked":["All For One","Fission"],"picked":"Creative AI","floor":16},{"not_picked":["Rebound+1","Auto Shields"],"picked":"Cold Snap","floor":18},{"not_picked":["Steam+1","Compile Driver"],"picked":"Cold Snap","floor":21},{"not_picked":["Barrage","Cold Snap"],"picked":"Coolheaded","floor":23},{"not_picked":["Gash","Rip and Tear"],"picked":"Barrage","floor":24},{"not_picked":["Turbo","Compile Driver"],"picked":"Chill+1","floor":25}],"player_experience":196317,"relics_obtained":[{"floor":9,"key":"Happy Flower"},{"floor":23,"key":"Omamori"},{"floor":26,"key":"PreservedInsect"}],"event_choices":[{"damage_healed":0,"gold_gain":0,"player_choice":"Grow","damage_taken":0,"max_hp_gain":0,"max_hp_loss":0,"event_name":"Living Wall","floor":10,"gold_loss":0,"cards_upgraded":["Dualcast"]},{"damage_healed":0,"gold_gain":0,"player_choice":"Upgraded","damage_taken":0,"max_hp_gain":0,"max_hp_loss":0,"event_name":"Upgrade Shrine","floor":20,"gold_loss":0,"cards_upgraded":["Defragment"]},{"damage_healed":0,"gold_gain":0,"player_choice":"Ignored","damage_taken":0,"max_hp_gain":0,"max_hp_loss":0,"event_name":"Cursed Tome","floor":27,"gold_loss":0}],"is_beta":false,"boss_relics":[{"not_picked":["Philosopher\u0027s Stone","Lizard Tail"],"picked":"FrozenCore"}],"items_purged_floors":[],"is_endless":false,"potions_floor_spawned":[2,5,23,24],"killed_by":"Gremlin Leader","ascension_level":7}