{"gold_per_floor":[119,135,135,135,151,151,169,169,169,189,206,226,279,279,279,375,375,393,393,408,408,408,408,420,454,477,495,187,207,207,226,226,323,323,342,355,13,25,42,42,61,61,61,79,95,61,61,80,80,80],"floor_reached":51,"playtime":3082,"items_purged":["Regret","Regret"],"score":667,"play_id":"21a40b64-95dd-48f0-88d8-b9d84ab7e246","local_time":"20190129194734","is_ascension_mode":false,"campfire_choices":[{"data":"Neutralize","floor":6,"key":"SMITH"},{"data":"Dodge and Roll","floor":8,"key":"SMITH"},{"data":"Noxious Fumes","floor":15,"key":"SMITH"},{"data":"Envenom","floor":23,"key":"SMITH"},{"data":"Sucker Punch","floor":32,"key":"SMITH"},{"data":"After Image","floor":40,"key":"SMITH"},{"data":"Poisoned Stab","floor":42,"key":"SMITH"},{"data":"Caltrops","floor":49,"key":"SMITH"}],"neow_cost":"NONE","seed_source_timestamp":23549541718425,"circlet_count":0,"master_deck":["Defend_G+1","Defend_G+1","Defend_G+1","Defend_G+1","Defend_G+1","Strike_G+1","Strike_G+1","Strike_G+1","Strike_G+1","Strike_G+1","Survivor","Neutralize+1","Caltrops+1","Dodge and Roll+1","Blade Dance","Noxious Fumes+1","Envenom+1","Bouncing Flask+1","Defend_B+1","Poisoned Stab+1","Sucker Punch+1","Sucker Punch+1","Deadly Poison+1","Leg Sweep+1","True Grit+1","After Image+1","Spot Weakness+1","Go for the Eyes+1","Battle Trance+1","PiercingWail+1","Writhe","Parasite","Doom and Gloom","Noxious Fumes+1","Force Field+1"],"relics":["Coffee Dripper","Paper Crane","Bottled Flame","Bronze Scales","Cursed Key","Nilry\u0027s Codex","Toxic Egg 2","Bag of Marbles","PrismaticShard","Bird Faced Urn","Lizard Tail","Pantograph","Bottled Tornado"],"potions_floor_usage":[11,16,16,25,27,33,38,44,48,50,50],"damage_taken":[{"damage":0,"enemies":"Jaw Worm","floor":1,"turns":5},{"damage":7,"enemies":"Small Slimes","floor":2,"turns":4},{"damage":1,"enemies":"Cultist","floor":5,"turns":4},{"damage":8,"enemies":"Exordium Wildlife","floor":7,"turns":4},{"damage":8,"enemies":"Looter","floor":10,"turns":5},{"damage":10,"enemies":"Gremlin Gang","floor":11,"turns":5},{"damage":3,"enemies":"2 Fungi Beasts","floor":12,"turns":4},{"damage":15,"enemies":"Slime Boss","floor":16,"turns":9},{"damage":6,"enemies":"Chosen","floor":18,"turns":4},{"damage":0,"enemies":"Spheric Guardian","floor":20,"turns":3},{"damage":4,"enemies":"Snake Plant","floor":24,"turns":4},{"damage":6,"enemies":"Book of Stabbing","floor":25,"turns":6},{"damage":4,"enemies":"Centurion and Healer","floor":27,"turns":4},{"damage":1,"enemies":"Chosen and Byrds","floor":29,"turns":3},{"damage":2,"enemies":"3 Cultists","floor":31,"turns":6},{"damage":37,"enemies":"Collector","floor":33,"turns":10},{"damage":2,"enemies":"3 Shapes","floor":35,"turns":7},{"damage":0,"enemies":"Orb Walker","floor":36,"turns":4},{"damage":26,"enemies":"Spire Growth","floor":38,"turns":5},{"damage":0,"enemies":"Maw","floor":39,"turns":7},{"damage":21,"enemies":"4 Shapes","floor":41,"turns":6},{"damage":19,"enemies":"3 Darklings","floor":44,"turns":3},{"damage":1,"enemies":"Writhing Mass","floor":45,"turns":7},{"damage":11,"enemies":"Jaw Worm Horde","floor":48,"turns":5},{"damage":43,"enemies":"Time Eater","floor":50,"turns":11}],"seed_played":"-294013892389221881","potions_obtained":[{"floor":1,"key":"GhostInAJar"},{"floor":10,"key":"Regen Potion"},{"floor":12,"key":"Fire Potion"},{"floor":16,"key":"Weak Potion"},{"floor":25,"key":"Explosive Potion"},{"floor":31,"key":"Fire Potion"},{"floor":33,"key":"GamblersBrew"},{"floor":38,"key":"GamblersBrew"},{"floor":39,"key":"Energy Potion"},{"floor":41,"key":"Explosive Potion"},{"floor":48,"key":"Ancient Potion"}],"is_trial":false,"path_per_floor":["M","M","?","?","M","R","M","R","T","M","M","M","T","?","R","B",null,"M","?","M","?","?","R","M","E","T","M","$","M","?","M","R","B",null,"M","M","$","M","M","R","M","R","T","M","M","$","?","M","R","B",null],"character_chosen":"THE_SILENT","items_purchased":["Leg Sweep+1","PrismaticShard","Pantograph","Noxious Fumes"],"campfire_rested":0,"item_purchase_floors":[28,28,37,46],"current_hp_per_floor":[70,63,63,63,62,62,54,54,54,46,50,47,47,33,33,18,70,64,64,64,48,48,48,44,38,38,34,34,33,33,37,37,8,70,70,70,70,48,58,58,47,47,47,34,45,45,45,40,40,36],"gold":80,"neow_bonus":"BOSS_RELIC","is_prod":false,"is_daily":false,"chose_seed":false,"campfire_upgraded":8,"win_rate":0,"timestamp":1548787654,"path_taken":["M","M","?","?","M","R","M","R","T","M","?","M","?","?","R","BOSS","M","?","?","?","?","R","M","E","T","M","$","M","?","M","R","BOSS","M","M","$","M","M","R","M","R","T","M","?","$","?","M","R","BOSS"],"build_version":"2019-01-23","purchased_purges":2,"victory":true,"max_hp_per_floor":[70,70,70,70,70,70,70,70,70,70,70,70,70,70,70,70,70,70,70,70,70,70,70,70,70,70,70,70,70,70,70,70,70,70,70,70,70,70,70,70,70,70,70,70,70,70,70,70,70,70],"card_choices":[{"not_picked":["Setup","Quick Slash"],"picked":"Caltrops","floor":1},{"not_picked":["Dagger Throw","Distraction"],"picked":"Bouncing Flask","floor":2},{"not_picked":["Dagger Spray","Blade Dance","Tactician"],"picked":"SKIP","floor":5},{"not_picked":["Backflip","Prepared"],"picked":"Dodge and Roll","floor":7},{"not_picked":["Deflect","Choke"],"picked":"Blade Dance","floor":10},{"not_picked":["Terror","Outmaneuver"],"picked":"Noxious Fumes","floor":11},{"not_picked":["Setup","Heel Hook","PiercingWail"],"picked":"SKIP","floor":12},{"not_picked":["Doppelganger","Glass Knife"],"picked":"Envenom","floor":16},{"not_picked":["Reflex","Masterful Stab"],"picked":"Bouncing Flask+1","floor":18},{"not_picked":["Quick Slash","Riddle With Holes"],"picked":"Poisoned Stab","floor":20},{"not_picked":["Poisoned Stab","Choke+1"],"picked":"Sucker Punch","floor":24},{"not_picked":["Backflip+1","Prepared"],"picked":"Sucker Punch+1","floor":25},{"not_picked":["Dagger Spray","PiercingWail+1"],"picked":"Deadly Poison+1","floor":27},{"not_picked":["Headbutt","Barrage"],"picked":"True Grit+1","floor":29},{"not_picked":["PanicButton+1","Heavy Blade","Havoc+1"],"picked":"SKIP","floor":31},{"not_picked":["Unload","Transmutation+1"],"picked":"After Image","floor":33},{"not_picked":["Underhanded Strike+1","Capacitor","Perfected Strike"],"picked":"SKIP","floor":35},{"not_picked":["Heatsinks+1","Quick Slash+1"],"picked":"Spot Weakness+1","floor":36},{"not_picked":["Steam+1","Leap+1"],"picked":"Go for the Eyes+1","floor":38},{"not_picked":["Venomology+1","Beam Cell+1"],"picked":"Battle Trance+1","floor":39},{"not_picked":["Setup+1","Turbo+1"],"picked":"PiercingWail+1","floor":41},{"not_picked":["Acrobatics+1","Twin Strike+1","Dagger Throw"],"picked":"SKIP","floor":44},{"not_picked":["Infinite Blades+1","Forethought+1"],"picked":"Doom and Gloom","floor":45},{"not_picked":["Compile Driver+1","Leg Sweep+1"],"picked":"Force Field+1","floor":48}],"player_experience":220596,"relics_obtained":[{"floor":9,"key":"Bottled Flame"},{"floor":13,"key":"Bronze Scales"},{"floor":21,"key":"Nilry\u0027s Codex"},{"floor":25,"key":"Toxic Egg 2"},{"floor":26,"key":"Bag of Marbles"},{"floor":30,"key":"Bird Faced Urn"},{"floor":43,"key":"Bottled Tornado"}],"event_choices":[{"damage_healed":0,"gold_gain":0,"player_choice":"Box","damage_taken":0,"relics_obtained":["Paper Crane"],"max_hp_gain":0,"max_hp_loss":0,"event_name":"Big Fish","floor":3,"gold_loss":0,"cards_obtained":["Regret"]},{"damage_healed":0,"gold_gain":0,"player_choice":"Bought 0 Potions","damage_taken":0,"max_hp_gain":0,"max_hp_loss":0,"event_name":"The Woman in Blue","floor":4,"gold_loss":0},{"damage_healed":0,"gold_gain":0,"player_choice":"Entered Light","damage_taken":14,"max_hp_gain":0,"max_hp_loss":0,"event_name":"Shining Light","floor":14,"gold_loss":0,"cards_upgraded":["Strike_G","Defend_G"]},{"cards_removed":["Bouncing Flask"],"damage_healed":0,"gold_gain":0,"player_choice":"Took Card","damage_taken":0,"max_hp_gain":0,"max_hp_loss":0,"event_name":"NoteForYourself","floor":19,"gold_loss":0,"cards_obtained":["Defend_B"]},{"damage_healed":0,"gold_gain":0,"player_choice":"Obtained Book","damage_taken":16,"max_hp_gain":0,"max_hp_loss":0,"event_name":"Cursed Tome","floor":21,"gold_loss":0},{"damage_healed":0,"gold_gain":0,"player_choice":"Simplicity","damage_taken":0,"max_hp_gain":0,"max_hp_loss":0,"event_name":"Back to Basics","floor":22,"gold_loss":0,"cards_upgraded":["Defend_G","Defend_G","Defend_G","Defend_G","Strike_G","Strike_G","Strike_G","Strike_G","Defend_B"]},{"damage_healed":0,"gold_gain":0,"player_choice":"Relic","damage_taken":0,"max_hp_gain":0,"max_hp_loss":0,"event_name":"Wheel of Change","floor":30,"gold_loss":0},{"damage_healed":0,"gold_gain":0,"player_choice":"Forge","damage_taken":0,"max_hp_gain":0,"max_hp_loss":0,"event_name":"Accursed Blacksmith","floor":47,"gold_loss":0,"cards_upgraded":["Noxious Fumes"]}],"is_beta":false,"boss_relics":[{"not_picked":["Orrery","Black Star"],"picked":"Cursed Key"},{"not_picked":["White Beast Statue","Calling Bell"],"picked":"Lizard Tail"}],"items_purged_floors":[28,37],"is_endless":false,"potions_floor_spawned":[1,10,12,16,25,31,33,38,39,41,48],"ascension_level":0}