{"gold_per_floor":[11,11,11,30,49,74,74,92,119,119,133,58,58,74,74,149,149,163,176,13,13,27,27,46,60,86,86,86,86,105,115,115,115],"floor_reached":33,"playtime":5090,"items_purged":["Strike_B"],"score":464,"play_id":"e41e6401-643a-495a-b6f0-bd193344de84","local_time":"20190524125647","is_ascension_mode":true,"campfire_choices":[{"data":"Genetic Algorithm","floor":7,"key":"SMITH"},{"floor":10,"key":"REST"},{"data":"Zap","floor":13,"key":"SMITH"},{"data":"Coolheaded","floor":15,"key":"SMITH"},{"floor":23,"key":"REST"},{"floor":27,"key":"REST"},{"floor":32,"key":"REST"}],"neow_cost":"NO_GOLD","seed_source_timestamp":123225663031050,"circlet_count":0,"master_deck":["AscendersBane","Strike_B+1","Defend_B","Defend_B","Defend_B","Defend_B+1","Zap+1","Dualcast+1","Glacier","Doubt","Cold Snap","Genetic Algorithm+1","Ball Lightning","Chill","Cold Snap","Coolheaded+1","Sweeping Beam+1","Darkness","Meteor Strike","Double Energy+1","Hologram","Self Repair+1","Go for the Eyes","Cold Snap+1","Static Discharge","Compile Driver"],"relics":["Cracked Core","DataDisk","Dream Catcher","Inserter","War Paint","Whetstone"],"potions_floor_usage":[5,16,16,16,16,30,33,33],"damage_taken":[{"damage":0,"enemies":"2 Louse","floor":1,"turns":3},{"damage":0,"enemies":"Jaw Worm","floor":4,"turns":4},{"damage":0,"enemies":"Cultist","floor":5,"turns":6},{"damage":29,"enemies":"3 Sentries","floor":6,"turns":9},{"damage":10,"enemies":"Lots of Slimes","floor":8,"turns":5},{"damage":8,"enemies":"Red Slaver","floor":11,"turns":4},{"damage":4,"enemies":"Exordium Thugs","floor":14,"turns":5},{"damage":22,"enemies":"Slime Boss","floor":16,"turns":12},{"damage":8,"enemies":"Shell Parasite","floor":18,"turns":9},{"damage":5,"enemies":"Chosen","floor":19,"turns":6},{"damage":12,"enemies":"Snake Plant","floor":22,"turns":6},{"damage":8,"enemies":"Shelled Parasite and Fungi","floor":24,"turns":9},{"damage":15,"enemies":"Snecko","floor":25,"turns":9},{"damage":23,"enemies":"Cultist and Chosen","floor":30,"turns":8},{"damage":34,"enemies":"3 Cultists","floor":31,"turns":7},{"damage":55,"enemies":"Champ","floor":33,"turns":16}],"seed_played":"-6663438824713426556","potions_obtained":[{"floor":1,"key":"SteroidPotion"},{"floor":4,"key":"FocusPotion"},{"floor":6,"key":"EntropicBrew"},{"floor":19,"key":"Swift Potion"},{"floor":22,"key":"Strength Potion"},{"floor":31,"key":"EssenceOfSteel"}],"is_trial":false,"path_per_floor":["M","?","?","M","M","E","R","M","T","R","M","$","R","M","R","B",null,"M","M","$","?","M","R","M","M","T","R","?","?","M","M","R","B"],"character_chosen":"DEFECT","items_purchased":["War Paint"],"campfire_rested":4,"item_purchase_floors":[20],"current_hp_per_floor":[64,69,69,69,69,40,40,30,30,52,44,44,44,40,40,18,62,54,49,49,38,26,48,40,35,35,57,57,57,44,10,32,0],"gold":115,"neow_bonus":"REMOVE_TWO","is_prod":false,"is_daily":false,"chose_seed":false,"campfire_upgraded":3,"win_rate":0,"timestamp":1558727807,"path_taken":["M","?","?","M","M","E","R","M","T","R","?","?","R","M","R","BOSS","M","M","?","?","?","R","M","M","T","R","?","?","M","M","R","BOSS"],"build_version":"2019-01-23","purchased_purges":1,"victory":false,"max_hp_per_floor":[71,76,76,76,76,76,76,76,76,76,76,76,76,76,76,76,76,76,76,76,76,76,76,76,76,76,76,76,76,76,76,76,76],"card_choices":[{"not_picked":["Go for the Eyes","Streamline"],"picked":"Glacier","floor":1},{"not_picked":["Hello World","Glacier"],"picked":"Genetic Algorithm","floor":4},{"not_picked":["Redo","Undo"],"picked":"Ball Lightning","floor":5},{"not_picked":["Stack","Redo"],"picked":"Chill","floor":6},{"not_picked":["Beam Cell","Consume"],"picked":"Cold Snap","floor":8},{"not_picked":["Glacier","Scrape"],"picked":"Coolheaded","floor":10},{"not_picked":["Steam","Redo"],"picked":"Sweeping Beam","floor":11},{"not_picked":["Chaos","Amplify"],"picked":"Darkness","floor":14},{"not_picked":["Multi-Cast","All For One"],"picked":"Meteor Strike","floor":16},{"not_picked":["Storm","Aggregate","Sweeping Beam"],"picked":"SKIP","floor":18},{"not_picked":["Doom and Gloom","Ball Lightning"],"picked":"Double Energy+1","floor":19},{"not_picked":["Leap","Rebound","Rip and Tear"],"picked":"SKIP","floor":22},{"not_picked":["Streamline+1","Lockon"],"picked":"Hologram","floor":23},{"not_picked":["Steam","Storm"],"picked":"Self Repair+1","floor":24},{"not_picked":["Steam","Hello World"],"picked":"Go for the Eyes","floor":25},{"not_picked":["Amplify","Leap"],"picked":"Cold Snap+1","floor":27},{"not_picked":["Loop","Darkness"],"picked":"Static Discharge","floor":30},{"not_picked":["Scrape","Cold Snap"],"picked":"Compile Driver","floor":31}],"player_experience":720992,"relics_obtained":[{"floor":6,"key":"DataDisk"},{"floor":9,"key":"Dream Catcher"},{"floor":26,"key":"Whetstone"}],"event_choices":[{"damage_healed":0,"gold_gain":0,"player_choice":"Donut","damage_taken":0,"max_hp_gain":5,"max_hp_loss":0,"event_name":"Big Fish","floor":2,"gold_loss":0},{"damage_healed":0,"gold_gain":0,"player_choice":"2 cards matched","damage_taken":0,"max_hp_gain":0,"max_hp_loss":0,"event_name":"Match and Keep!","floor":3,"gold_loss":0,"cards_obtained":["Doubt","Cold Snap"]},{"damage_healed":0,"gold_gain":0,"player_choice":"2 cards matched","damage_taken":0,"max_hp_gain":0,"max_hp_loss":0,"event_name":"Match and Keep!","floor":3,"gold_loss":0,"cards_obtained":["Doubt","Cold Snap"]},{"damage_healed":0,"gold_gain":0,"player_choice":"Damaged","damage_taken":11,"max_hp_gain":0,"max_hp_loss":0,"event_name":"Wheel of Change","floor":21,"gold_loss":0},{"damage_healed":0,"gold_gain":0,"player_choice":"Ignored","damage_taken":0,"max_hp_gain":0,"max_hp_loss":0,"event_name":"Vampires","floor":28,"gold_loss":0},{"damage_healed":0,"gold_gain":0,"player_choice":"Ignored","damage_taken":0,"max_hp_gain":0,"max_hp_loss":0,"event_name":"Ghosts","floor":29,"gold_loss":0}],"is_beta":false,"boss_relics":[{"not_picked":["FrozenCore","Orrery"],"picked":"Inserter"}],"items_purged_floors":[12],"is_endless":false,"potions_floor_spawned":[1,4,6,19,22,31],"killed_by":"Champ","ascension_level":17}