{"gold_per_floor":[112,21,21,21,21,21,96,131,157,177,102,122,122,140,140,241,241,252,287,287,301,317,317,327,327,403,413,413,413,160,160],"floor_reached":31,"playtime":955,"items_purged":["Strike_R","Decay"],"score":256,"play_id":"30845a48-d3e9-43d4-9267-e87409e4716d","local_time":"20180804174645","is_ascension_mode":true,"campfire_choices":[{"data":"Flash of Steel","floor":6,"key":"SMITH"},{"floor":13,"key":"REST"},{"data":"Dual Wield","floor":15,"key":"SMITH"},{"floor":23,"key":"REST"},{"floor":29,"key":"REST"}],"neow_cost":"","seed_source_timestamp":106813353887889,"circlet_count":0,"master_deck":["Strike_R+1","Strike_R","Defend_R","Defend_R","Defend_R","Defend_R","Bash+1","Flash of Steel+1","Dual Wield+1","Metallicize","Dual Wield"],"relics":["Burning Blood","Oddly Smooth Stone","Whetstone","Red Skull","Lizard Tail","Red Mask","Question Card"],"potions_floor_usage":[16,19,19,22,24,31,31],"damage_taken":[{"damage":8,"enemies":"Jaw Worm","floor":1,"turns":4},{"damage":20,"enemies":"Gremlin Nob","floor":8,"turns":4},{"damage":2,"enemies":"Small Slimes","floor":10,"turns":4},{"damage":2,"enemies":"2 Louse","floor":12,"turns":3},{"damage":0,"enemies":"Large Slime","floor":14,"turns":5},{"damage":32,"enemies":"Slime Boss","floor":16,"turns":7},{"damage":11,"enemies":"Spheric Guardian","floor":18,"turns":4},{"damage":36,"floor":19,"turns":7},{"damage":13,"enemies":"3 Byrds","floor":21,"turns":4},{"damage":31,"enemies":"Snake Plant","floor":22,"turns":7},{"damage":10,"enemies":"Centurion and Healer","floor":24,"turns":4},{"damage":63,"enemies":"Sentry and Sphere","floor":27,"turns":8},{"damage":74,"enemies":"Cultist and Chosen","floor":31,"turns":8}],"seed_played":"-72676127906188744","potions_obtained":[{"floor":12,"key":"Strength Potion"},{"floor":16,"key":"SkillPotion"},{"floor":18,"key":"PowerPotion"},{"floor":19,"key":"Weak Potion"},{"floor":22,"key":"SpeedPotion"},{"floor":27,"key":"GamblersBrew"}],"is_trial":false,"path_per_floor":["M","$","?","?","?","R","?","E","T","M","$","M","R","M","R","B",null,"M","?","?","M","M","R","M","?","T","M","?","R","$"],"character_chosen":"IRONCLAD","items_purchased":["Flash of Steel","BloodPotion","Dual Wield"],"campfire_rested":3,"item_purchase_floors":[2,30,30],"current_hp_per_floor":[78,78,71,71,71,71,60,46,46,50,50,54,78,80,80,54,80,75,45,45,38,13,37,33,33,33,25,25,49,49,0],"gold":160,"neow_bonus":"","is_prod":false,"is_daily":false,"chose_seed":false,"campfire_upgraded":2,"win_rate":0,"timestamp":1533397605,"path_taken":["M","$","?","?","?","R","?","E","T","M","$","M","R","M","R","BOSS","M","?","?","M","?","R","M","?","T","?","?","R","?","M"],"build_version":"2018-08-02","purchased_purges":2,"victory":false,"max_hp_per_floor":[80,80,80,80,80,80,80,80,80,80,80,80,80,80,80,80,80,80,80,80,80,80,80,80,80,80,80,80,80,80,80],"card_choices":[{"not_picked":["Battle Trance","Shrug It Off"],"picked":"Anger","floor":1},{"not_picked":["Searing Blow","Headbutt"],"picked":"Dual Wield","floor":8},{"not_picked":["Flex","Ghostly Armor","Sentinel"],"picked":"SKIP","floor":10},{"not_picked":["Perfected Strike","Clash"],"picked":"Metallicize","floor":12},{"not_picked":["Twin Strike","Shockwave","Wild Strike"],"picked":"SKIP","floor":14},{"not_picked":["Heavy Blade+1","Armaments","Headbutt+1"],"picked":"SKIP","floor":18},{"not_picked":["Flame Barrier","Armaments","Barricade"],"picked":"SKIP","floor":21},{"not_picked":["Armaments+1","Burning Pact+1","Anger+1"],"picked":"SKIP","floor":22},{"not_picked":["Clothesline","Armaments","Rupture+1"],"picked":"SKIP","floor":24},{"not_picked":["Flex","True Grit","Second Wind","Bloodletting+1"],"picked":"SKIP","floor":27}],"player_experience":103935,"relics_obtained":[{"floor":8,"key":"Whetstone"},{"floor":9,"key":"Red Skull"},{"floor":19,"key":"Red Mask"},{"floor":26,"key":"Question Card"}],"event_choices":[{"event_name":"Golden Wing","player_choice":"Card Removal","floor":3,"damage_taken":0},{"event_name":"WeMeetAgain","player_choice":"Card","floor":4,"damage_taken":0},{"event_name":"Bonfire Elementals","player_choice":"BASIC","floor":5,"damage_taken":0},{"event_name":"World of Goop","player_choice":"Gather Gold","floor":7,"damage_taken":0},{"event_name":"Masked Bandits","player_choice":"Fought over 252 gold","floor":19,"damage_taken":0},{"event_name":"Forgotten Altar","player_choice":"Smashed Altar","floor":20,"damage_taken":0},{"event_name":"Vampires","player_choice":"Ignored","floor":25,"damage_taken":0},{"event_name":"The Mausoleum","player_choice":"No","floor":28,"damage_taken":0}],"is_beta":false,"boss_relics":[{"not_picked":["Runic Pyramid","Ectoplasm"],"picked":"Lizard Tail"}],"items_purged_floors":[11,30],"is_endless":false,"potions_floor_spawned":[12,16,18,19,22,27],"killed_by":"Cultist and Chosen","ascension_level":2}