{"gold_per_floor":[119,8,8,8,27,27,71,71,94,94,11,29,48,64,64,187,187,212,127,127,59,0],"floor_reached":22,"playtime":1071,"items_purged":["Dualcast"],"score":200,"play_id":"5619d7fd-0ca8-4393-aac2-a0518ea4bbb9","local_time":"20190123032329","is_ascension_mode":true,"campfire_choices":[{"floor":6,"key":"REST"},{"floor":8,"key":"REST"},{"data":"Hyperbeam","floor":10,"key":"SMITH"},{"floor":15,"key":"REST"}],"neow_cost":"NONE","seed_source_timestamp":1087154045773430,"circlet_count":0,"master_deck":["Strike_B","Strike_B","Strike_B","Strike_B","Defend_B","Defend_B","Defend_B","Defend_B","Zap","Hyperbeam+1","Genetic Algorithm","FTL","Rebound","Echo Form","Sunder","Steam","Go for the Eyes","Creative AI","Writhe","Fusion","Auto Shields"],"relics":["Golden Idol","Omamori","Pantograph","Regal Pillow","Calling Bell","Boot","Frozen Egg 2","Calipers","Pear","Nloth\u0027s Gift"],"potions_floor_usage":[22],"damage_taken":[{"damage":7,"enemies":"Jaw Worm","floor":1,"turns":2},{"damage":0,"enemies":"Small Slimes","floor":5,"turns":1},{"damage":27,"enemies":"Gremlin Nob","floor":7,"turns":4},{"damage":0,"enemies":"Cultist","floor":12,"turns":2},{"damage":18,"enemies":"Large Slime","floor":13,"turns":3},{"damage":0,"enemies":"3 Louse","floor":14,"turns":2},{"damage":8,"enemies":"Slime Boss","floor":16,"turns":6},{"damage":61,"enemies":"Shell Parasite","floor":18,"turns":8},{"damage":40,"enemies":"2 Thieves","floor":22,"turns":3}],"seed_played":"3925957533337105219","potions_obtained":[{"floor":5,"key":"LiquidBronze"},{"floor":7,"key":"Explosive Potion"},{"floor":14,"key":"SteroidPotion"}],"is_trial":false,"path_per_floor":["M","$","?","?","M","R","E","R","T","R","$","M","M","M","R","B",null,"M","?","?","$","M"],"character_chosen":"DEFECT","items_purchased":["FTL","Sunder","Steam","Auto Shields"],"campfire_rested":3,"item_purchase_floors":[2,11,11,21],"current_hp_per_floor":[68,68,50,32,32,54,27,49,49,49,49,49,31,31,68,67,75,14,24,24,24,0],"gold":0,"neow_bonus":"ONE_RANDOM_RARE_CARD","is_prod":false,"is_daily":false,"chose_seed":false,"campfire_upgraded":1,"win_rate":0,"timestamp":1548231809,"path_taken":["M","$","?","?","M","R","E","R","T","R","$","?","M","M","R","BOSS","M","?","?","$","M"],"build_version":"2019-01-17v2","purchased_purges":1,"victory":false,"max_hp_per_floor":[75,75,75,75,75,75,75,75,75,75,75,75,75,75,75,75,75,75,85,85,85,85],"card_choices":[{"not_picked":["Coolheaded","Stack"],"picked":"Genetic Algorithm","floor":1},{"not_picked":["Chaos","Sweeping Beam"],"picked":"Rebound","floor":5},{"not_picked":["Turbo","Chaos"],"picked":"Echo Form","floor":7},{"not_picked":["Defragment","Cold Snap","Compile Driver"],"picked":"SKIP","floor":12},{"not_picked":["Capacitor","Scrape"],"picked":"Go for the Eyes","floor":13},{"not_picked":["Glacier","Cold Snap","Barrage"],"picked":"SKIP","floor":14},{"not_picked":["Thunder Strike","Buffer"],"picked":"Creative AI","floor":16},{"not_picked":["Ball Lightning+1","Cold Snap"],"picked":"Fusion","floor":18}],"player_experience":84653,"relics_obtained":[{"floor":7,"key":"Pantograph"},{"floor":9,"key":"Regal Pillow"},{"floor":17,"key":"Boot"},{"floor":17,"key":"Frozen Egg 2"},{"floor":17,"key":"Calipers"}],"event_choices":[{"damage_healed":0,"gold_gain":0,"player_choice":"Take Damage","damage_taken":18,"relics_obtained":["Golden Idol"],"max_hp_gain":0,"max_hp_loss":0,"event_name":"Golden Idol","floor":3,"gold_loss":0},{"damage_healed":0,"gold_gain":0,"player_choice":"Success","damage_taken":18,"relics_obtained":["Omamori"],"max_hp_gain":0,"max_hp_loss":0,"event_name":"Scrap Ooze","floor":4,"gold_loss":0},{"damage_healed":0,"gold_gain":0,"player_choice":"Obtained Relic","damage_taken":0,"relics_obtained":["Pear"],"max_hp_gain":0,"max_hp_loss":0,"event_name":"Addict","floor":19,"gold_loss":85},{"damage_healed":0,"gold_gain":0,"player_choice":"Traded Relic","damage_taken":0,"relics_obtained":["Nloth\u0027s Gift"],"max_hp_gain":0,"max_hp_loss":0,"event_name":"N\u0027loth","floor":20,"relics_lost":["Cracked Core"],"gold_loss":0}],"is_beta":false,"boss_relics":[{"not_picked":["Orrery","Busted Crown"],"picked":"Calling Bell"}],"items_purged_floors":[2],"is_endless":false,"potions_floor_spawned":[5,7,14],"killed_by":"2 Thieves","ascension_level":2}