{"gold_per_floor":[111,111,136,159,182,182,203,216,243,277,291,307,321,15,15,136,136,159,177,277,42,58,98,98,98,98,98,116,116,116,134,134,255,255,268,286,411,411,411,411,432,1,53,53,72,111,132,4,4,4],"floor_reached":50,"playtime":5242,"items_purged":["Bash"],"score":573,"play_id":"fd864e7e-ee58-466d-b3a0-013c1d678c90","local_time":"20190108183930","is_ascension_mode":false,"campfire_choices":[{"data":"Whirlwind","floor":6,"key":"SMITH"},{"floor":15,"key":"REST"},{"data":"Feed","floor":24,"key":"SMITH"},{"data":"Blood for Blood","floor":27,"key":"SMITH"},{"floor":30,"key":"REST"},{"data":"Armaments","floor":32,"key":"SMITH"},{"floor":40,"key":"REST"},{"floor":49,"key":"REST"}],"neow_cost":"NONE","seed_source_timestamp":185184622414572,"circlet_count":0,"master_deck":["Strike_R+1","Strike_R+1","Strike_R+1","Strike_R+1","Strike_R+1","Defend_R+1","Defend_R+1","Defend_R+1","Defend_R+1","Finesse","Flame Barrier+1","Pommel Strike","Whirlwind+1","Clothesline","Cleave","Feed+1","Bloodletting","Warcry","Cleave","Blood for Blood+1","Carnage","Fiend Fire","Body Slam","Armaments+1","Pommel Strike","Metallicize+1","Reaper","Shrug It Off","Body Slam","Juggernaut","Headbutt","Sword Boomerang+1","Dual Wield","Flash of Steel","Dark Shackles","Dual Wield","Combust","Shrug It Off+1","Uppercut+1","Combust+1","Fire Breathing","Madness"],"relics":["Burning Blood","Golden Idol","Happy Flower","Boot","Strange Spoon","Snecko Eye","Medical Kit","PreservedInsect","Ancient Tea Set","Runic Cube","Bird Faced Urn","Ginger","Strawberry","Potion Belt"],"potions_floor_usage":[7,16,16,33,37,45,47,50],"damage_taken":[{"damage":7,"enemies":"2 Louse","floor":1,"turns":4},{"damage":0,"enemies":"Small Slimes","floor":3,"turns":5},{"damage":0,"enemies":"Cultist","floor":4,"turns":4},{"damage":13,"enemies":"3 Louse","floor":5,"turns":4},{"damage":3,"enemies":"Red Slaver","floor":7,"turns":4},{"damage":0,"enemies":"Looter","floor":8,"turns":4},{"damage":9,"enemies":"3 Sentries","floor":10,"turns":4},{"damage":11,"enemies":"Blue Slaver","floor":11,"turns":4},{"damage":0,"enemies":"2 Fungi Beasts","floor":12,"turns":1},{"damage":27,"enemies":"Large Slime","floor":13,"turns":5},{"damage":23,"enemies":"Hexaghost","floor":16,"turns":7},{"damage":17,"enemies":"3 Byrds","floor":18,"turns":7},{"damage":10,"enemies":"2 Thieves","floor":19,"turns":2},{"damage":3,"enemies":"Snake Plant","floor":22,"turns":2},{"damage":36,"enemies":"Book of Stabbing","floor":23,"turns":5},{"damage":14,"enemies":"Sentry and Sphere","floor":28,"turns":4},{"damage":3,"enemies":"Shelled Parasite and Fungi","floor":31,"turns":5},{"damage":73,"enemies":"Automaton","floor":33,"turns":10},{"damage":22,"enemies":"Orb Walker","floor":35,"turns":3},{"damage":10,"enemies":"3 Shapes","floor":36,"turns":1},{"damage":24,"enemies":"Mind Bloom Boss Battle","floor":37,"turns":5},{"damage":29,"enemies":"Transient","floor":41,"turns":5},{"damage":27,"enemies":"4 Shapes","floor":45,"turns":3},{"damage":48,"enemies":"Giant Head","floor":46,"turns":8},{"damage":6,"enemies":"3 Darklings","floor":47,"turns":5},{"damage":92,"enemies":"Donu and Deca","floor":50,"turns":6}],"seed_played":"-1215405610628220712","potions_obtained":[{"floor":1,"key":"Block Potion"},{"floor":3,"key":"Block Potion"},{"floor":5,"key":"FearPotion"},{"floor":11,"key":"PowerPotion"},{"floor":12,"key":"Ancient Potion"},{"floor":13,"key":"Dexterity Potion"},{"floor":23,"key":"BloodPotion"},{"floor":28,"key":"Ancient Potion"},{"floor":31,"key":"PowerPotion"},{"floor":36,"key":"Ancient Potion"},{"floor":41,"key":"SkillPotion"},{"floor":45,"key":"Fruit Juice"},{"floor":46,"key":"Poison Potion"}],"is_trial":false,"path_per_floor":["M","?","M","M","M","R","M","M","T","E","M","M","M","$","R","B",null,"M","M","?","$","M","E","R","?","T","R","M","?","R","M","R","B",null,"M","M","?","?","?","R","M","$","T","?","M","E","M","$","R","B"],"character_chosen":"IRONCLAD","items_purchased":["Strange Spoon","Blood for Blood","Carnage","Medical Kit","Pommel Strike","Ginger","Combust","Fire Breathing","Madness"],"campfire_rested":4,"item_purchase_floors":[14,14,14,21,21,42,42,48,48],"current_hp_per_floor":[79,59,65,71,64,64,67,73,73,70,68,74,53,53,77,60,83,75,71,71,71,74,47,47,47,47,47,43,43,69,76,76,14,93,77,73,55,55,50,77,63,63,70,70,64,34,38,38,70,0],"gold":4,"neow_bonus":"RANDOM_COLORLESS","is_prod":false,"is_daily":false,"chose_seed":false,"campfire_upgraded":4,"win_rate":0.0,"timestamp":1546990770,"path_taken":["M","?","M","M","M","R","M","M","T","E","M","M","M","$","R","BOSS","M","M","?","$","?","E","R","?","T","R","?","?","R","M","R","BOSS","M","M","?","?","?","R","M","$","T","?","M","E","M","?","R","BOSS"],"build_version":"2019-01-03v4","purchased_purges":1,"victory":false,"max_hp_per_floor":[80,80,80,80,80,80,80,80,80,80,83,83,83,83,83,83,83,86,86,86,86,86,89,89,89,89,89,89,89,89,93,93,93,93,93,93,93,93,93,93,93,93,100,100,105,109,109,109,109,109],"card_choices":[{"not_picked":["Disarm","Bloodletting"],"picked":"Flame Barrier","floor":1},{"not_picked":["Perfected Strike","Feel No Pain"],"picked":"Pommel Strike","floor":3},{"not_picked":["Dropkick","Pommel Strike"],"picked":"Whirlwind","floor":4},{"not_picked":["True Grit","Warcry"],"picked":"Clothesline","floor":5},{"not_picked":["Feel No Pain","Ghostly Armor"],"picked":"Armaments","floor":7},{"not_picked":["Clothesline","Clash"],"picked":"Cleave","floor":8},{"not_picked":["Perfected Strike","Berserk"],"picked":"Feed","floor":10},{"not_picked":["Searing Blow","Anger"],"picked":"Bloodletting","floor":11},{"not_picked":["Flex","Pommel Strike"],"picked":"Warcry","floor":12},{"not_picked":["Feel No Pain","Twin Strike"],"picked":"Cleave","floor":13},{"not_picked":["Impervious","Barricade"],"picked":"Fiend Fire","floor":16},{"not_picked":["Pommel Strike","Burning Pact"],"picked":"Body Slam","floor":18},{"not_picked":["Entrench","Bloodletting"],"picked":"Armaments","floor":19},{"not_picked":["Second Wind","Headbutt"],"picked":"Metallicize+1","floor":22},{"not_picked":["Headbutt","Shockwave"],"picked":"Reaper","floor":23},{"not_picked":["Dual Wield","Corruption"],"picked":"Shrug It Off","floor":28},{"not_picked":["Clash+1","Hemokinesis"],"picked":"Body Slam","floor":31},{"not_picked":["Offering","Feed"],"picked":"Juggernaut","floor":33},{"not_picked":["Flex+1","Clash"],"picked":"Headbutt","floor":35},{"not_picked":["Feed","Power Through+1"],"picked":"Sword Boomerang+1","floor":36},{"not_picked":["Rampage","Uppercut+1"],"picked":"Dual Wield","floor":37},{"not_picked":["Impatience","Forethought"],"picked":"Flash of Steel","floor":39},{"not_picked":["Purity","Blind"],"picked":"Dark Shackles","floor":39},{"not_picked":["Headbutt+1","Pommel Strike+1"],"picked":"Dual Wield","floor":41},{"not_picked":["True Grit+1","Headbutt+1"],"picked":"Shrug It Off+1","floor":45},{"not_picked":["Iron Wave","Flex"],"picked":"Uppercut+1","floor":46},{"not_picked":["Clothesline","Inflame+1"],"picked":"Combust+1","floor":47}],"player_experience":22215,"relics_obtained":[{"floor":9,"key":"Happy Flower"},{"floor":10,"key":"Boot"},{"floor":23,"key":"PreservedInsect"},{"floor":26,"key":"Ancient Tea Set"},{"floor":37,"key":"Bird Faced Urn"},{"floor":43,"key":"Strawberry"},{"floor":46,"key":"Potion Belt"}],"event_choices":[{"damage_healed":0,"gold_gain":0,"player_choice":"Take Damage","damage_taken":20,"relics_obtained":["Golden Idol"],"max_hp_gain":0,"max_hp_loss":0,"event_name":"Golden Idol","floor":2,"gold_loss":0},{"damage_healed":0,"gold_gain":100,"player_choice":"Pray","damage_taken":0,"max_hp_gain":0,"max_hp_loss":0,"event_name":"Golden Shrine","floor":20,"gold_loss":0},{"damage_healed":0,"gold_gain":0,"player_choice":"Forge","damage_taken":0,"max_hp_gain":0,"max_hp_loss":0,"event_name":"Accursed Blacksmith","floor":25,"gold_loss":0,"cards_upgraded":["Flame Barrier"]},{"damage_healed":0,"gold_gain":0,"player_choice":"Simplicity","damage_taken":0,"max_hp_gain":0,"max_hp_loss":0,"event_name":"Back to Basics","floor":29,"gold_loss":0,"cards_upgraded":["Strike_R","Strike_R","Strike_R","Strike_R","Strike_R","Defend_R","Defend_R","Defend_R","Defend_R"]},{"damage_healed":0,"gold_gain":0,"player_choice":"Fight","damage_taken":0,"max_hp_gain":0,"max_hp_loss":0,"event_name":"MindBloom","floor":37,"gold_loss":0},{"damage_healed":0,"gold_gain":0,"player_choice":"Ignored","damage_taken":0,"max_hp_gain":0,"max_hp_loss":0,"event_name":"The Moai Head","floor":38,"gold_loss":0},{"damage_healed":0,"gold_gain":0,"player_choice":"Memory 2","damage_taken":5,"max_hp_gain":0,"max_hp_loss":0,"event_name":"SensoryStone","floor":39,"gold_loss":0},{"cards_removed":["Armaments"],"damage_healed":0,"gold_gain":0,"player_choice":"Removed Skill","damage_taken":0,"max_hp_gain":0,"max_hp_loss":0,"event_name":"Falling","floor":44,"gold_loss":0}],"is_beta":false,"boss_relics":[{"not_picked":["Eternal Feather","Philosopher\u0027s Stone"],"picked":"Snecko Eye"},{"not_picked":["Tiny House","Calling Bell"],"picked":"Runic Cube"}],"items_purged_floors":[42],"is_endless":false,"potions_floor_spawned":[1,3,5,11,12,13,23,28,31,36,41,45,46],"killed_by":"Donu and Deca","ascension_level":0}