{"gold_per_floor":[109,32,49,49,59,87,87,119,165,180,255,0,0],"floor_reached":13,"playtime":358,"items_purged":[],"score":102,"play_id":"cf690529-cda5-4212-8d5a-36368c378f7b","local_time":"20181120165217","is_ascension_mode":true,"campfire_choices":[{"data":"Armaments","floor":7,"key":"SMITH"}],"neow_cost":"NONE","seed_source_timestamp":8002878448328,"circlet_count":0,"master_deck":["Strike_R","Strike_R","Strike_R","Strike_R","Strike_R","Defend_R","Defend_R","Defend_R","Defend_R","Bash","Sword Boomerang","Spot Weakness","Armaments+1","Sword Boomerang","Twin Strike","Fire Breathing","Barricade","Metamorphosis"],"relics":["Snecko Eye","Bottled Lightning","Ancient Tea Set"],"potions_floor_usage":[6,13],"damage_taken":[{"damage":2,"enemies":"Jaw Worm","floor":1,"turns":3},{"damage":0,"enemies":"Small Slimes","floor":3,"turns":2},{"damage":4,"enemies":"2 Louse","floor":5,"turns":3},{"damage":25,"enemies":"3 Sentries","floor":6,"turns":6},{"damage":18,"enemies":"Gremlin Nob","floor":8,"turns":4},{"damage":15,"enemies":"Gremlin Gang","floor":10,"turns":4},{"damage":12,"enemies":"The Mushroom Lair","floor":13,"turns":2}],"seed_played":"4667513624137582113","potions_obtained":[{"floor":5,"key":"Fire Potion"},{"floor":10,"key":"Weak Potion"}],"is_trial":false,"path_per_floor":["M","$","M","?","M","E","R","E","T","M","?","$","?"],"character_chosen":"IRONCLAD","items_purchased":["Spot Weakness","Barricade","Metamorphosis"],"campfire_rested":0,"item_purchase_floors":[2,12,12],"current_hp_per_floor":[78,78,78,78,74,49,49,31,31,16,5,5,0],"gold":0,"neow_bonus":"BOSS_RELIC","is_prod":false,"is_daily":false,"chose_seed":false,"campfire_upgraded":1,"win_rate":0,"timestamp":1542729137,"path_taken":["M","$","M","?","M","E","R","E","T","M","?","$","?"],"build_version":"2018-11-15","purchased_purges":0,"victory":false,"max_hp_per_floor":[80,80,80,80,80,80,80,80,80,80,80,80,80],"card_choices":[{"not_picked":["Whirlwind","Burning Pact"],"picked":"Sword Boomerang","floor":1},{"not_picked":["Clash","Cleave"],"picked":"Armaments","floor":3},{"not_picked":["Armaments","Anger"],"picked":"Sword Boomerang","floor":5},{"not_picked":["Body Slam","Sentinel","Burning Pact"],"picked":"SKIP","floor":6},{"not_picked":["Corruption","Entrench"],"picked":"Twin Strike","floor":8},{"not_picked":["Combust","Limit Break"],"picked":"Fire Breathing","floor":10}],"player_experience":129337,"relics_obtained":[{"floor":6,"key":"Bottled Lightning"},{"floor":8,"key":"Ancient Tea Set"}],"event_choices":[{"damage_healed":0,"gold_gain":0,"player_choice":"Leave","damage_taken":0,"max_hp_gain":0,"max_hp_loss":0,"event_name":"The Cleric","floor":4,"gold_loss":0},{"damage_healed":0,"gold_gain":75,"player_choice":"Gather Gold","damage_taken":11,"max_hp_gain":0,"max_hp_loss":0,"event_name":"World of Goop","floor":11,"gold_loss":0},{"damage_healed":0,"gold_gain":0,"player_choice":"Fought Mushrooms","damage_taken":0,"max_hp_gain":0,"max_hp_loss":0,"event_name":"Mushrooms","floor":13,"gold_loss":0}],"is_beta":false,"boss_relics":[],"items_purged_floors":[],"is_endless":false,"potions_floor_spawned":[5,10],"killed_by":"The Mushroom Lair","ascension_level":2}