{"gold_per_floor":[111,111,111,127,202,234,234,261,261,261,276,276,57,88,88,166,166,178,61,61,61,80,112,112,144,144,144,173,223,233,50,50,126,126,136,61,80,93,105,105,140,154,203,233,183,183,193,224,224,224,224,224,224,141,168,168],"floor_reached":57,"playtime":2024,"items_purged":["Strike_B","Strike_B","Amplify"],"score":3628,"play_id":"ef8b39b4-c405-42d1-a155-5e76009182fd","local_time":"20190526203859","is_ascension_mode":true,"campfire_choices":[{"data":"Defragment","floor":10,"key":"SMITH"},{"data":"Skim","floor":12,"key":"SMITH"},{"data":"Zap","floor":15,"key":"SMITH"},{"data":"Consume","floor":24,"key":"SMITH"},{"data":"Force Field","floor":27,"key":"SMITH"},{"data":"Capacitor","floor":32,"key":"SMITH"},{"floor":40,"key":"RECALL"},{"data":"Loop","floor":49,"key":"SMITH"},{"data":"Biased Cognition","floor":53,"key":"SMITH"}],"neow_cost":"NONE","seed_source_timestamp":244164566002949,"circlet_count":0,"master_deck":["AscendersBane","Defend_B","Defend_B","Zap+1","Dualcast","Multi-Cast","Defragment+1","Skim+1","Cold Snap+1","Reboot","Force Field+1","Consume+1","Reinforced Body+1","Recycle","Genetic Algorithm+1","Capacitor+1","Biased Cognition+1","Amplify","Core Surge+1","Force Field","Loop+1","Skim+1","Seek"],"special_seed":0,"relics":["Cracked Core","NeowsBlessing","Blood Vial","Pantograph","Matryoshka","Juzu Bracelet","Molten Egg 2","Runic Capacitor","Cables","Snecko Eye","Potion Belt","Meat on the Bone","Bag of Preparation","Vajra","Singing Bowl","Inserter","Bottled Flame","Smiling Mask","Boot","Frozen Egg 2","War Paint"],"potions_floor_usage":[56,56,56,56],"damage_taken":[{"damage":0.0,"enemies":"Small Slimes","floor":1.0,"turns":1.0},{"damage":0,"enemies":"2 Louse","floor":4,"turns":1},{"damage":0,"enemies":"Lagavulin","floor":6,"turns":1},{"damage":5,"enemies":"3 Sentries","floor":8,"turns":2},{"damage":0,"enemies":"Cultist","floor":11,"turns":2},{"damage":0,"enemies":"Gremlin Nob","floor":14,"turns":1},{"damage":0,"enemies":"Slime Boss","floor":16,"turns":2},{"damage":0,"enemies":"Chosen","floor":18,"turns":1},{"damage":0,"enemies":"2 Thieves","floor":22,"turns":1},{"damage":0,"enemies":"Book of Stabbing","floor":23,"turns":2},{"damage":0,"enemies":"Gremlin Leader","floor":25,"turns":1},{"damage":0,"enemies":"Book of Stabbing","floor":28,"turns":1},{"damage":0,"enemies":"Cultist and Chosen","floor":30,"turns":1},{"damage":0,"enemies":"Champ","floor":33,"turns":1},{"damage":0,"enemies":"3 Darklings","floor":35,"turns":2},{"damage":0,"enemies":"3 Shapes","floor":37,"turns":1},{"damage":0,"enemies":"Sphere and 2 Shapes","floor":38,"turns":1},{"damage":0,"enemies":"Maw","floor":39,"turns":2},{"damage":0,"enemies":"Reptomancer","floor":41,"turns":1},{"damage":0,"enemies":"Jaw Worm Horde","floor":42,"turns":2},{"damage":0,"enemies":"Nemesis","floor":44,"turns":1},{"damage":0,"enemies":"4 Shapes","floor":47,"turns":2},{"damage":0,"enemies":"Reptomancer","floor":48,"turns":2},{"damage":0,"enemies":"Awakened One","floor":50,"turns":4},{"damage":0,"enemies":"Time Eater","floor":51,"turns":2},{"damage":0,"enemies":"Shield and Spear","floor":55,"turns":1},{"damage":0,"enemies":"The Heart","floor":56,"turns":9}],"seed_played":"-4225466005622073627","potions_obtained":[{"floor":4,"key":"Ancient Potion"},{"floor":11,"key":"LiquidBronze"},{"floor":25,"key":"Block Potion"},{"floor":30,"key":"PowerPotion"}],"is_trial":false,"path_per_floor":["M","?","?","M","?","E","T","E","T","R","M","R","$","E","R","B",null,"M","$","?","T","M","E","R","E","T","R","E","?","M","$","R","B",null,"M","?","M","M","M","R","E","M","T","E","$","?","M","E","R","B","B",null,"R","$","E","B",null],"character_chosen":"DEFECT","items_purchased":["Runic Capacitor","Consume","Capacitor","Skim"],"campfire_rested":0,"item_purchase_floors":[13,19,31,54],"current_hp_per_floor":[64,64,64,64,53,53,53,50,50,50,52,52,52,54,54,71,71,71,71,71,71,71,71,71,71,71,71,71,71,73,73,73,73,73,75,75,77,77,77,77,79,81,81,83,83,83,83,85,85,85,85,85,85,85,85,85],"gold":168,"neow_bonus":"THREE_ENEMY_KILL","is_prod":false,"is_daily":false,"chose_seed":false,"campfire_upgraded":8,"win_rate":0,"timestamp":1558870739,"path_taken":["M","?","?","?","?","E","?","E","T","R","M","R","$","E","R","BOSS","M","$","?","?","M","E","R","E","T","R","E","?","M","$","R","BOSS","M","?","M","M","M","R","E","M","T","E","$","?","M","E","R","BOSS","BOSS","R","$","E","BOSS"],"build_version":"2019-01-23","purchased_purges":3,"victory":true,"max_hp_per_floor":[71,71,71,71,71,71,71,71,71,71,71,71,71,71,71,71,71,71,71,71,71,71,71,71,71,71,71,71,71,73,73,73,73,73,75,75,77,77,77,77,79,81,81,83,83,83,83,85,85,85,85,85,85,85,85,85],"card_choices":[{"not_picked":["Compile Driver","Go for the Eyes","Stack"],"picked":"SKIP","floor":1.0},{"not_picked":["Sweeping Beam","Hello World","Gash"],"picked":"SKIP","floor":4},{"not_picked":["Rebound","Steam Power"],"picked":"Defragment","floor":6},{"not_picked":["White Noise","Stack","Aggregate"],"picked":"SKIP","floor":8},{"not_picked":["Doom and Gloom+1","Rebound+1"],"picked":"Skim","floor":11},{"not_picked":["Ball Lightning+1","Hologram"],"picked":"Cold Snap+1","floor":14},{"not_picked":["Multi-Cast","Fission"],"picked":"Reboot","floor":16},{"not_picked":["Streamline+1","Heatsinks"],"picked":"Force Field","floor":18},{"not_picked":["Cold Snap+1","Static Discharge"],"picked":"Reinforced Body","floor":22},{"not_picked":["Undo+1","Heatsinks","Darkness"],"picked":"SKIP","floor":23},{"not_picked":["Hologram","Storm"],"picked":"Recycle","floor":25},{"not_picked":["Conserve Battery","Redo"],"picked":"Genetic Algorithm+1","floor":28},{"not_picked":["Hologram","Doom and Gloom+1","Gash+1"],"picked":"Singing Bowl","floor":30},{"not_picked":["Meteor Strike+1","Thunder Strike+1"],"picked":"Biased Cognition","floor":33},{"not_picked":["Rebound+1","Hologram+1","Conserve Battery"],"picked":"Singing Bowl","floor":35},{"not_picked":["Cold Snap+1","Streamline+1","Barrage+1"],"picked":"Singing Bowl","floor":37},{"not_picked":["Darkness+1","Auto Shields"],"picked":"Core Surge+1","floor":38},{"not_picked":["Rebound+1","Ball Lightning+1"],"picked":"Force Field","floor":39},{"not_picked":["Ball Lightning+1","Redo+1","Scrape+1"],"picked":"Singing Bowl","floor":41},{"not_picked":["Go for the Eyes+1","Rebound+1","Fusion+1"],"picked":"Singing Bowl","floor":42},{"not_picked":["Hologram","Sweeping Beam+1","Stack"],"picked":"Singing Bowl","floor":44},{"not_picked":["Rip and Tear+1","Rainbow"],"picked":"Loop","floor":47},{"not_picked":["Turbo","Barrage+1","Storm"],"picked":"Singing Bowl","floor":48},{"not_picked":["Stack","Cold Snap+1"],"picked":"Seek","floor":55}],"player_experience":570921,"relics_obtained":[{"floor":6,"key":"Blood Vial"},{"floor":7,"key":"Pantograph"},{"floor":8,"key":"Matryoshka"},{"floor":9,"key":"Juzu Bracelet"},{"floor":9,"key":"Molten Egg 2"},{"floor":14,"key":"Cables"},{"floor":21,"key":"Potion Belt"},{"floor":23,"key":"Meat on the Bone"},{"floor":25,"key":"Bag of Preparation"},{"floor":26,"key":"Vajra"},{"floor":28,"key":"Singing Bowl"},{"floor":41,"key":"Bottled Flame"},{"floor":43,"key":"Smiling Mask"},{"floor":44,"key":"Boot"},{"floor":48,"key":"Frozen Egg 2"},{"floor":55,"key":"War Paint"}],"event_choices":[{"damage_healed":0,"gold_gain":0,"player_choice":"Ignored","damage_taken":0,"max_hp_gain":0,"max_hp_loss":0,"event_name":"Shining Light","floor":2,"gold_loss":0},{"damage_healed":0,"gold_gain":0,"player_choice":"1 cards matched","damage_taken":0,"max_hp_gain":0,"max_hp_loss":0,"event_name":"Match and Keep!","floor":3,"gold_loss":0,"cards_obtained":["Multi-Cast"]},{"damage_healed":0,"gold_gain":75,"player_choice":"Gather Gold","damage_taken":11,"max_hp_gain":0,"max_hp_loss":0,"event_name":"World of Goop","floor":5,"gold_loss":0},{"cards_removed":["Strike_B"],"damage_healed":0,"gold_gain":0,"player_choice":"Elegance","damage_taken":0,"max_hp_gain":0,"max_hp_loss":0,"event_name":"Back to Basics","floor":20,"gold_loss":0},{"damage_healed":0,"gold_gain":50,"player_choice":"Stole From Cult","damage_taken":0,"max_hp_gain":0,"max_hp_loss":0,"event_name":"Nest","floor":29,"gold_loss":0},{"damage_healed":0,"gold_gain":0,"cards_transformed":["Defend_B","Strike_B"],"player_choice":"Transformed Cards","damage_taken":0,"max_hp_gain":0,"max_hp_loss":0,"event_name":"Designer","floor":36,"gold_loss":75,"cards_obtained":["Amplify","Amplify"]},{"cards_removed":["Defend_B"],"damage_healed":0,"gold_gain":0,"player_choice":"Removed Skill","damage_taken":0,"max_hp_gain":0,"max_hp_loss":0,"event_name":"Falling","floor":46,"gold_loss":0}],"is_beta":false,"boss_relics":[{"not_picked":["FrozenCore","Philosopher\u0027s Stone"],"picked":"Snecko Eye"},{"not_picked":["Velvet Choker","Astrolabe"],"picked":"Inserter"}],"items_purged_floors":[19,31,45],"is_endless":false,"potions_floor_spawned":[4,11,14,18,25,30,39,44,47,48],"ascension_level":20}