{"gold_per_floor":[115,125,125,125,70,70,86,104,104,137,47,12,12,30,30,109,109,129,143,143,123,140,140],"floor_reached":23,"playtime":683,"items_purged":[],"score":482,"play_id":"87d5423a-ce56-4fc5-919e-b2599fe6780d","local_time":"20190530130317","is_ascension_mode":true,"campfire_choices":[{"data":"Coolheaded","floor":6,"key":"SMITH"},{"data":"Meteor Strike","floor":15,"key":"SMITH"}],"neow_cost":"NONE","seed_source_timestamp":143225425399842,"circlet_count":0,"master_deck":["AscendersBane","Strike_B+1","Strike_B","Strike_B","Defend_B","Defend_B","Defend_B","Defend_B","Zap","Dualcast","Meteor Strike+1","Consume+1","Go for the Eyes","Coolheaded+1","Hologram","Cold Snap","Chaos+1","Capacitor","Leap+1","Electrodynamics","Hologram+1","Sunder"],"relics":["Cracked Core","Toxic Egg 2","Eternal Feather"],"potions_floor_usage":[23],"damage_taken":[{"damage":0,"enemies":"Cultist","floor":1,"turns":2},{"damage":5,"enemies":"Small Slimes","floor":2,"turns":2},{"damage":0,"enemies":"Jaw Worm","floor":7,"turns":2},{"damage":6,"enemies":"Looter","floor":8,"turns":2},{"damage":5,"enemies":"3 Sentries","floor":10,"turns":5},{"damage":0,"enemies":"Exordium Wildlife","floor":14,"turns":2},{"damage":0,"enemies":"Slime Boss","floor":16,"turns":10},{"damage":11,"enemies":"Shell Parasite","floor":18,"turns":3},{"damage":10,"enemies":"3 Byrds","floor":19,"turns":4},{"damage":0,"enemies":"Snecko","floor":22,"turns":3},{"damage":39,"enemies":"Slavers","floor":23,"turns":3}],"seed_played":"2340012405337160241","potions_obtained":[{"floor":1,"key":"SpeedPotion"},{"floor":8,"key":"Poison Potion"},{"floor":14,"key":"PowerPotion"},{"floor":21,"key":"Fire Potion"}],"is_trial":false,"path_per_floor":["M","M","?","?","$","R","M","M","T","E","$","?","$","M","R","B",null,"M","M","?","?","M","E"],"character_chosen":"DEFECT","items_purchased":["Coolheaded","Capacitor"],"campfire_rested":0,"item_purchase_floors":[5,11],"current_hp_per_floor":[64,59,59,38,38,38,38,32,32,27,27,44,44,44,44,44,64,53,43,43,43,43,4],"gold":140,"neow_bonus":"ONE_RANDOM_RARE_CARD","is_prod":false,"is_daily":false,"chose_seed":false,"campfire_upgraded":2,"win_rate":0,"timestamp":1559188997,"path_taken":["M","M","?","?","$","R","M","M","T","E","?","?","$","?","R","BOSS","M","M","?","?","M","E"],"build_version":"2019-01-23","purchased_purges":0,"victory":false,"max_hp_per_floor":[71,71,71,71,71,71,71,71,71,71,71,71,71,71,71,71,71,71,71,71,71,71,71],"card_choices":[{"not_picked":["Redo","Turbo"],"picked":"Consume","floor":1},{"not_picked":["Go for the Eyes","Double Energy","Leap"],"picked":"SKIP","floor":2},{"not_picked":["Leap","Stack"],"picked":"Hologram","floor":7},{"not_picked":["Barrage","Compile Driver"],"picked":"Cold Snap","floor":8},{"not_picked":["Chill","Machine Learning"],"picked":"Chaos","floor":10},{"not_picked":["Go for the Eyes","Sweeping Beam"],"picked":"Leap+1","floor":14},{"not_picked":["Rainbow+1","Biased Cognition"],"picked":"Electrodynamics","floor":16},{"not_picked":["Storm","Auto Shields+1"],"picked":"Hologram+1","floor":18},{"not_picked":["Doom and Gloom","Gash","Streamline"],"picked":"SKIP","floor":19},{"not_picked":["Storm+1","Beam Cell"],"picked":"Sunder","floor":22}],"player_experience":601640,"relics_obtained":[{"floor":10,"key":"Toxic Egg 2"}],"event_choices":[{"damage_healed":0,"gold_gain":0,"cards_transformed":["Strike_B"],"player_choice":"Change","damage_taken":0,"max_hp_gain":0,"max_hp_loss":0,"event_name":"Living Wall","floor":3,"gold_loss":0,"cards_obtained":["Go for the Eyes"]},{"damage_healed":0,"gold_gain":0,"player_choice":"Entered Light","damage_taken":21,"max_hp_gain":0,"max_hp_loss":0,"event_name":"Shining Light","floor":4,"gold_loss":0,"cards_upgraded":["Strike_B","Consume"]},{"damage_healed":17,"gold_gain":0,"player_choice":"Healed","damage_taken":0,"max_hp_gain":0,"max_hp_loss":0,"event_name":"The Cleric","floor":12,"gold_loss":35},{"damage_healed":0,"gold_gain":0,"player_choice":"Ignored","damage_taken":0,"max_hp_gain":0,"max_hp_loss":0,"event_name":"Vampires","floor":20,"gold_loss":0},{"damage_healed":0,"gold_gain":0,"player_choice":"Bought 1 Potion","damage_taken":0,"max_hp_gain":0,"max_hp_loss":0,"event_name":"The Woman in Blue","floor":21,"gold_loss":0}],"is_beta":false,"boss_relics":[{"not_picked":["Philosopher\u0027s Stone","Busted Crown"],"picked":"Eternal Feather"}],"items_purged_floors":[],"is_endless":false,"potions_floor_spawned":[1,8,14,22],"killed_by":"Slavers","ascension_level":20}