{"gold_per_floor":[109,124,140,18,28,28,59,7,60,60],"floor_reached":10,"playtime":802,"items_purged":["Strike_G"],"score":109,"play_id":"c19d74c8-bd11-4bbc-8a3f-db8726ff1e53","local_time":"20190524010450","is_ascension_mode":true,"campfire_choices":[{"data":"Dash","floor":6,"key":"SMITH"}],"neow_cost":"NONE","seed_source_timestamp":283124550719030,"circlet_count":0,"master_deck":["AscendersBane","Defend_G","Defend_G","Defend_G","Defend_G","Defend_G","Strike_G","Strike_G","Strike_G","Strike_G","Survivor","Neutralize","Dash+1","Bouncing Flask","Dodge and Roll","Well Laid Plans","Dash"],"relics":["Ring of the Snake","Smiling Mask","Toxic Egg 2","Ancient Tea Set","Boot"],"potions_floor_usage":[10,10],"damage_taken":[{"damage":8,"enemies":"Small Slimes","floor":1,"turns":5},{"damage":0,"enemies":"Cultist","floor":2,"turns":5},{"damage":0,"enemies":"Jaw Worm","floor":3,"turns":4},{"damage":13,"enemies":"Exordium Wildlife","floor":5,"turns":8},{"damage":29,"enemies":"Lagavulin","floor":7,"turns":7},{"damage":20,"enemies":"Gremlin Nob","floor":10,"turns":3}],"seed_played":"358362765893004246","potions_obtained":[{"floor":5,"key":"FearPotion"},{"floor":7,"key":"Explosive Potion"}],"is_trial":false,"path_per_floor":["M","M","M","$","M","R","E","?","T","E"],"character_chosen":"THE_SILENT","items_purchased":["Well Laid Plans"],"campfire_rested":0,"item_purchase_floors":[4],"current_hp_per_floor":[55,55,55,55,42,42,13,13,13,0],"gold":60,"neow_bonus":"RANDOM_COMMON_RELIC","is_prod":false,"is_daily":false,"chose_seed":false,"campfire_upgraded":1,"win_rate":0,"timestamp":1558674290,"path_taken":["M","M","M","$","M","R","E","?","T","E"],"build_version":"2019-01-23","purchased_purges":1,"victory":false,"max_hp_per_floor":[70,70,70,70,70,70,70,70,70,70],"card_choices":[{"not_picked":["Outmaneuver","Underhanded Strike"],"picked":"Dash","floor":1},{"not_picked":["Dagger Spray","Finisher"],"picked":"Bouncing Flask","floor":2},{"not_picked":["Blade Dance","Catalyst"],"picked":"Dodge and Roll","floor":3},{"not_picked":["Underhanded Strike","Concentrate"],"picked":"Dash","floor":5},{"not_picked":["Flying Knee","Poisoned Stab","Dagger Throw"],"picked":"SKIP","floor":7}],"player_experience":385023,"relics_obtained":[{"floor":7,"key":"Toxic Egg 2"},{"floor":9,"key":"Boot"}],"event_choices":[{"damage_healed":0,"gold_gain":0,"player_choice":"Paid Gold","damage_taken":0,"relics_obtained":["Ancient Tea Set"],"max_hp_gain":0,"max_hp_loss":0,"event_name":"WeMeetAgain","floor":8,"gold_loss":52}],"is_beta":false,"boss_relics":[],"items_purged_floors":[4],"is_endless":false,"potions_floor_spawned":[5,7],"killed_by":"Gremlin Nob","ascension_level":12}