{"gold_per_floor":[116,116,131,131,141,172,97,114,114,114,114,126,126,141,141,241,241,258,258,258,13,25,55,0,0,82,82],"floor_reached":27,"playtime":1173,"items_purged":["Strike_B","Defend_B"],"score":277,"play_id":"db74c695-5ac2-49c3-85fb-690777a56978","local_time":"20190501175802","is_ascension_mode":true,"campfire_choices":[{"floor":10,"key":"REST"},{"floor":13,"key":"REST"},{"floor":15,"key":"REST"}],"neow_cost":"NONE","seed_source_timestamp":129993603604783,"circlet_count":0,"master_deck":["Strike_B","Defend_B","Defend_B","Zap","Dualcast","Gash","Gash","BootSequence","Darkness","Tempest","Beam Cell","Go for the Eyes"],"relics":["Cracked Core","NeowsBlessing","Singing Bowl","Symbiotic Virus","Black Star","Juzu Bracelet","Bottled Flame","Vajra","Mummified Hand"],"potions_floor_usage":[6,6,16,22,23],"damage_taken":[{"damage":0,"enemies":"Jaw Worm","floor":1,"turns":1},{"damage":0,"enemies":"Cultist","floor":3,"turns":1},{"damage":0,"enemies":"Small Slimes","floor":5,"turns":1},{"damage":40,"enemies":"3 Sentries","floor":6,"turns":7},{"damage":15,"enemies":"Gremlin Gang","floor":8,"turns":3},{"damage":11,"enemies":"2 Fungi Beasts","floor":12,"turns":4},{"damage":11,"enemies":"Blue Slaver","floor":14,"turns":3},{"damage":49,"enemies":"The Guardian","floor":16,"turns":10},{"damage":20,"enemies":"Spheric Guardian","floor":18,"turns":4},{"damage":6,"enemies":"3 Byrds","floor":22,"turns":3},{"damage":72,"enemies":"Slavers","floor":23,"turns":6},{"damage":11,"enemies":"3 Cultists","floor":27,"turns":3}],"seed_played":"8353113286017475248","potions_obtained":[{"floor":1,"key":"Energy Potion"},{"floor":5,"key":"FearPotion"},{"floor":8,"key":"GamblersBrew"},{"floor":16,"key":"Fire Potion"},{"floor":18,"key":"Block Potion"},{"floor":22,"key":"Dexterity Potion"}],"is_trial":false,"path_per_floor":["M","?","M","?","M","E","$","M","T","R","?","M","R","M","R","B",null,"M","?","?","$","M","E","?","$","T","M"],"character_chosen":"DEFECT","items_purchased":["Juzu Bracelet"],"campfire_rested":3,"item_purchase_floors":[21],"current_hp_per_floor":[75,75,75,75,75,37,37,24,24,47,47,38,62,51,75,28,83,65,85,85,85,79,7,7,7,7,0],"gold":82,"neow_bonus":"THREE_ENEMY_KILL","is_prod":false,"is_daily":false,"chose_seed":false,"campfire_upgraded":0,"win_rate":0,"timestamp":1556758682,"path_taken":["M","?","?","?","?","E","$","M","T","R","?","M","R","M","R","BOSS","M","?","?","$","M","E","?","?","T","M"],"build_version":"2019-01-23","purchased_purges":2,"victory":false,"max_hp_per_floor":[75,75,75,75,75,77,77,79,79,79,79,81,81,81,81,83,83,85,85,85,85,85,85,85,85,85,85],"card_choices":[{"not_picked":["Chaos","Hologram"],"picked":"Gash","floor":1},{"not_picked":["Conserve Battery","Leap","Darkness"],"picked":"SKIP","floor":3},{"not_picked":["Cold Snap","Self Repair"],"picked":"Gash","floor":5},{"not_picked":["Compile Driver","Reprogram","Fusion"],"picked":"Singing Bowl","floor":6},{"not_picked":["Blizzard","Hologram","Conserve Battery"],"picked":"Singing Bowl","floor":8},{"not_picked":["Conserve Battery","Streamline","Stack"],"picked":"Singing Bowl","floor":12},{"not_picked":["Double Energy","Doom and Gloom"],"picked":"BootSequence","floor":14},{"not_picked":["Fission","Rainbow","Thunder Strike"],"picked":"Singing Bowl","floor":16},{"not_picked":["Barrage","Ball Lightning","Steam Power"],"picked":"Singing Bowl","floor":18},{"not_picked":["Coolheaded","Conserve Battery"],"picked":"Beam Cell","floor":22},{"not_picked":["Turbo","Conserve Battery"],"picked":"Go for the Eyes","floor":23}],"player_experience":210075,"relics_obtained":[{"floor":6,"key":"Singing Bowl"},{"floor":9,"key":"Symbiotic Virus"},{"floor":23,"key":"Bottled Flame"},{"floor":23,"key":"Vajra"},{"floor":26,"key":"Mummified Hand"}],"event_choices":[{"cards_removed":["Defend_B"],"damage_healed":0,"gold_gain":0,"player_choice":"Purged","damage_taken":0,"max_hp_gain":0,"max_hp_loss":0,"event_name":"Purifier","floor":2,"gold_loss":0},{"damage_healed":0,"gold_gain":0,"player_choice":"Leave","damage_taken":0,"max_hp_gain":0,"max_hp_loss":0,"event_name":"FaceTrader","floor":4,"gold_loss":0},{"damage_healed":0,"gold_gain":0,"player_choice":"Ignored","damage_taken":0,"max_hp_gain":0,"max_hp_loss":0,"event_name":"Golden Idol","floor":11,"gold_loss":0},{"damage_healed":28,"gold_gain":0,"player_choice":"Heal","damage_taken":0,"max_hp_gain":0,"max_hp_loss":0,"event_name":"The Library","floor":19,"gold_loss":0},{"damage_healed":0,"gold_gain":0,"cards_transformed":["Strike_B","Strike_B"],"player_choice":"Became Test Subject","damage_taken":0,"max_hp_gain":0,"max_hp_loss":0,"event_name":"Drug Dealer","floor":20,"gold_loss":0,"cards_obtained":["Darkness","Tempest"]},{"damage_healed":0,"gold_gain":0,"player_choice":"Paid Fearfully","damage_taken":0,"max_hp_gain":0,"max_hp_loss":0,"event_name":"Masked Bandits","floor":24,"gold_loss":55}],"is_beta":false,"boss_relics":[{"not_picked":["Busted Crown","Velvet Choker"],"picked":"Black Star"}],"items_purged_floors":[7,21],"is_endless":false,"potions_floor_spawned":[1,5,8,16,18,22],"killed_by":"3 Cultists","ascension_level":4}