{"gold_per_floor":[110,126,58,70,85,85,38,48,48,59,73,52,25,25,25,129,129,149,149,149,166,178,178,189,203,283,169,195,195,195,214,214,313,313,332,332,332,342,342],"floor_reached":39,"playtime":3319,"items_purged":["Defend_B"],"score":475,"play_id":"ab3cdd7b-c191-4dd8-9dc3-efb8b0c570cc","local_time":"20190501211734","is_ascension_mode":true,"campfire_choices":[{"data":"Hyperbeam","floor":6,"key":"SMITH"},{"data":"Sweeping Beam","floor":15,"key":"SMITH"},{"data":"Buffer","floor":23,"key":"SMITH"},{"floor":30,"key":"REST"},{"data":"Hologram","floor":32,"key":"SMITH"}],"neow_cost":"NONE","seed_source_timestamp":135311570206558,"circlet_count":0,"master_deck":["Defend_B","Defend_B","Zap","Dualcast","Hyperbeam+1","Rebound","Go for the Eyes","Melter","Leap","Sweeping Beam+1","Gash","Hyperbeam","Self Repair","Leap","Buffer+1","Bite","Bite","Bite","Bite","Bite","Writhe","Hologram+1","Melter","Beam Cell","Beam Cell+1","Scrape","Scrape","Echo Form","Go for the Eyes+1","Mind Blast","Enlightenment","Apotheosis","Sweeping Beam+1"],"relics":["Cracked Core","Mummified Hand","Lizard Tail","Question Card","Tiny Chest","Bronze Scales","Enchiridion","Runic Pyramid"],"potions_floor_usage":[16,16,21,21,33,33,35,39],"damage_taken":[{"damage":0,"enemies":"Cultist","floor":1,"turns":2},{"damage":4,"enemies":"2 Louse","floor":2,"turns":2},{"damage":8,"enemies":"Small Slimes","floor":4,"turns":2},{"damage":8,"enemies":"Blue Slaver","floor":5,"turns":2},{"damage":5,"enemies":"2 Fungi Beasts","floor":8,"turns":3},{"damage":10,"enemies":"Exordium Wildlife","floor":10,"turns":3},{"damage":0,"enemies":"3 Louse","floor":11,"turns":1},{"damage":64,"enemies":"Hexaghost","floor":16,"turns":8},{"damage":0,"enemies":"Spheric Guardian","floor":18,"turns":1},{"damage":14,"enemies":"Shell Parasite","floor":21,"turns":4},{"damage":14,"enemies":"Centurion and Healer","floor":22,"turns":3},{"damage":37,"enemies":"Snake Plant","floor":24,"turns":4},{"damage":0,"enemies":"Sentry and Sphere","floor":25,"turns":3},{"damage":0,"enemies":"Centurion and Healer","floor":31,"turns":5},{"damage":58,"enemies":"Collector","floor":33,"turns":10},{"damage":20,"enemies":"3 Darklings","floor":35,"turns":6},{"damage":18,"enemies":"3 Shapes","floor":38,"turns":3},{"damage":25,"enemies":"Spire Growth","floor":39,"turns":3}],"seed_played":"1737324256489443871","potions_obtained":[{"floor":5,"key":"LiquidBronze"},{"floor":11,"key":"Ancient Potion"},{"floor":16,"key":"Weak Potion"},{"floor":18,"key":"Explosive Potion"},{"floor":21,"key":"Weak Potion"},{"floor":22,"key":"Strength Potion"},{"floor":24,"key":"Swift Potion"},{"floor":33,"key":"SkillPotion"},{"floor":35,"key":"Dexterity Potion"}],"is_trial":false,"path_per_floor":["M","M","$","M","M","R","$","M","T","M","M","?","$","?","R","B",null,"M","?","?","M","M","R","M","M","T","$","T","?","R","M","R","B",null,"M","?","?","M","M"],"character_chosen":"DEFECT","items_purchased":["Melter","Sweeping Beam","Leap","Scrape"],"campfire_rested":1,"item_purchase_floors":[3,7,13,27],"current_hp_per_floor":[75,71,71,63,55,55,55,50,50,40,40,40,40,65,65,1,75,75,52,52,44,34,34,37,37,37,37,37,21,36,49,49,1,52,47,47,37,21,0],"gold":342,"neow_bonus":"ONE_RANDOM_RARE_CARD","is_prod":false,"is_daily":false,"chose_seed":false,"campfire_upgraded":4,"win_rate":0,"timestamp":1556770654,"path_taken":["M","M","$","M","?","R","$","M","T","M","M","?","$","?","R","BOSS","M","?","?","M","M","R","M","M","T","$","?","?","R","?","R","BOSS","M","?","?","M","M"],"build_version":"2019-01-23","purchased_purges":1,"victory":false,"max_hp_per_floor":[75,75,75,75,75,75,75,75,75,75,75,75,75,75,75,75,75,75,52,52,52,52,52,52,52,52,52,52,52,52,52,52,52,52,52,52,52,52,52],"card_choices":[{"not_picked":["Aggregate","Cold Snap"],"picked":"Rebound","floor":1},{"not_picked":["Stack","Skim"],"picked":"Go for the Eyes","floor":2},{"not_picked":["Ball Lightning","Chaos","Barrage"],"picked":"SKIP","floor":4},{"not_picked":["Consume","Cold Snap"],"picked":"Leap","floor":5},{"not_picked":["Force Field","Stack"],"picked":"Gash","floor":8},{"not_picked":["Streamline","Cold Snap"],"picked":"Hyperbeam","floor":10},{"not_picked":["White Noise","Auto Shields"],"picked":"Self Repair","floor":11},{"not_picked":["Creative AI","Amplify"],"picked":"Buffer","floor":16},{"not_picked":["Capacitor","Redo","Ball Lightning+1"],"picked":"SKIP","floor":18},{"not_picked":["Turbo","Coolheaded","Tempest"],"picked":"Hologram","floor":21},{"not_picked":["Coolheaded","Capacitor","Gash"],"picked":"Melter","floor":22},{"not_picked":["Steam","Thunder Strike","Consume"],"picked":"Beam Cell","floor":24},{"not_picked":["Rebound","Redo","Defragment"],"picked":"Beam Cell+1","floor":25},{"not_picked":["Conserve Battery","Leap","Melter"],"picked":"Scrape","floor":31},{"not_picked":["Machine Learning","Rainbow","Biased Cognition"],"picked":"Echo Form","floor":33},{"not_picked":["Coolheaded","Barrage","Consume"],"picked":"Go for the Eyes+1","floor":35},{"not_picked":["Jack Of All Trades","Trip","Panacea"],"picked":"Mind Blast","floor":37},{"not_picked":["Panache","Good Instincts","Flash of Steel"],"picked":"Enlightenment","floor":37},{"not_picked":["Magnetism","Master of Strategy","Blind"],"picked":"Apotheosis","floor":37},{"not_picked":["Hologram+1","Gash+1","Turbo+1"],"picked":"Sweeping Beam+1","floor":38}],"player_experience":214379,"relics_obtained":[{"floor":9,"key":"Mummified Hand"},{"floor":26,"key":"Tiny Chest"},{"floor":28,"key":"Bronze Scales"},{"floor":29,"key":"Enchiridion"}],"event_choices":[{"damage_healed":0,"gold_gain":0,"player_choice":"Left Gold","damage_taken":0,"max_hp_gain":0,"max_hp_loss":0,"event_name":"World of Goop","floor":12,"gold_loss":21},{"damage_healed":25,"gold_gain":0,"player_choice":"Banana","damage_taken":0,"max_hp_gain":0,"max_hp_loss":0,"event_name":"Big Fish","floor":14,"gold_loss":0},{"damage_healed":0,"gold_gain":0,"player_choice":"Became a vampire","damage_taken":0,"max_hp_gain":0,"max_hp_loss":23,"event_name":"Vampires","floor":19,"gold_loss":0,"cards_obtained":["Bite","Bite","Bite","Bite","Bite"]},{"damage_healed":0,"gold_gain":0,"player_choice":"Opened","damage_taken":0,"relics_obtained":["Question Card"],"max_hp_gain":0,"max_hp_loss":0,"event_name":"The Mausoleum","floor":20,"gold_loss":0,"cards_obtained":["Writhe"]},{"damage_healed":0,"gold_gain":0,"player_choice":"Obtained Book","damage_taken":16,"max_hp_gain":0,"max_hp_loss":0,"event_name":"Cursed Tome","floor":29,"gold_loss":0},{"cards_removed":["Defend_B"],"damage_healed":0,"gold_gain":0,"player_choice":"Removed Skill","damage_taken":0,"max_hp_gain":0,"max_hp_loss":0,"event_name":"Falling","floor":36,"gold_loss":0},{"damage_healed":0,"gold_gain":0,"player_choice":"Memory 3","damage_taken":10,"max_hp_gain":0,"max_hp_loss":0,"event_name":"SensoryStone","floor":37,"gold_loss":0}],"is_beta":false,"boss_relics":[{"not_picked":["Ectoplasm","Snecko Eye"],"picked":"Lizard Tail"},{"not_picked":["Runic Dome","Tiny House"],"picked":"Runic Pyramid"}],"items_purged_floors":[27],"is_endless":false,"potions_floor_spawned":[5,11,16,18,21,22,24,33,35],"killed_by":"Spire Growth","ascension_level":4}