{"gold_per_floor":[114,131,206,206,206,221,221,262,262,305,328,328,353,378,378,504,504,520,520,520,533,553,553,577,577,601,624,301,216,77,101,101,231,231,246,371,371,371,54,54,75,108,202,214,249,23,23,23,23,23,23,64,64],"floor_reached":53,"playtime":2436,"items_purged":["Regret","Masterful Stab"],"score":768,"play_id":"9cb81ec2-0217-4f54-8fa2-f0474909d7f5","local_time":"20190126003239","is_ascension_mode":false,"campfire_choices":[{"floor":12,"key":"REST"},{"data":"Survivor","floor":15,"key":"SMITH"},{"data":"Envenom","floor":23,"key":"SMITH"},{"data":"Catalyst","floor":25,"key":"SMITH"},{"floor":32,"key":"REST"},{"floor":40,"key":"RECALL"},{"floor":44,"key":"REST"},{"floor":50,"key":"REST"}],"neow_cost":"NONE","seed_source_timestamp":45290950150348,"circlet_count":0,"master_deck":["Survivor+1","Neutralize","Infinite Blades","Dagger Throw+1","Cloak And Dagger","Venomology","Caltrops","Noxious Fumes","Envenom+1","Accuracy","Bouncing Flask","Accuracy","Acrobatics","Deadly Poison","Crippling Poison","Adrenaline","Phantasmal Killer","Cloak And Dagger","RitualDagger","Ghostly","Ghostly","Ghostly","Ghostly","Ghostly","Deflect+1","Cloak And Dagger","Catalyst+1","Flying Knee+1","Noxious Fumes","Apotheosis","Well Laid Plans","Corpse Explosion","Prepared","Footwork","Terror+1","Leg Sweep+1","Well Laid Plans"],"relics":["Ring of the Snake","Bag of Marbles","The Courier","Ancient Tea Set","Golden Idol","Potion Belt","Pear","Strawberry","Whetstone","Pandora\u0027s Box","Dream Catcher","Torii","Tingsha","Fusion Hammer","WingedGreaves","Bronze Scales","Incense Burner","MawBank","Bird Faced Urn","Letter Opener"],"potions_floor_usage":[1,10,16,18,21,22,24,27,31,33,33,33,33,33,36,42,45,52,53,53,53,53,53,53],"damage_taken":[{"damage":0,"enemies":"Small Slimes","floor":1,"turns":3},{"damage":9,"enemies":"2 Louse","floor":2,"turns":2},{"damage":2,"enemies":"Jaw Worm","floor":6,"turns":3},{"damage":41,"enemies":"Gremlin Nob","floor":8,"turns":5},{"damage":16,"enemies":"Lagavulin","floor":10,"turns":8},{"damage":6,"enemies":"Exordium Thugs","floor":13,"turns":5},{"damage":10,"enemies":"Looter","floor":14,"turns":3},{"damage":10,"enemies":"Hexaghost","floor":16,"turns":9},{"damage":26,"enemies":"2 Thieves","floor":18,"turns":4},{"damage":5,"enemies":"Chosen","floor":21,"turns":7},{"damage":15,"enemies":"3 Cultists","floor":22,"turns":6},{"damage":2,"enemies":"Snecko","floor":24,"turns":6},{"damage":10,"enemies":"Centurion and Healer","floor":27,"turns":5},{"damage":0,"enemies":"Snake Plant","floor":31,"turns":5},{"damage":10,"enemies":"Collector","floor":33,"turns":7},{"damage":0,"enemies":"3 Darklings","floor":35,"turns":3},{"damage":7,"enemies":"Mind Bloom Boss Battle","floor":36,"turns":6},{"damage":2,"enemies":"Orb Walker","floor":41,"turns":3},{"damage":3,"enemies":"Giant Head","floor":42,"turns":8},{"damage":3,"enemies":"Maw","floor":45,"turns":6},{"damage":6,"enemies":"Donu and Deca","floor":48,"turns":7},{"damage":6,"enemies":"Shield and Spear","floor":52,"turns":5},{"damage":67,"enemies":"The Heart","floor":53,"turns":9}],"seed_played":"-3823286765963787805","potions_obtained":[{"floor":1,"key":"Fruit Juice"},{"floor":14,"key":"SteroidPotion"},{"floor":18,"key":"EssenceOfSteel"},{"floor":27,"key":"Strength Potion"},{"floor":33,"key":"Fire Potion"},{"floor":35,"key":"LiquidBronze"},{"floor":41,"key":"Regen Potion"}],"is_trial":false,"path_per_floor":["M","M","?","?","?","M","?","E","T","E","T","R","M","M","R","B",null,"M","?","?","M","M","R","M","R","T","M","$","?","$","M","R","B",null,"M","?","T","?","$","R","M","E","T","R","M","$","?","B",null,"R","$","E","B"],"character_chosen":"THE_SILENT","items_purchased":["Torii","Noxious Fumes","Apotheosis","Incense Burner","Bird Faced Urn"],"campfire_rested":4,"item_purchase_floors":[28,28,30,39,46],"current_hp_per_floor":[75,66,55,55,52,50,50,9,19,10,10,35,29,19,19,9,86,60,54,43,38,23,23,21,21,21,11,11,11,11,11,23,13,43,43,36,36,36,36,36,34,41,41,43,40,40,40,39,43,43,43,40,0],"gold":64,"neow_bonus":"RANDOM_COMMON_RELIC","is_prod":false,"is_daily":false,"chose_seed":false,"campfire_upgraded":3,"win_rate":0,"timestamp":1548459159,"path_taken":["M","M","?","?","?","M","?","E","T","E","?","R","M","?","R","BOSS","M","?","?","?","M","R","M","R","T","?","?","?","$","M","R","BOSS","M","?","?","?","$","R","M","E","T","R","M","$","?","BOSS","R","$","E","BOSS"],"build_version":"2019-01-23","purchased_purges":2,"victory":false,"max_hp_per_floor":[75,75,75,75,75,75,69,69,79,86,86,86,86,86,86,86,86,86,86,43,43,43,43,43,43,43,43,43,43,43,43,43,43,43,43,43,43,43,43,43,43,43,43,43,43,43,43,43,43,43,43,43,43],"card_choices":[{"not_picked":["Footwork","Quick Slash"],"picked":"Infinite Blades","floor":1},{"not_picked":["Backflip","Acrobatics"],"picked":"Dagger Throw","floor":2},{"not_picked":["Endless Agony","Slice"],"picked":"Cloak And Dagger","floor":6},{"not_picked":["PiercingWail","Footwork"],"picked":"Venomology","floor":8},{"not_picked":["Acrobatics","Bane"],"picked":"Caltrops","floor":10},{"not_picked":["PiercingWail","Underhanded Strike","Bane"],"picked":"SKIP","floor":13},{"not_picked":["Outmaneuver","Well Laid Plans"],"picked":"Noxious Fumes","floor":14},{"not_picked":["Night Terror","Die Die Die"],"picked":"Envenom","floor":16},{"not_picked":["Expertise","Slice"],"picked":"Cloak And Dagger","floor":18},{"not_picked":["Outmaneuver","Adrenaline"],"picked":"Deflect+1","floor":21},{"not_picked":["Predator","Dagger Throw"],"picked":"Cloak And Dagger","floor":22},{"not_picked":["Caltrops","Prepared"],"picked":"Catalyst","floor":24},{"not_picked":["Expertise","Masterful Stab"],"picked":"Flying Knee+1","floor":27},{"not_picked":["Deadly Poison+1","Underhanded Strike"],"picked":"Well Laid Plans","floor":31},{"not_picked":["Adrenaline","Tools of the Trade"],"picked":"Corpse Explosion","floor":33},{"not_picked":["Skewer+1","Predator","Concentrate"],"picked":"SKIP","floor":35},{"not_picked":["Deadly Poison","Eviscerate"],"picked":"Prepared","floor":36},{"not_picked":["Heel Hook","Prepared"],"picked":"Footwork","floor":41},{"not_picked":["Deflect","Sucker Punch","Blade Dance+1"],"picked":"SKIP","floor":42},{"not_picked":["Infinite Blades","Tactician+1"],"picked":"Terror+1","floor":45},{"not_picked":["Dagger Spray","Underhanded Strike"],"picked":"Leg Sweep+1","floor":50},{"not_picked":["Quick Slash+1","Dagger Throw+1"],"picked":"Well Laid Plans","floor":52}],"player_experience":187174,"relics_obtained":[{"floor":8,"key":"Potion Belt"},{"floor":9,"key":"Pear"},{"floor":10,"key":"Strawberry"},{"floor":11,"key":"Whetstone"},{"floor":26,"key":"Dream Catcher"},{"floor":36,"key":"WingedGreaves"},{"floor":37,"key":"Bronze Scales"},{"floor":42,"key":"MawBank"},{"floor":52,"key":"Letter Opener"}],"event_choices":[{"damage_healed":0,"gold_gain":75,"player_choice":"Gather Gold","damage_taken":11,"max_hp_gain":0,"max_hp_loss":0,"event_name":"World of Goop","floor":3,"gold_loss":0},{"damage_healed":0,"gold_gain":0,"player_choice":"Box","damage_taken":0,"relics_obtained":["The Courier"],"max_hp_gain":0,"max_hp_loss":0,"event_name":"Big Fish","floor":4,"gold_loss":0,"cards_obtained":["Regret"]},{"damage_healed":0,"gold_gain":0,"player_choice":"Success","damage_taken":3,"relics_obtained":["Ancient Tea Set"],"max_hp_gain":0,"max_hp_loss":0,"event_name":"Scrap Ooze","floor":5,"gold_loss":0},{"damage_healed":0,"gold_gain":0,"player_choice":"Lose Max HP","damage_taken":0,"relics_obtained":["Golden Idol"],"max_hp_gain":0,"max_hp_loss":6,"event_name":"Golden Idol","floor":7,"gold_loss":0},{"damage_healed":0,"gold_gain":0,"player_choice":"Joined the Cult","damage_taken":6,"max_hp_gain":0,"max_hp_loss":0,"event_name":"Nest","floor":19,"gold_loss":0,"cards_obtained":["RitualDagger"]},{"damage_healed":0,"gold_gain":0,"player_choice":"Became a Ghost","damage_taken":0,"max_hp_gain":0,"max_hp_loss":43,"event_name":"Ghosts","floor":20,"gold_loss":0,"cards_obtained":["Ghostly","Ghostly","Ghostly","Ghostly","Ghostly"]},{"damage_healed":0,"gold_gain":0,"player_choice":"Obtained Relic","damage_taken":0,"relics_obtained":["Tingsha"],"max_hp_gain":0,"max_hp_loss":0,"event_name":"Addict","floor":29,"gold_loss":85},{"damage_healed":0,"gold_gain":0,"player_choice":"Fight","damage_taken":0,"max_hp_gain":0,"max_hp_loss":0,"event_name":"MindBloom","floor":36,"gold_loss":0},{"cards_removed":["Eviscerate"],"damage_healed":0,"gold_gain":0,"player_choice":"Removed Attack","damage_taken":0,"max_hp_gain":0,"max_hp_loss":0,"event_name":"Falling","floor":38,"gold_loss":0},{"damage_healed":0,"gold_gain":0,"player_choice":"Took Portal","damage_taken":0,"max_hp_gain":0,"max_hp_loss":0,"event_name":"SecretPortal","floor":47,"gold_loss":0}],"is_beta":false,"boss_relics":[{"not_picked":["Sozu","Ectoplasm"],"picked":"Pandora\u0027s Box"},{"not_picked":["Empty Cage","Philosopher\u0027s Stone"],"picked":"Fusion Hammer"}],"items_purged_floors":[28,39],"is_endless":false,"potions_floor_spawned":[1,14,18,27,33,35,41,42],"killed_by":"The Heart","ascension_level":0}