{"gold_per_floor":[219,237,252,272,290,322,322,336,336,353,353,370,388,416,416,519,519,534,545,560,560,342,371,189,221,268,45,61,61,73,73,73,176,176,190,239,239,258,358,358,390,402,454,480,480,86,86,101,101,101],"floor_reached":50,"playtime":3579,"items_purged":["Strike_B","Defend_B"],"score":803,"play_id":"ae49847c-1755-4e41-8c3f-c43eb93594f8","local_time":"20190602190517","is_ascension_mode":true,"campfire_choices":[{"floor":7.0,"key":"REST"},{"floor":11.0,"key":"REST"},{"floor":15.0,"key":"REST"},{"data":"Defragment","floor":29.0,"key":"SMITH"},{"floor":32.0,"key":"REST"},{"data":"Chill","floor":40.0,"key":"SMITH"},{"data":"Defragment","floor":45.0,"key":"SMITH"},{"data":"Hologram","floor":47.0,"key":"SMITH"},{"data":"Conserve Battery","floor":49,"key":"SMITH"}],"neow_cost":"NONE","seed_source_timestamp":40580535961300,"circlet_count":0,"master_deck":["Strike_B","Strike_B","Strike_B+1","Defend_B","Defend_B","Defend_B","Zap","Dualcast","Streamline","Hologram+1","Defragment+1","Auto Shields","Electrodynamics","Defragment+1","Leap","Genetic Algorithm","Conserve Battery","Capacitor","Core Surge","Sweeping Beam+1","Coolheaded","Turbo","Go for the Eyes","Conserve Battery+1","Coolheaded","Double Energy+1","Reprogram+1","Fusion+1","Chill+1","Streamline+1","Melter+1","Conserve Battery+1","Melter+1","Hologram+1"],"special_seed":0,"relics":["Cracked Core","Oddly Smooth Stone","Orichalcum","Meat on the Bone","Nuclear Battery","Whetstone","Bag of Preparation","Lantern","Mercury Hourglass","PreservedInsect","Bronze Scales","Singing Bowl","Eternal Feather","Bird Faced Urn","Peace Pipe","Question Card","Vajra","Molten Egg 2","Bag of Marbles"],"potions_floor_usage":[50,50,50],"damage_taken":[{"damage":1.0,"enemies":"Cultist","floor":1.0,"turns":4.0},{"damage":4.0,"enemies":"Jaw Worm","floor":2.0,"turns":3.0},{"damage":5.0,"enemies":"Small Slimes","floor":3.0,"turns":2.0},{"damage":9.0,"enemies":"2 Fungi Beasts","floor":4.0,"turns":4.0},{"damage":25.0,"enemies":"Exordium Thugs","floor":5.0,"turns":5.0},{"damage":11.0,"enemies":"Gremlin Nob","floor":6.0,"turns":4.0},{"damage":16.0,"enemies":"Looter","floor":8.0,"turns":3.0},{"damage":6.0,"enemies":"3 Louse","floor":10.0,"turns":4.0},{"damage":0.0,"enemies":"2 Fungi Beasts","floor":12.0,"turns":4.0},{"damage":4.0,"enemies":"Lots of Slimes","floor":13.0,"turns":2.0},{"damage":14.0,"enemies":"3 Sentries","floor":14.0,"turns":3.0},{"damage":4.0,"enemies":"The Guardian","floor":16.0,"turns":10.0},{"damage":0.0,"enemies":"3 Byrds","floor":18.0,"turns":2.0},{"damage":0.0,"enemies":"Chosen","floor":19.0,"turns":4.0},{"damage":17.0,"enemies":"Snake Plant","floor":20.0,"turns":5.0},{"damage":39.0,"enemies":"Book of Stabbing","floor":23.0,"turns":8.0},{"damage":31.0,"enemies":"Slavers","floor":25.0,"turns":7.0},{"damage":0.0,"enemies":"Chosen and Byrds","floor":28.0,"turns":4.0},{"damage":0.0,"enemies":"Snecko","floor":30.0,"turns":5.0},{"damage":23.0,"enemies":"Automaton","floor":33.0,"turns":12.0},{"damage":0.0,"enemies":"3 Darklings","floor":35.0,"turns":4.0},{"damage":6.0,"enemies":"2 Orb Walkers","floor":36.0,"turns":5.0},{"damage":0.0,"enemies":"3 Shapes","floor":38.0,"turns":4.0},{"damage":0.0,"enemies":"Mind Bloom Boss Battle","floor":39.0,"turns":9.0},{"damage":17.0,"enemies":"Reptomancer","floor":41.0,"turns":7.0},{"damage":5.0,"enemies":"Spire Growth","floor":42.0,"turns":6.0},{"damage":48.0,"enemies":"Giant Head","floor":44.0,"turns":10.0},{"damage":0,"enemies":"Jaw Worm Horde","floor":48,"turns":4},{"damage":98,"enemies":"Time Eater","floor":50,"turns":13}],"seed_played":"-2319145842718075386","potions_obtained":[{"floor":5.0,"key":"Block Potion"},{"floor":6.0,"key":"GamblersBrew"},{"floor":10.0,"key":"EntropicBrew"},{"floor":13.0,"key":"EntropicBrew"},{"floor":14.0,"key":"Poison Potion"},{"floor":23.0,"key":"Block Potion"},{"floor":25.0,"key":"Fruit Juice"},{"floor":28.0,"key":"Weak Potion"},{"floor":35.0,"key":"Fire Potion"},{"floor":39.0,"key":"Ancient Potion"},{"floor":42.0,"key":"LiquidBronze"},{"floor":44.0,"key":"SpeedPotion"}],"is_trial":false,"path_per_floor":["M","M","M","M","M","E","R","M","T","M","R","M","M","E","R","B",null,"M","M","M","?","$","E","$","E","T","$","M","R","M","T","R","B",null,"M","?","?","M","?","R","E","M","T","E","R","$","R","M","R","B"],"character_chosen":"DEFECT","items_purchased":["Whetstone","Conserve Battery","Lantern","Bronze Scales","FocusPotion","PowerPotion","Block Potion","Bag of Marbles","Melter+1"],"campfire_rested":4,"item_purchase_floors":[22,24,24,27,27,46,46,46,46],"current_hp_per_floor":[67,63,58,49,24,13,35,19,19,13,35,35,31,17,39,47,68,68,68,51,51,51,39,39,20,20,20,32,32,44,44,66,50,74,74,70,70,76,80,80,67,70,70,44,62,62,80,82,82,0],"gold":101,"neow_bonus":"HUNDRED_GOLD","is_prod":false,"is_daily":false,"chose_seed":false,"campfire_upgraded":5,"win_rate":0,"timestamp":1559527517,"path_taken":["M","M","M","M","M","E","R","M","T","?","R","M","M","E","R","BOSS","M","M","M","?","$","E","$","E","T","$","M","R","M","?","R","BOSS","M","?","?","M","?","R","E","M","T","E","R","$","R","?","R","BOSS"],"build_version":"2019-01-23","purchased_purges":2,"victory":false,"max_hp_per_floor":[75,75,75,75,75,75,75,75,75,75,75,75,75,75,75,75,75,75,75,75,75,75,75,75,75,75,75,75,75,75,75,75,82,82,82,84,80,80,80,80,80,80,80,82,82,82,82,82,82,82],"card_choices":[{"not_picked":["Beam Cell","Compile Driver"],"picked":"Streamline","floor":1.0},{"not_picked":["Undo","Steam"],"picked":"Hologram","floor":2.0},{"not_picked":["Sunder","Hello World"],"picked":"Defragment","floor":3.0},{"not_picked":["Streamline","Force Field","Stack"],"picked":"SKIP","floor":4.0},{"not_picked":["Beam Cell","Melter"],"picked":"Auto Shields","floor":5.0},{"not_picked":["Go for the Eyes","All For One"],"picked":"Electrodynamics","floor":6.0},{"not_picked":["Hologram","Compile Driver"],"picked":"Defragment","floor":8.0},{"not_picked":["Aggregate","Auto Shields"],"picked":"Leap","floor":10.0},{"not_picked":["Heatsinks","Rebound"],"picked":"Genetic Algorithm","floor":12.0},{"not_picked":["Go for the Eyes","Scrape"],"picked":"Conserve Battery","floor":13.0},{"not_picked":["Machine Learning","Tempest"],"picked":"Capacitor","floor":14.0},{"not_picked":["Machine Learning","Creative AI"],"picked":"Core Surge","floor":16.0},{"not_picked":["Compile Driver","Rebound"],"picked":"Sweeping Beam","floor":18.0},{"not_picked":["Hologram","Steam+1"],"picked":"Coolheaded","floor":19.0},{"not_picked":["Steam","Sweeping Beam"],"picked":"Turbo","floor":20.0},{"not_picked":["Meteor Strike","Darkness"],"picked":"Go for the Eyes","floor":23.0},{"not_picked":["Turbo","BootSequence+1"],"picked":"Coolheaded","floor":25.0},{"not_picked":["Lockon","Steam+1"],"picked":"Double Energy+1","floor":28.0},{"not_picked":["Leap+1","Streamline"],"picked":"Reprogram+1","floor":30.0},{"not_picked":["Meteor Strike","Electrodynamics","Machine Learning"],"picked":"Singing Bowl","floor":33.0},{"not_picked":["Aggregate","Double Energy"],"picked":"Fusion+1","floor":35.0},{"not_picked":["Rebound","Storm","Auto Shields"],"picked":"Singing Bowl","floor":36.0},{"not_picked":["Reprogram","Darkness"],"picked":"Chill","floor":38.0},{"not_picked":["Compile Driver","Stack"],"picked":"Streamline+1","floor":39.0},{"not_picked":["Ball Lightning+1","Beam Cell"],"picked":"Melter+1","floor":41.0},{"not_picked":["Heatsinks+1","Sweeping Beam+1","Gash"],"picked":"Conserve Battery+1","floor":42.0},{"not_picked":["BootSequence","Rip and Tear","Barrage","Coolheaded"],"picked":"Singing Bowl","floor":44.0},{"not_picked":["Biased Cognition","Tempest+1","Stack+1"],"picked":"Hologram+1","floor":48}],"player_experience":211125,"relics_obtained":[{"floor":6.0,"key":"Oddly Smooth Stone"},{"floor":9.0,"key":"Orichalcum"},{"floor":14.0,"key":"Meat on the Bone"},{"floor":23.0,"key":"Bag of Preparation"},{"floor":25.0,"key":"Mercury Hourglass"},{"floor":26.0,"key":"PreservedInsect"},{"floor":31.0,"key":"Singing Bowl"},{"floor":36.0,"key":"Bird Faced Urn"},{"floor":39.0,"key":"Peace Pipe"},{"floor":41.0,"key":"Question Card"},{"floor":43.0,"key":"Vajra"},{"floor":44.0,"key":"Molten Egg 2"}],"event_choices":[{"damage_healed":0.0,"max_hp_gain":0.0,"max_hp_loss":0.0,"gold_gain":0.0,"event_name":"Vampires","player_choice":"Ignored","floor":21.0,"gold_loss":0.0,"damage_taken":0.0},{"damage_healed":0.0,"max_hp_gain":0.0,"max_hp_loss":0.0,"gold_gain":0.0,"event_name":"Mysterious Sphere","player_choice":"Fight","floor":36.0,"gold_loss":0.0,"damage_taken":0.0},{"damage_healed":0.0,"max_hp_gain":0.0,"max_hp_loss":4.0,"gold_gain":0.0,"event_name":"Winding Halls","player_choice":"Max HP","floor":37.0,"gold_loss":0.0,"damage_taken":0.0},{"damage_healed":0.0,"max_hp_gain":0.0,"max_hp_loss":0.0,"gold_gain":0.0,"event_name":"MindBloom","player_choice":"Fight","floor":39.0,"gold_loss":0.0,"damage_taken":0.0}],"is_beta":false,"boss_relics":[{"not_picked":["Fusion Hammer","Runic Pyramid"],"picked":"Nuclear Battery"},{"not_picked":["Empty Cage","Runic Dome"],"picked":"Eternal Feather"}],"items_purged_floors":[22,46],"is_endless":false,"potions_floor_spawned":[5,6,10,13,14,18,23,25,28,35,39,42,44],"killed_by":"Time Eater","ascension_level":8}