{"gold_per_floor":[364,364,379,1,16,48,48,73,100,111,111,128,159,159,159,159],"floor_reached":16,"playtime":825,"items_purged":[],"score":234,"play_id":"6dad6d99-f0d3-4a1a-b6dd-71806c5e879f","local_time":"20190605185734","is_ascension_mode":true,"campfire_choices":[{"data":"Fission","floor":7,"key":"SMITH"},{"floor":11,"key":"REST"},{"floor":15,"key":"REST"}],"neow_cost":"TEN_PERCENT_HP_LOSS","seed_source_timestamp":45110204772284,"circlet_count":0,"master_deck":["AscendersBane","Strike_B","Strike_B","Strike_B","Strike_B","Defend_B","Defend_B","Defend_B","Defend_B","Zap","Dualcast","Chaos","Ball Lightning","Ball Lightning","Fission+1","Fusion+1","Multi-Cast"],"relics":["Cracked Core","FossilizedHelix","Orichalcum","Happy Flower","Pen Nib","Regal Pillow"],"potions_floor_usage":[6,16],"damage_taken":[{"damage":11,"enemies":"2 Louse","floor":1,"turns":3},{"damage":12,"enemies":"Cultist","floor":3,"turns":4},{"damage":0,"enemies":"Jaw Worm","floor":5,"turns":2},{"damage":27,"enemies":"Lagavulin","floor":6,"turns":7},{"damage":15,"enemies":"3 Sentries","floor":8,"turns":5},{"damage":3,"enemies":"3 Louse","floor":10,"turns":4},{"damage":0,"enemies":"2 Fungi Beasts","floor":12,"turns":2},{"damage":26,"enemies":"Lagavulin","floor":13,"turns":6},{"damage":41,"enemies":"Slime Boss","floor":16,"turns":8}],"seed_played":"8795413010043777212","potions_obtained":[{"floor":1,"key":"Regen Potion"},{"floor":3,"key":"SmokeBomb"},{"floor":13,"key":"FearPotion"}],"is_trial":false,"path_per_floor":["M","?","M","$","M","E","R","E","T","M","R","M","E","?","R","B"],"character_chosen":"DEFECT","items_purchased":["FossilizedHelix","Ball Lightning"],"campfire_rested":2,"item_purchase_floors":[4,4],"current_hp_per_floor":[53,53,41,41,41,28,28,13,13,10,29,29,3,3,37,0],"gold":159,"neow_bonus":"TWO_FIFTY_GOLD","is_prod":false,"is_daily":false,"chose_seed":false,"campfire_upgraded":1,"win_rate":0,"timestamp":1559786254,"path_taken":["M","?","M","$","?","E","R","E","T","M","R","?","E","?","R","BOSS"],"build_version":"2019-01-23","purchased_purges":0,"victory":false,"max_hp_per_floor":[64,64,64,64,64,64,64,64,64,64,64,64,64,64,64,64],"card_choices":[{"not_picked":["Hello World","Stack"],"picked":"Chaos","floor":1},{"not_picked":["Gash","Cold Snap"],"picked":"Ball Lightning","floor":3},{"not_picked":["Chill","Rebound","Steam"],"picked":"SKIP","floor":5},{"not_picked":["Conserve Battery","Compile Driver"],"picked":"Fission","floor":6},{"not_picked":["Stack","Aggregate","Beam Cell"],"picked":"SKIP","floor":8},{"not_picked":["Hologram","Gash","Chill"],"picked":"SKIP","floor":10},{"not_picked":["Compile Driver","Heatsinks"],"picked":"Fusion","floor":12},{"not_picked":["Chill","Ball Lightning"],"picked":"Multi-Cast","floor":13}],"player_experience":830548,"relics_obtained":[{"floor":6,"key":"Orichalcum"},{"floor":8,"key":"Happy Flower"},{"floor":9,"key":"Pen Nib"},{"floor":13,"key":"Regal Pillow"}],"event_choices":[{"damage_healed":0,"gold_gain":0,"player_choice":"0 cards matched","damage_taken":0,"max_hp_gain":0,"max_hp_loss":0,"event_name":"Match and Keep!","floor":2,"gold_loss":0,"cards_obtained":[]},{"damage_healed":0,"gold_gain":0,"player_choice":"Upgraded","damage_taken":0,"max_hp_gain":0,"max_hp_loss":0,"event_name":"Upgrade Shrine","floor":14,"gold_loss":0,"cards_upgraded":["Fusion"]}],"is_beta":false,"boss_relics":[],"items_purged_floors":[],"is_endless":false,"potions_floor_spawned":[1,3,13],"killed_by":"Slime Boss","ascension_level":19}