{"gold_per_floor":[11,11,24,24,40,70,98,98,122,122,140,155,172,185,185,185],"floor_reached":16,"playtime":657,"items_purged":[],"score":156,"play_id":"be7c9bff-d56d-44f7-8143-58b4769ac612","local_time":"20190508121650","is_ascension_mode":true,"campfire_choices":[{"floor":8,"key":"REST"},{"floor":10,"key":"REST"},{"floor":15,"key":"REST"}],"neow_cost":"NO_GOLD","seed_source_timestamp":307854343069890,"circlet_count":0,"master_deck":["AscendersBane","Strike_B","Strike_B","Strike_B","Defend_B","Defend_B","Defend_B","Defend_B","Zap","Dualcast","Cold Snap","Doom and Gloom","Defragment","FTL"],"relics":["Cracked Core","Girya","Tiny Chest","Ornamental Fan","Ancient Tea Set"],"potions_floor_usage":[],"damage_taken":[{"damage":0,"enemies":"Small Slimes","floor":1,"turns":3},{"damage":2,"enemies":"Jaw Worm","floor":3,"turns":3},{"damage":0,"enemies":"Cultist","floor":5,"turns":3},{"damage":36,"enemies":"Gremlin Nob","floor":7,"turns":5},{"damage":9,"enemies":"Exordium Thugs","floor":11,"turns":3},{"damage":24,"enemies":"Lots of Slimes","floor":12,"turns":3},{"damage":30,"enemies":"Large Slime","floor":13,"turns":8},{"damage":1,"enemies":"3 Louse","floor":14,"turns":4},{"damage":29,"enemies":"The Guardian","floor":16,"turns":2}],"seed_played":"-6159657179695369454","potions_obtained":[{"floor":3,"key":"FearPotion"},{"floor":12,"key":"Ancient Potion"},{"floor":14,"key":"SteroidPotion"}],"is_trial":false,"path_per_floor":["M","$","M","?","M","T","E","R","T","R","M","M","M","M","R","B"],"character_chosen":"DEFECT","items_purchased":[],"campfire_rested":3,"item_purchase_floors":[],"current_hp_per_floor":[68,68,66,59,59,59,23,45,45,67,58,34,4,3,25,0],"gold":185,"neow_bonus":"ONE_RARE_RELIC","is_prod":false,"is_daily":false,"chose_seed":false,"campfire_upgraded":0,"win_rate":0,"timestamp":1557343010,"path_taken":["M","$","M","?","M","?","E","R","T","R","M","M","M","M","R","BOSS"],"build_version":"2019-01-23","purchased_purges":0,"victory":false,"max_hp_per_floor":[75,75,75,75,75,75,75,75,75,75,75,75,75,75,75,75],"card_choices":[{"not_picked":["Rebound","Hologram"],"picked":"Cold Snap","floor":1},{"not_picked":["Undo","Redo"],"picked":"Doom and Gloom","floor":3},{"not_picked":["Gash","Auto Shields"],"picked":"Defragment","floor":5},{"not_picked":["Barrage","Stack","Redo"],"picked":"SKIP","floor":7},{"not_picked":["Streamline","Sweeping Beam","Ball Lightning"],"picked":"SKIP","floor":11},{"not_picked":["Barrage","Reboot","Scrape"],"picked":"SKIP","floor":12},{"not_picked":["Stack","Cold Snap","Redo"],"picked":"SKIP","floor":13},{"not_picked":["Lockon","Gash"],"picked":"FTL","floor":14}],"player_experience":322617,"relics_obtained":[{"floor":6,"key":"Tiny Chest"},{"floor":7,"key":"Ornamental Fan"},{"floor":9,"key":"Ancient Tea Set"}],"event_choices":[{"cards_removed":["Strike_B"],"damage_healed":0,"gold_gain":0,"player_choice":"Card Removal","damage_taken":7,"max_hp_gain":0,"max_hp_loss":0,"event_name":"Golden Wing","floor":4,"gold_loss":0}],"is_beta":false,"boss_relics":[],"items_purged_floors":[],"is_endless":false,"potions_floor_spawned":[3,12,14],"killed_by":"The Guardian","ascension_level":10}