{"gold_per_floor":[16,16,36,36,52,52,52,52,52,62,76,86,86,57,57,57],"floor_reached":16,"playtime":830,"items_purged":[],"score":118,"play_id":"9c85c562-3127-49bf-8c7a-c75c5380796a","local_time":"20190503220245","is_ascension_mode":true,"campfire_choices":[{"floor":6,"key":"REST"},{"data":"Buffer","floor":8,"key":"SMITH"},{"floor":15,"key":"REST"}],"neow_cost":"NO_GOLD","seed_source_timestamp":229472538289721,"circlet_count":0,"master_deck":["Strike_B","Strike_B","Strike_B","Defend_B","Defend_B","Defend_B","Defend_B","Zap","Dualcast","Buffer+1","Auto Shields+1","Pain","Genetic Algorithm+1","Hologram","Self Repair","Stack","Flash of Steel"],"relics":["Cracked Core","WarpedTongs","Blue Candle"],"potions_floor_usage":[10,14,16],"damage_taken":[{"damage":1,"enemies":"Cultist","floor":1,"turns":4},{"damage":2,"enemies":"2 Louse","floor":3,"turns":3},{"damage":2,"enemies":"Small Slimes","floor":5,"turns":3},{"damage":16,"enemies":"Exordium Thugs","floor":10,"turns":6},{"damage":20,"enemies":"2 Fungi Beasts","floor":11,"turns":4},{"damage":9,"enemies":"Red Slaver","floor":12,"turns":3},{"damage":19,"enemies":"Exordium Thugs","floor":14,"turns":5},{"damage":76,"enemies":"Hexaghost","floor":16,"turns":14}],"seed_played":"-5752787347779467652","potions_obtained":[{"floor":3,"key":"Fire Potion"},{"floor":11,"key":"GamblersBrew"},{"floor":12,"key":"Regen Potion"}],"is_trial":false,"path_per_floor":["M","?","M","?","M","R","?","R","T","M","M","M","?","M","R","B"],"character_chosen":"DEFECT","items_purchased":[],"campfire_rested":2,"item_purchase_floors":[],"current_hp_per_floor":[74,74,72,57,55,75,75,75,75,59,49,50,50,52,74,0],"gold":57,"neow_bonus":"THREE_RARE_CARDS","is_prod":false,"is_daily":false,"chose_seed":false,"campfire_upgraded":1,"win_rate":0,"timestamp":1556946165,"path_taken":["M","?","?","?","M","R","?","R","T","M","M","?","?","M","R","BOSS"],"build_version":"2019-01-23","purchased_purges":0,"victory":false,"max_hp_per_floor":[75,75,75,75,75,75,75,75,75,75,75,75,75,75,75,75],"card_choices":[{"not_picked":["Seek","Multi-Cast"],"picked":"Buffer","floor":0},{"not_picked":["Leap","Coolheaded"],"picked":"Auto Shields","floor":1},{"not_picked":["Turbo","Sweeping Beam"],"picked":"Genetic Algorithm","floor":3},{"not_picked":["Rebound","Redo"],"picked":"Hologram","floor":5},{"not_picked":["Sweeping Beam","Hologram"],"picked":"Self Repair","floor":10},{"not_picked":["Streamline","Barrage"],"picked":"Stack","floor":11},{"not_picked":["Hologram","Auto Shields","Sunder"],"picked":"SKIP","floor":12},{"not_picked":["Turbo","Static Discharge","Compile Driver"],"picked":"SKIP","floor":14}],"player_experience":256124,"relics_obtained":[{"floor":9,"key":"Blue Candle"}],"event_choices":[{"damage_healed":0,"gold_gain":0,"player_choice":"Rummage","damage_taken":0,"relics_obtained":["WarpedTongs"],"max_hp_gain":0,"max_hp_loss":0,"event_name":"Accursed Blacksmith","floor":2,"gold_loss":0,"cards_obtained":["Pain"]},{"damage_healed":0,"gold_gain":0,"player_choice":"Entered Light","damage_taken":15,"max_hp_gain":0,"max_hp_loss":0,"event_name":"Shining Light","floor":4,"gold_loss":0,"cards_upgraded":["Auto Shields","Genetic Algorithm"]},{"cards_removed":["Strike_B"],"damage_healed":0,"gold_gain":0,"player_choice":"Purged","damage_taken":0,"max_hp_gain":0,"max_hp_loss":0,"event_name":"Purifier","floor":7,"gold_loss":0},{"damage_healed":0,"gold_gain":0,"player_choice":"1 cards matched","damage_taken":0,"max_hp_gain":0,"max_hp_loss":0,"event_name":"Match and Keep!","floor":13,"gold_loss":0,"cards_obtained":["Flash of Steel"]}],"is_beta":false,"boss_relics":[],"items_purged_floors":[],"is_endless":false,"potions_floor_spawned":[3,11,12],"killed_by":"Hexaghost","ascension_level":5}