{"gold_per_floor":[116,116,81,97,172,172,183,153,153,153,163,193,193,208,208,307,307,278,61,71,85,10,10,27,43,43,43,43,71,3,19,19,118,118,136,36,36,51,51,51,69,88,161,161,174,192,206,7,7,7],"floor_reached":51,"playtime":9135,"items_purged":["Defend_G","Defend_G","Defend_G"],"score":611,"play_id":"e21106d7-d54a-4978-b4ce-47794ec592cb","local_time":"20190606014308","is_ascension_mode":false,"campfire_choices":[{"floor":6,"key":"REST"},{"data":"Well Laid Plans","floor":10,"key":"SMITH"},{"data":"Adrenaline","floor":15,"key":"SMITH"},{"data":"Blade Dance","floor":23,"key":"SMITH"},{"data":"Phantasmal Killer","floor":28,"key":"SMITH"},{"floor":32,"key":"REST"},{"data":"Apotheosis","floor":40,"key":"SMITH"},{"data":"Footwork","floor":44,"key":"SMITH"},{"data":"After Image","floor":49,"key":"SMITH"}],"neow_cost":"PERCENT_DAMAGE","seed_source_timestamp":142583301192900,"circlet_count":0,"master_deck":["Defend_G","Defend_G","Strike_G","Strike_G","Strike_G","Survivor","Neutralize","Deadly Poison","Well Laid Plans+1","Adrenaline+1","Dagger Spray","After Image+1","Crippling Poison","Noxious Fumes","Malaise","Blade Dance+1","Backflip","Phantasmal Killer+1","Backflip","Footwork+1","Predator","Burst","Backflip","Metamorphosis","Master of Strategy","Apotheosis+1","Bane+1","Parasite","Footwork+1","Caltrops"],"relics":["Ring of the Snake","Bottled Tornado","Mango","Cursed Key","Oddly Smooth Stone","Lizard Tail","Ornamental Fan"],"potions_floor_usage":[31,31,33,33,50],"damage_taken":[{"damage":0,"enemies":"2 Louse","floor":1,"turns":3},{"damage":2,"enemies":"Jaw Worm","floor":4,"turns":8},{"damage":0,"enemies":"Small Slimes","floor":7,"turns":6},{"damage":0,"enemies":"Looter","floor":8,"turns":4},{"damage":2,"enemies":"Exordium Thugs","floor":11,"turns":7},{"damage":0,"enemies":"Large Slime","floor":14,"turns":7},{"damage":44,"enemies":"Slime Boss","floor":16,"turns":13},{"damage":12,"enemies":"2 Thieves","floor":18,"turns":5},{"damage":1,"enemies":"Chosen","floor":20,"turns":6},{"damage":4,"enemies":"3 Cultists","floor":21,"turns":6},{"damage":0,"enemies":"Centurion and Healer","floor":24,"turns":8},{"damage":14,"enemies":"Chosen and Byrds","floor":25,"turns":7},{"damage":34,"enemies":"Slavers","floor":29,"turns":5},{"damage":1,"enemies":"Snecko","floor":31,"turns":8},{"damage":32,"enemies":"Collector","floor":33,"turns":10},{"damage":0,"enemies":"3 Darklings","floor":35,"turns":5},{"damage":4,"enemies":"Orb Walker","floor":38,"turns":4},{"damage":16,"enemies":"Sphere and 2 Shapes","floor":41,"turns":6},{"damage":0,"enemies":"Jaw Worm Horde","floor":42,"turns":5},{"damage":6,"enemies":"Transient","floor":45,"turns":5},{"damage":18,"enemies":"Spire Growth","floor":46,"turns":7},{"damage":0,"enemies":"Sphere and 2 Shapes","floor":47,"turns":6},{"damage":57,"enemies":"Time Eater","floor":50,"turns":15}],"seed_played":"7554010344271556124","potions_obtained":[{"floor":7,"key":"LiquidBronze"},{"floor":14,"key":"Block Potion"},{"floor":21,"key":"SkillPotion"},{"floor":29,"key":"SteroidPotion"},{"floor":31,"key":"SteroidPotion"},{"floor":38,"key":"Weak Potion"},{"floor":42,"key":"GamblersBrew"},{"floor":45,"key":"SpeedPotion"}],"is_trial":false,"path_per_floor":["M","$","?","M","?","R","M","M","T","R","M","?","?","M","R","B",null,"M","$","M","M","$","R","M","M","T","?","R","E","$","M","R","B",null,"M","$","?","M","?","R","M","M","T","R","M","M","M","$","R","B",null],"character_chosen":"THE_SILENT","items_purchased":["Noxious Fumes","Malaise","Footwork","Caltrops"],"campfire_rested":2,"item_purchase_floors":[19,19,30,48],"current_hp_per_floor":[49,49,66,64,53,70,70,70,70,70,68,68,82,82,82,38,84,72,72,71,67,67,67,67,53,53,53,53,19,19,18,43,11,84,84,84,74,70,70,70,54,54,54,54,48,30,30,30,30,18],"gold":7,"neow_bonus":"REMOVE_TWO","is_prod":false,"is_daily":false,"chose_seed":false,"campfire_upgraded":7,"win_rate":0.0,"timestamp":1559752988,"path_taken":["M","$","?","M","?","R","M","M","T","R","M","?","?","M","R","BOSS","M","$","M","?","$","R","M","M","T","?","R","E","?","M","R","BOSS","M","$","?","M","?","R","M","M","T","R","M","M","M","$","R","BOSS"],"build_version":"2019-01-23","purchased_purges":3,"victory":true,"max_hp_per_floor":[70,70,70,70,70,70,70,70,70,70,70,70,84,84,84,84,84,84,84,84,84,84,84,84,84,84,84,84,84,84,84,84,84,84,84,84,84,84,84,84,84,84,84,84,84,84,84,84,84,84],"card_choices":[{"not_picked":["Sucker Punch","Flying Knee","Slice"],"picked":"SKIP","floor":1},{"not_picked":["Reflex","Blade Dance","Sucker Punch"],"picked":"SKIP","floor":4},{"not_picked":["Riddle With Holes","Distraction"],"picked":"Deadly Poison","floor":7},{"not_picked":["Distraction","Quick Slash"],"picked":"Well Laid Plans","floor":8},{"not_picked":["PiercingWail","Sucker Punch"],"picked":"Adrenaline","floor":11},{"not_picked":["Heel Hook","Underhanded Strike"],"picked":"Dagger Spray","floor":14},{"not_picked":["A Thousand Cuts","Phantasmal Killer"],"picked":"After Image","floor":16},{"not_picked":["Quick Slash","Slice"],"picked":"Crippling Poison","floor":18},{"not_picked":["Terror","Backflip"],"picked":"Blade Dance","floor":20},{"not_picked":["Prepared","Blade Dance"],"picked":"Backflip","floor":21},{"not_picked":["Bane","Deflect"],"picked":"Phantasmal Killer","floor":24},{"not_picked":["Calculated Gamble","Noxious Fumes","Sucker Punch"],"picked":"SKIP","floor":25},{"not_picked":["Expertise","Eviscerate+1"],"picked":"Backflip","floor":29},{"not_picked":["Outmaneuver","Dagger Throw"],"picked":"Predator","floor":31},{"not_picked":["Unload","Envenom"],"picked":"Burst","floor":33},{"not_picked":["Flying Knee","Poisoned Stab"],"picked":"Backflip","floor":35},{"not_picked":["Impatience","HandOfGreed"],"picked":"Metamorphosis","floor":37},{"not_picked":["Madness","Metamorphosis"],"picked":"Master of Strategy","floor":37},{"not_picked":["Dark Shackles","Purity"],"picked":"Apotheosis","floor":37},{"not_picked":["Underhanded Strike","Poisoned Stab+1","Slice+1"],"picked":"SKIP","floor":38},{"not_picked":["Escape Plan+1","Slice+1"],"picked":"Bane+1","floor":41},{"not_picked":["Slice+1","Endless Agony+1","Masterful Stab+1"],"picked":"SKIP","floor":42},{"not_picked":["Dagger Throw+1","Flechettes+1","Finisher+1"],"picked":"SKIP","floor":45},{"not_picked":["Quick Slash","Slice","Well Laid Plans"],"picked":"SKIP","floor":46},{"not_picked":["Leg Sweep+1","Choke"],"picked":"Footwork+1","floor":47}],"player_experience":36262,"relics_obtained":[{"floor":9,"key":"Bottled Tornado"},{"floor":29,"key":"Oddly Smooth Stone"},{"floor":43,"key":"Ornamental Fan"}],"event_choices":[{"damage_healed":17,"gold_gain":0,"player_choice":"Healed","damage_taken":0,"max_hp_gain":0,"max_hp_loss":0,"event_name":"The Cleric","floor":3,"gold_loss":35},{"damage_healed":0,"gold_gain":75,"player_choice":"Gather Gold","damage_taken":11,"max_hp_gain":0,"max_hp_loss":0,"event_name":"World of Goop","floor":5,"gold_loss":0},{"damage_healed":0,"gold_gain":30,"player_choice":"Searched \u00272\u0027 times","damage_taken":0,"max_hp_gain":0,"max_hp_loss":0,"event_name":"Dead Adventurer","floor":12,"gold_loss":0},{"damage_healed":0,"gold_gain":0,"player_choice":"Gave Potion","damage_taken":0,"relics_obtained":["Mango"],"max_hp_gain":0,"max_hp_loss":0,"event_name":"WeMeetAgain","floor":13,"gold_loss":0},{"damage_healed":0,"gold_gain":0,"player_choice":"Ignored","damage_taken":0,"max_hp_gain":0,"max_hp_loss":0,"event_name":"Ghosts","floor":27,"gold_loss":0},{"damage_healed":0,"gold_gain":0,"player_choice":"Memory 3","damage_taken":10,"max_hp_gain":0,"max_hp_loss":0,"event_name":"SensoryStone","floor":37,"gold_loss":0},{"damage_healed":0,"gold_gain":0,"player_choice":"Ignored","damage_taken":0,"max_hp_gain":0,"max_hp_loss":0,"event_name":"Mysterious Sphere","floor":39,"gold_loss":0}],"is_beta":false,"boss_relics":[{"not_picked":["Black Star","Runic Dome"],"picked":"Cursed Key"},{"not_picked":["Calling Bell","Runic Pyramid"],"picked":"Lizard Tail"}],"items_purged_floors":[22,36,48],"is_endless":false,"potions_floor_spawned":[7,14,21,29,31,38,42,45],"ascension_level":0}