{"gold_per_floor":[110,60,60,79,95,122,122,150,202,202,4,4,24,39,39,140,140,150,150,166,216,236,252,282,282,282,325,353,378,420,432,444,559,571,600,629,655,680,336,336,355,355,407,122,137,137,151,161,161,161],"floor_reached":51,"playtime":1959,"items_purged":[],"score":773,"play_id":"96024624-455a-425d-a4d6-77201357f5a2","local_time":"20190319130651","is_ascension_mode":false,"campfire_choices":[{"data":"Zap","floor":7.0,"key":"SMITH"},{"data":"Dualcast","floor":12.0,"key":"SMITH"},{"data":"Coolheaded","floor":15.0,"key":"SMITH"},{"data":"Glacier","floor":25,"key":"SMITH"},{"data":"Thunder Strike","floor":32,"key":"SMITH"},{"data":"Multi-Cast","floor":40,"key":"SMITH"},{"floor":46,"key":"DIG"},{"floor":49,"key":"DIG"}],"neow_cost":"NONE","seed_source_timestamp":487474764969486,"circlet_count":0,"master_deck":["Zap+1","Dualcast+1","Conserve Battery","Ball Lightning","Self Repair","Ball Lightning","Coolheaded+1","Biased Cognition+1","Multi-Cast+1","Glacier+1","Gash","Thunder Strike+1","Storm+1","Biased Cognition+1","Cold Snap","FTL","Cold Snap+1","Biased Cognition+1","Loop+1","Static Discharge+1","Glacier+1","Electrodynamics+1","Barrage+1","White Noise","FTL","Tempest+1","Chill"],"special_seed":0,"relics":["Cracked Core","NeowsBlessing","Frozen Egg 2","Anchor","Lantern","Lee\u0027s Waffle","Pandora\u0027s Box","Art of War","MawBank","Potion Belt","Thread and Needle","Nuclear Battery","Happy Flower","Chemical X","Bag of Marbles","Dream Catcher","Shovel","Cables","Strawberry"],"potions_floor_usage":[24,33,50,50,50,50,50],"damage_taken":[{"damage":0.0,"enemies":"2 Louse","floor":1.0,"turns":1.0},{"damage":0.0,"enemies":"Jaw Worm","floor":4.0,"turns":1.0},{"damage":0.0,"enemies":"Cultist","floor":5.0,"turns":1.0},{"damage":37.0,"enemies":"Gremlin Nob","floor":6.0,"turns":4.0},{"damage":29.0,"enemies":"Lagavulin","floor":8.0,"turns":5.0},{"damage":0.0,"enemies":"3 Louse","floor":13.0,"turns":2.0},{"damage":12.0,"enemies":"Exordium Thugs","floor":14.0,"turns":3.0},{"damage":49.0,"enemies":"Hexaghost","floor":16.0,"turns":10.0},{"damage":0.0,"enemies":"3 Byrds","floor":18.0,"turns":3.0},{"damage":0.0,"enemies":"Chosen","floor":20.0,"turns":2.0},{"damage":0.0,"enemies":"Centurion and Healer","floor":22.0,"turns":3.0},{"damage":0,"enemies":"Cultist and Chosen","floor":23,"turns":3},{"damage":3,"enemies":"Gremlin Leader","floor":24,"turns":6},{"damage":6,"enemies":"Book of Stabbing","floor":27,"turns":4},{"damage":0,"enemies":"Snake Plant","floor":28,"turns":3},{"damage":0,"enemies":"Centurion and Healer","floor":29,"turns":4},{"damage":0,"enemies":"Gremlin Leader","floor":30,"turns":6},{"damage":14,"enemies":"Collector","floor":33,"turns":4},{"damage":0,"enemies":"3 Shapes","floor":35,"turns":2},{"damage":0,"enemies":"3 Darklings","floor":36,"turns":2},{"damage":0,"enemies":"Maw","floor":37,"turns":5},{"damage":30,"enemies":"Jaw Worm Horde","floor":38,"turns":4},{"damage":11,"enemies":"Spire Growth","floor":41,"turns":3},{"damage":0,"enemies":"4 Shapes","floor":45,"turns":1},{"damage":0,"enemies":"Transient","floor":47,"turns":5},{"damage":21,"enemies":"Spire Growth","floor":48,"turns":2},{"damage":57,"enemies":"Awakened One","floor":50,"turns":16}],"seed_played":"306735810533942882","potions_obtained":[{"floor":1.0,"key":"Swift Potion"},{"floor":4.0,"key":"EssenceOfSteel"},{"floor":8.0,"key":"EssenceOfSteel"},{"floor":16.0,"key":"Energy Potion"},{"floor":18.0,"key":"SkillPotion"},{"floor":22.0,"key":"Regen Potion"},{"floor":23,"key":"AttackPotion"},{"floor":27,"key":"Poison Potion"},{"floor":30,"key":"FearPotion"},{"floor":33,"key":"FearPotion"},{"floor":35,"key":"SteroidPotion"},{"floor":38,"key":"Weak Potion"},{"floor":48,"key":"Fire Potion"}],"is_trial":false,"path_per_floor":["M","?","$","M","M","E","R","E","T","?","$","R","M","M","R","B",null,"M","$","M","?","M","M","E","R","T","E","M","M","E","?","R","B",null,"M","M","M","M","$","R","M","?","T","$","M","R","M","M","R","B",null],"character_chosen":"DEFECT","items_purchased":["Lee\u0027s Waffle","Happy Flower","Chemical X","Shovel"],"campfire_rested":0,"item_purchase_floors":[11,39,39,44],"current_hp_per_floor":[75,75,75,75,75,38,38,16,16,9,82,82,82,77,77,35,82,82,82,82,82,82,82,82,82,82,82,82,82,82,82,82,75,82,82,82,82,59,59,59,55,55,55,55,55,55,62,41,48,13],"gold":161,"neow_bonus":"THREE_ENEMY_KILL","is_prod":false,"is_daily":false,"chose_seed":false,"campfire_upgraded":6,"win_rate":0,"timestamp":1552968411,"path_taken":["M","?","?","?","M","E","R","E","T","?","?","R","M","M","R","BOSS","M","$","M","?","M","?","E","R","T","E","M","M","E","?","R","BOSS","M","M","?","M","$","R","M","?","T","?","M","R","?","M","R","BOSS"],"build_version":"2019-01-23","purchased_purges":0,"victory":true,"max_hp_per_floor":[75,75,75,75,75,75,75,75,75,75,82,82,82,82,82,82,82,82,82,82,82,82,82,82,82,82,82,82,82,82,82,82,82,82,82,82,82,82,82,82,82,82,82,82,82,82,82,82,89,89],"card_choices":[{"not_picked":["Double Energy","Skim"],"picked":"Conserve Battery","floor":1.0},{"not_picked":["Melter","Compile Driver"],"picked":"Ball Lightning","floor":4.0},{"not_picked":["Beam Cell","Streamline"],"picked":"Self Repair","floor":5.0},{"not_picked":["BootSequence","Turbo","Reprogram"],"picked":"SKIP","floor":6.0},{"not_picked":["Doom and Gloom","Meteor Strike"],"picked":"Ball Lightning","floor":8.0},{"not_picked":["Go for the Eyes","Undo"],"picked":"Coolheaded","floor":13.0},{"not_picked":["Chaos","Heatsinks+1","Sweeping Beam"],"picked":"SKIP","floor":14.0},{"not_picked":["Reboot","Electrodynamics+1"],"picked":"Biased Cognition+1","floor":16.0},{"not_picked":["Barrage","Compile Driver","Ball Lightning"],"picked":"SKIP","floor":18.0},{"not_picked":["Hologram","Conserve Battery","Steam"],"picked":"SKIP","floor":20.0},{"not_picked":["Rainbow","Turbo"],"picked":"Cold Snap","floor":22.0},{"not_picked":["Compile Driver","Aggregate"],"picked":"FTL","floor":23},{"not_picked":["Force Field","Hologram"],"picked":"Cold Snap+1","floor":24},{"not_picked":["Rebound","Stack","Conserve Battery"],"picked":"SKIP","floor":27},{"not_picked":["Force Field","Sunder"],"picked":"Biased Cognition+1","floor":28},{"not_picked":["Lockon+1","Streamline+1"],"picked":"Loop+1","floor":29},{"not_picked":["Hologram","Coolheaded"],"picked":"Static Discharge+1","floor":30},{"not_picked":["Seek","Hyperbeam"],"picked":"Electrodynamics+1","floor":33},{"not_picked":["Compile Driver","Beam Cell+1"],"picked":"Barrage+1","floor":35},{"not_picked":["Sweeping Beam","Steam","Steam Power"],"picked":"SKIP","floor":36},{"not_picked":["Leap+1","Stack+1"],"picked":"White Noise","floor":37},{"not_picked":["Go for the Eyes","Lockon+1","Undo+1"],"picked":"SKIP","floor":38},{"not_picked":["Go for the Eyes+1","Barrage"],"picked":"FTL","floor":41},{"not_picked":["Turbo","Hologram"],"picked":"Tempest+1","floor":45},{"not_picked":["Tempest+1","Steam Power+1","Cold Snap"],"picked":"SKIP","floor":47},{"not_picked":["Skim","Hyperbeam"],"picked":"Chill","floor":48}],"player_experience":318036,"relics_obtained":[{"floor":6.0,"key":"Frozen Egg 2"},{"floor":8.0,"key":"Anchor"},{"floor":9.0,"key":"Lantern"},{"floor":24,"key":"Art of War"},{"floor":26,"key":"MawBank"},{"floor":27,"key":"Potion Belt"},{"floor":30,"key":"Thread and Needle"},{"floor":43,"key":"Dream Catcher"},{"floor":46,"key":"Cables"},{"floor":49,"key":"Strawberry"}],"event_choices":[{"cards_removed":["Defend_B"],"damage_healed":0.0,"max_hp_gain":0.0,"max_hp_loss":0.0,"gold_gain":0.0,"event_name":"The Cleric","player_choice":"Card Removal","floor":2.0,"gold_loss":50.0,"damage_taken":0.0},{"cards_removed":["Strike_B"],"damage_healed":0.0,"max_hp_gain":0.0,"max_hp_loss":0.0,"gold_gain":0.0,"event_name":"Golden Wing","player_choice":"Card Removal","floor":10.0,"gold_loss":0.0,"damage_taken":7.0},{"damage_healed":0.0,"max_hp_gain":0.0,"max_hp_loss":0.0,"gold_gain":100.0,"event_name":"The Joust","player_choice":"Bet on Murderer","floor":21.0,"gold_loss":50.0,"damage_taken":0.0},{"damage_healed":0,"gold_gain":0,"player_choice":"Copied","damage_taken":0,"max_hp_gain":0,"max_hp_loss":0,"event_name":"Duplicator","floor":31,"gold_loss":0,"cards_obtained":["Glacier"]},{"damage_healed":0,"gold_gain":0,"player_choice":"Gave Potion","damage_taken":0,"relics_obtained":["Bag of Marbles"],"max_hp_gain":0,"max_hp_loss":0,"event_name":"WeMeetAgain","floor":42,"gold_loss":0}],"is_beta":false,"boss_relics":[{"not_picked":["Runic Pyramid","Astrolabe"],"picked":"Pandora\u0027s Box"},{"not_picked":["Runic Dome","White Beast Statue"],"picked":"Nuclear Battery"}],"items_purged_floors":[],"is_endless":false,"potions_floor_spawned":[1,4,8,16,18,22,23,27,30,33,35,38,41,48],"ascension_level":0}