{"gold_per_floor":[109,109,109,123,142,175,175,175,175,189,189,208,208,224,224,327,327,343,360,635,655,655,655,655,655],"floor_reached":25,"playtime":581,"items_purged":[],"score":228,"play_id":"bdf77d5e-4d38-4f2d-b3d3-8c5a02bd3c3e","local_time":"20190127231123","is_ascension_mode":false,"campfire_choices":[{"data":"Zap","floor":7,"key":"SMITH"},{"data":"Darkness","floor":11,"key":"SMITH"},{"data":"Darkness","floor":13,"key":"SMITH"},{"data":"Hologram","floor":15,"key":"SMITH"},{"data":"Creative AI","floor":23,"key":"SMITH"}],"neow_cost":"NONE","seed_source_timestamp":215072353757030,"circlet_count":0,"master_deck":["Defend_B","Defend_B","Defend_B","Defend_B","Zap+1","Dualcast","Hologram+1","Cold Snap","Cold Snap+1","Darkness+1","Darkness+1","Sweeping Beam","Creative AI+1","Coolheaded+1","Cold Snap","Regret","Conserve Battery","Bite","Bite","Bite","Bite","Bite"],"relics":["Cracked Core","NeowsBlessing","Lantern","Orichalcum","Meat on the Bone","Cursed Key"],"potions_floor_usage":[16,18,21],"damage_taken":[{"damage":0,"enemies":"Small Slimes","floor":1,"turns":1},{"damage":0,"enemies":"Jaw Worm","floor":4,"turns":1},{"damage":0,"enemies":"Cultist","floor":5,"turns":1},{"damage":30,"enemies":"Gremlin Nob","floor":6,"turns":4},{"damage":2,"enemies":"Blue Slaver","floor":10,"turns":3},{"damage":0,"enemies":"2 Fungi Beasts","floor":12,"turns":3},{"damage":8,"enemies":"Lots of Slimes","floor":14,"turns":4},{"damage":28,"enemies":"Hexaghost","floor":16,"turns":8},{"damage":15,"enemies":"3 Byrds","floor":18,"turns":4},{"damage":15,"enemies":"Spheric Guardian","floor":19,"turns":4},{"damage":11,"enemies":"Centurion and Healer","floor":21,"turns":6},{"damage":52,"enemies":"Masked Bandits","floor":25,"turns":3}],"seed_played":"3360585352287824804","potions_obtained":[{"floor":4,"key":"Ancient Potion"},{"floor":10,"key":"Poison Potion"},{"floor":12,"key":"Weak Potion"},{"floor":16,"key":"EssenceOfSteel"}],"is_trial":false,"path_per_floor":["M","?","?","M","M","E","R","?","T","M","R","M","R","M","R","B",null,"M","M","?","M","?","R","?","?"],"character_chosen":"DEFECT","items_purchased":[],"campfire_rested":0,"item_purchase_floors":[],"current_hp_per_floor":[75,75,75,75,75,45,45,30,30,40,40,40,40,44,44,28,75,60,45,45,46,46,46,46,0],"gold":655,"neow_bonus":"THREE_ENEMY_KILL","is_prod":false,"is_daily":false,"chose_seed":false,"campfire_upgraded":5,"win_rate":0,"timestamp":1548627083,"path_taken":["M","?","?","?","M","E","R","?","T","M","R","M","R","M","R","BOSS","M","M","?","?","?","R","?","?"],"build_version":"2019-01-23","purchased_purges":0,"victory":false,"max_hp_per_floor":[75,75,75,75,75,75,75,75,75,75,75,75,75,75,75,75,75,75,75,75,75,52,52,52,52],"card_choices":[{"not_picked":["Compile Driver","Leap"],"picked":"Hologram","floor":1},{"not_picked":["Skim","Rebound","Hello World"],"picked":"SKIP","floor":4},{"not_picked":["Coolheaded","Stack"],"picked":"Cold Snap","floor":5},{"not_picked":["Conserve Battery","Stack"],"picked":"Cold Snap","floor":6},{"not_picked":["Stack","Capacitor"],"picked":"Darkness","floor":10},{"not_picked":["Thunder Strike","Conserve Battery"],"picked":"Darkness","floor":12},{"not_picked":["Static Discharge","Rebound"],"picked":"Sweeping Beam","floor":14},{"not_picked":["Hyperbeam","Seek"],"picked":"Creative AI","floor":16},{"not_picked":["Stack","Conserve Battery"],"picked":"Coolheaded+1","floor":18},{"not_picked":["Undo","Sweeping Beam"],"picked":"Cold Snap","floor":19},{"not_picked":["Coolheaded","White Noise"],"picked":"Conserve Battery","floor":21}],"player_experience":212228,"relics_obtained":[{"floor":6,"key":"Orichalcum"},{"floor":9,"key":"Meat on the Bone"}],"event_choices":[{"damage_healed":0,"gold_gain":0,"player_choice":"Box","damage_taken":0,"relics_obtained":["Lantern"],"max_hp_gain":0,"max_hp_loss":0,"event_name":"Big Fish","floor":2,"gold_loss":0,"cards_obtained":["Regret"]},{"cards_removed":["Regret"],"damage_healed":0,"gold_gain":0,"player_choice":"Removed Curses","damage_taken":0,"max_hp_gain":0,"max_hp_loss":0,"event_name":"Fountain of Cleansing","floor":3,"gold_loss":0},{"damage_healed":0,"gold_gain":0,"player_choice":"Entered Light","damage_taken":15,"max_hp_gain":0,"max_hp_loss":0,"event_name":"Shining Light","floor":8,"gold_loss":0,"cards_upgraded":["Cold Snap","Strike_B"]},{"damage_healed":0,"gold_gain":275,"player_choice":"Desecrate","damage_taken":0,"max_hp_gain":0,"max_hp_loss":0,"event_name":"Golden Shrine","floor":20,"gold_loss":0,"cards_obtained":["Regret"]},{"damage_healed":0,"gold_gain":0,"player_choice":"Became a vampire","damage_taken":0,"max_hp_gain":0,"max_hp_loss":23,"event_name":"Vampires","floor":22,"gold_loss":0,"cards_obtained":["Bite","Bite","Bite","Bite","Bite"]},{"damage_healed":0,"gold_gain":0,"player_choice":"Ignored","damage_taken":0,"max_hp_gain":0,"max_hp_loss":0,"event_name":"Ghosts","floor":24,"gold_loss":0},{"damage_healed":0,"gold_gain":0,"player_choice":"Fought Bandits","damage_taken":0,"max_hp_gain":0,"max_hp_loss":0,"event_name":"Masked Bandits","floor":25,"gold_loss":0}],"is_beta":false,"boss_relics":[{"not_picked":["Coffee Dripper","White Beast Statue"],"picked":"Cursed Key"}],"items_purged_floors":[],"is_endless":false,"potions_floor_spawned":[4,10,12,16],"killed_by":"Masked Bandits","ascension_level":0}