{"gold_per_floor":[117,137,137,87,103,129,129,129,185,185,185],"floor_reached":11,"playtime":322,"items_purged":[],"score":96,"play_id":"2a7f6988-7558-4d99-b143-2794996addde","local_time":"20180722191949","daily_mods":["Brewmaster","Heirloom","Allstar","Time Dilation"],"is_ascension_mode":false,"campfire_choices":[{"floor":8,"key":"REST"}],"neow_cost":"","seed_source_timestamp":0,"circlet_count":0,"master_deck":["Defend_G","Defend_G","Defend_G","Defend_G","Strike_G","Strike_G","Strike_G","Strike_G","Survivor","Neutralize","Venomology","Venomology","Venomology","Venomology","Venomology","Blind","Transmutation","Sadistic Nature","Thinking Ahead","Purity","Tactician","Footwork","Die Die Die","Acrobatics"],"relics":["Unceasing Top","Turnip","White Beast Statue","Ornamental Fan","Centennial Puzzle","Tiny Chest"],"potions_floor_usage":[1,1,1,2,2,2,2,5,6,6,6,11,11],"damage_taken":[{"damage":12,"enemies":"Small Slimes","floor":1,"turns":4},{"damage":11,"enemies":"Jaw Worm","floor":2,"turns":3},{"damage":0,"enemies":"Cultist","floor":5,"turns":3},{"damage":39,"enemies":"Gremlin Nob","floor":6,"turns":5},{"damage":14,"enemies":"Exordium Thugs","floor":11,"turns":2}],"seed_played":"-8625925986386253209","potions_obtained":[{"floor":1,"key":"Poison Potion"},{"floor":2,"key":"SkillPotion"},{"floor":5,"key":"Strength Potion"}],"is_trial":true,"path_per_floor":["M","M","?","?","M","E","T","R","T","?"],"character_chosen":"THE_SILENT","items_purchased":[],"campfire_rested":1,"item_purchase_floors":[],"current_hp_per_floor":[58,47,47,47,47,8,8,29,29,29,15],"gold":185,"neow_bonus":"","is_prod":false,"is_daily":false,"chose_seed":false,"campfire_upgraded":0,"win_rate":0,"timestamp":1532254789,"path_taken":["M","M","?","?","?","E","?","R","T","?","M"],"build_version":"2018-07-19v2","purchased_purges":0,"victory":false,"max_hp_per_floor":[70,70,70,70,70,70,70,70,70,70,70],"card_choices":[{"not_picked":["Underhanded Strike","Bouncing Flask"],"picked":"Tactician","floor":1},{"not_picked":["Flying Knee","Predator"],"picked":"Footwork","floor":2},{"not_picked":["Dagger Throw","Flying Knee"],"picked":"Die Die Die","floor":5},{"not_picked":["Concentrate","Tactician"],"picked":"Acrobatics","floor":6}],"player_experience":228042,"relics_obtained":[{"floor":6,"key":"Ornamental Fan"},{"floor":7,"key":"Centennial Puzzle"},{"floor":9,"key":"Tiny Chest"}],"event_choices":[{"event_name":"Liars Game","player_choice":"disagreed","floor":3,"damage_taken":0},{"event_name":"The Cleric","player_choice":"Card Removal","floor":4,"damage_taken":0},{"event_name":"Bonfire Elementals","player_choice":"BASIC","floor":10,"damage_taken":0}],"is_beta":false,"boss_relics":[],"items_purged_floors":[],"is_endless":false,"potions_floor_spawned":[1,2,5,6],"killed_by":"Exordium Thugs","ascension_level":0}