{"gold_per_floor":[12,30,30,41,100,112,128,153,204,204,91,156,156,167,167,266,266,282,262,262,295,312,312,329,329,329,329,329,63,74,29,29,29],"floor_reached":33,"playtime":1170,"items_purged":["Regret"],"score":272,"play_id":"98d34411-6527-4698-ba6b-046927294bd6","local_time":"20181129205907","is_ascension_mode":false,"campfire_choices":[{"data":"Zap","floor":10,"key":"SMITH"},{"data":"Static Discharge","floor":15,"key":"SMITH"},{"floor":23,"key":"REST"},{"floor":25,"key":"REST"},{"floor":32,"key":"REST"}],"neow_cost":"NO_GOLD","seed_source_timestamp":0,"circlet_count":0,"master_deck":["Strike_B","Defend_B","Defend_B","Defend_B","Defend_B","Zap+1","Dualcast","Storm","Melter","Chill","Heatsinks","Reinforced Body","Steam","Static Discharge+1","Go for the Eyes","Seek","BootSequence+1","FTL","White Noise","Conserve Battery","Conserve Battery","Defragment","Storm","Conserve Battery"],"special_seed":0,"relics":["Cracked Core","FossilizedHelix","Pear","Vajra","Potion Belt","Philosopher\u0027s Stone","Red Mask","Strawberry","PrismaticShard"],"potions_floor_usage":[8,14,16,22,33,33],"damage_taken":[{"damage":1.0,"enemies":"Jaw Worm","floor":1.0,"turns":3.0},{"damage":0.0,"enemies":"2 Louse","floor":2.0,"turns":2.0},{"damage":0,"enemies":"Small Slimes","floor":4,"turns":3},{"damage":3,"enemies":"Looter","floor":6,"turns":4},{"damage":1,"enemies":"Large Slime","floor":7,"turns":5},{"damage":11,"enemies":"Gremlin Nob","floor":8,"turns":4},{"damage":11,"enemies":"Lagavulin Event","floor":12,"turns":7},{"damage":0,"enemies":"3 Louse","floor":14,"turns":2},{"damage":15,"enemies":"The Guardian","floor":16,"turns":10},{"damage":4,"enemies":"Chosen","floor":18,"turns":6},{"damage":11,"enemies":"2 Thieves","floor":19,"turns":5},{"damage":39,"enemies":"Masked Bandits","floor":21,"turns":4},{"damage":5,"enemies":"Cultist and Chosen","floor":22,"turns":6},{"damage":12,"enemies":"Snake Plant","floor":24,"turns":5},{"damage":15,"enemies":"Snecko","floor":30,"turns":9},{"damage":47,"enemies":"Automaton","floor":33,"turns":9}],"seed_played":"2538540968923156608","potions_obtained":[{"floor":2,"key":"LiquidBronze"},{"floor":6,"key":"FocusPotion"},{"floor":8,"key":"Energy Potion"},{"floor":14,"key":"SkillPotion"},{"floor":19,"key":"Strength Potion"},{"floor":21,"key":"Explosive Potion"},{"floor":22,"key":"FearPotion"},{"floor":30,"key":"Weak Potion"}],"is_trial":false,"path_per_floor":["M","M","M","?","M","?","M","M","E","T","R","$","?","?","M","R","B",null,"M","M","?","?","M","R","M","R","T","?","?","$","M","$","R","B"],"character_chosen":"DEFECT","items_purchased":["Static Discharge","PrismaticShard","Defragment","Conserve Battery"],"campfire_rested":3,"item_purchase_floors":[11,29,29,31],"current_hp_per_floor":[74,74,74,74,74,71,70,69,69,69,69,58,58,58,58,43,85,81,70,70,31,26,51,39,64,71,71,53,53,38,38,67,20],"gold":29,"neow_bonus":"REMOVE_TWO","is_prod":false,"is_daily":false,"chose_seed":false,"campfire_upgraded":2,"win_rate":0,"timestamp":1543521547,"path_taken":["M","M","?","M","?","M","M","E","T","R","$","?","?","M","R","BOSS","M","M","?","?","M","R","M","R","T","?","?","$","M","?","R","BOSS"],"build_version":"2018-11-15","purchased_purges":1,"victory":false,"max_hp_per_floor":[75,75,75,75,75,75,75,85,85,85,85,85,85,85,85,85,85,85,85,85,85,85,85,85,85,92,92,97,97,97,97,97,97],"card_choices":[{"not_picked":["Leap","Stack"],"picked":"Storm","floor":1.0},{"not_picked":["Beam Cell","Coolheaded"],"picked":"Melter","floor":2},{"not_picked":["Sweeping Beam","Coolheaded"],"picked":"Chill","floor":4},{"not_picked":["Hyperbeam","Stack"],"picked":"Heatsinks","floor":6},{"not_picked":["Rip and Tear","Turbo"],"picked":"Reinforced Body","floor":7},{"not_picked":["Coolheaded","Turbo"],"picked":"Steam","floor":8},{"not_picked":["Consume","Barrage"],"picked":"Go for the Eyes","floor":12},{"not_picked":["Scrape","Coolheaded","Reinforced Body"],"picked":"SKIP","floor":14},{"not_picked":["Rainbow","Fission"],"picked":"Seek","floor":16},{"not_picked":["Streamline","Barrage+1"],"picked":"BootSequence+1","floor":18},{"not_picked":["Chill","Fusion"],"picked":"FTL","floor":19},{"not_picked":["Redo","Ball Lightning"],"picked":"Conserve Battery","floor":21},{"not_picked":["Hologram","Doom and Gloom","Streamline+1"],"picked":"SKIP","floor":22},{"not_picked":["Heatsinks","Turbo"],"picked":"Conserve Battery","floor":24},{"not_picked":["Die Die Die","Cloak And Dagger"],"picked":"Storm","floor":30}],"player_experience":153082,"relics_obtained":[{"floor":8,"key":"Pear"},{"floor":9,"key":"Vajra"},{"floor":21,"key":"Red Mask"},{"floor":26,"key":"Strawberry"}],"event_choices":[{"damage_healed":0,"gold_gain":0,"player_choice":"Box","damage_taken":0,"relics_obtained":["FossilizedHelix"],"max_hp_gain":0,"max_hp_loss":0,"event_name":"Big Fish","floor":3,"gold_loss":0,"cards_obtained":["Regret"]},{"damage_healed":0,"gold_gain":59,"player_choice":"Gained Gold","damage_taken":0,"max_hp_gain":0,"max_hp_loss":0,"event_name":"Golden Wing","floor":5,"gold_loss":0},{"damage_healed":0,"gold_gain":30,"player_choice":"Searched \u00273\u0027 times","damage_taken":0,"relics_obtained":["Potion Belt"],"max_hp_gain":0,"max_hp_loss":0,"event_name":"Dead Adventurer","floor":12,"gold_loss":0},{"cards_removed":["Strike_B"],"damage_healed":0,"gold_gain":0,"player_choice":"Forget","damage_taken":0,"max_hp_gain":0,"max_hp_loss":0,"event_name":"Living Wall","floor":13,"gold_loss":0},{"damage_healed":0,"gold_gain":0,"player_choice":"Read","damage_taken":0,"max_hp_gain":0,"max_hp_loss":0,"event_name":"The Library","floor":20,"gold_loss":0,"cards_obtained":["White Noise"]},{"damage_healed":0,"gold_gain":0,"player_choice":"Fought Bandits","damage_taken":0,"max_hp_gain":0,"max_hp_loss":0,"event_name":"Masked Bandits","floor":21,"gold_loss":0},{"damage_healed":0,"gold_gain":0,"player_choice":"Ignored","damage_taken":0,"max_hp_gain":0,"max_hp_loss":0,"event_name":"Vampires","floor":27,"gold_loss":0},{"damage_healed":0,"gold_gain":0,"player_choice":"Shed Blood","damage_taken":23,"max_hp_gain":5,"max_hp_loss":0,"event_name":"Forgotten Altar","floor":28,"gold_loss":0}],"is_beta":false,"boss_relics":[{"not_picked":["Lizard Tail","Astrolabe"],"picked":"Philosopher\u0027s Stone"}],"items_purged_floors":[11],"is_endless":false,"potions_floor_spawned":[2,6,8,14,19,21,22,30],"killed_by":"Automaton","ascension_level":0}