{"gold_per_floor":[115,15,15,27,27,27,46,46,92,117,17,37,37,37],"floor_reached":14,"playtime":492,"items_purged":["Strike_B","Strike_B"],"score":167,"play_id":"1413aaf6-a552-480a-9799-5013af9a36a9","local_time":"20190527224121","is_ascension_mode":true,"campfire_choices":[{"data":"Zap","floor":6,"key":"SMITH"}],"neow_cost":"NONE","seed_source_timestamp":242443818413553,"circlet_count":0,"master_deck":["AscendersBane","Strike_B","Defend_B","Defend_B","Defend_B","Defend_B","Zap+1","Dualcast","Conserve Battery","Sweeping Beam","Glacier","Genetic Algorithm","Ball Lightning","Glacier"],"relics":["Cracked Core","NeowsBlessing","Sundial","Pen Nib","Matryoshka"],"potions_floor_usage":[10,10],"damage_taken":[{"damage":0,"enemies":"2 Louse","floor":1,"turns":1},{"damage":0,"enemies":"Jaw Worm","floor":4,"turns":1},{"damage":0,"enemies":"Small Slimes","floor":7,"turns":1},{"damage":49,"enemies":"Gremlin Nob","floor":10,"turns":5},{"damage":4,"enemies":"Blue Slaver","floor":12,"turns":4},{"damage":22,"enemies":"Exordium Thugs","floor":14,"turns":3}],"seed_played":"5863299126064273178","potions_obtained":[{"floor":4,"key":"Block Potion"},{"floor":7,"key":"Weak Potion"},{"floor":12,"key":"Swift Potion"}],"is_trial":false,"path_per_floor":["M","$","?","M","T","R","M","?","T","E","$","M","?","M"],"character_chosen":"DEFECT","items_purchased":["Sweeping Beam"],"campfire_rested":0,"item_purchase_floors":[2],"current_hp_per_floor":[64,64,57,57,57,57,57,71,71,22,22,18,13,0],"gold":37,"neow_bonus":"THREE_ENEMY_KILL","is_prod":false,"is_daily":false,"chose_seed":false,"campfire_upgraded":1,"win_rate":0,"timestamp":1559022081,"path_taken":["M","$","?","M","?","R","M","?","T","E","?","?","?","M"],"build_version":"2019-01-23","purchased_purges":2,"victory":false,"max_hp_per_floor":[71,71,71,71,71,71,71,71,71,71,71,71,71,71],"card_choices":[{"not_picked":["Chaos","Barrage"],"picked":"Conserve Battery","floor":1},{"not_picked":["Scrape","Reprogram"],"picked":"Glacier","floor":4},{"not_picked":["Cold Snap","Barrage"],"picked":"Genetic Algorithm","floor":7},{"not_picked":["Auto Shields","Cold Snap"],"picked":"Ball Lightning","floor":10},{"not_picked":["Go for the Eyes","Melter"],"picked":"Glacier","floor":12}],"player_experience":781695,"relics_obtained":[{"floor":5,"key":"Sundial"},{"floor":9,"key":"Pen Nib"},{"floor":10,"key":"Matryoshka"}],"event_choices":[{"cards_removed":["Strike_B"],"damage_healed":0,"gold_gain":0,"player_choice":"Card Removal","damage_taken":7,"max_hp_gain":0,"max_hp_loss":0,"event_name":"Golden Wing","floor":3,"gold_loss":0},{"damage_healed":23,"gold_gain":0,"player_choice":"Banana","damage_taken":0,"max_hp_gain":0,"max_hp_loss":0,"event_name":"Big Fish","floor":8,"gold_loss":0},{"damage_healed":0,"gold_gain":0,"player_choice":"Fled","damage_taken":5,"max_hp_gain":0,"max_hp_loss":0,"event_name":"Scrap Ooze","floor":13,"gold_loss":0}],"is_beta":false,"boss_relics":[],"items_purged_floors":[2,11],"is_endless":false,"potions_floor_spawned":[4,7,12],"killed_by":"Exordium Thugs","ascension_level":18}