{"gold_per_floor":[118,128,128,48,61,61,61,61,61,76,100,25,25,66,66,194,194,214,234,234,234,259,259,112,112,112,130,150,163,177,177,177,302,302,317,317,239,364,314,330,348,348],"floor_reached":42,"playtime":2113,"items_purged":["Defend_B","Multi-Cast"],"score":400,"play_id":"7081b3a6-1655-4e9a-b4d6-3ae71206c2ae","local_time":"20190321014902","is_ascension_mode":false,"campfire_choices":[{"data":"Zap","floor":6,"key":"SMITH"},{"data":"Dualcast","floor":8,"key":"SMITH"},{"data":"Glacier","floor":13,"key":"SMITH"},{"data":"Chaos","floor":15,"key":"SMITH"},{"data":"Melter","floor":23,"key":"SMITH"},{"floor":25,"key":"REST"},{"data":"Redo","floor":32,"key":"SMITH"}],"neow_cost":"PERCENT_DAMAGE","seed_source_timestamp":619429815645518,"circlet_count":0,"master_deck":["Zap+1","Dualcast+1","Beam Cell","Skim","Self Repair","Conserve Battery","Glacier+1","Chaos+1","Core Surge","Melter+1","Rebound","Leap","Multi-Cast","Cold Snap","Turbo","Beam Cell+1","Leap+1","Core Surge","Glacier+1","Coolheaded","BootSequence+1","Recycle","Redo+1","Electrodynamics","Finesse","Impatience","Flash of Steel","Capacitor","Gash"],"special_seed":0,"relics":["Cracked Core","Golden Idol","Kunai","Ancient Tea Set","Pandora\u0027s Box","Vajra","Mummified Hand","Inserter","Ice Cream"],"potions_floor_usage":[16,33],"damage_taken":[{"damage":6,"enemies":"Jaw Worm","floor":1,"turns":3},{"damage":1,"enemies":"2 Louse","floor":2,"turns":3},{"damage":2,"enemies":"Small Slimes","floor":5,"turns":6},{"damage":2,"enemies":"Gremlin Gang","floor":10,"turns":5},{"damage":2,"enemies":"Blue Slaver","floor":11,"turns":4},{"damage":30,"enemies":"Lagavulin","floor":14,"turns":11},{"damage":14,"enemies":"The Guardian","floor":16,"turns":13},{"damage":34,"enemies":"3 Byrds","floor":18,"turns":5},{"damage":0,"enemies":"Spheric Guardian","floor":19,"turns":1},{"damage":20,"enemies":"Snake Plant","floor":22,"turns":3},{"damage":0,"enemies":"Sentry and Sphere","floor":27,"turns":3},{"damage":0,"enemies":"Snecko","floor":28,"turns":4},{"damage":0,"enemies":"Centurion and Healer","floor":29,"turns":10},{"damage":2,"enemies":"Cultist and Chosen","floor":30,"turns":6},{"damage":60,"enemies":"Champ","floor":33,"turns":17},{"damage":0,"enemies":"3 Shapes","floor":35,"turns":2},{"damage":7,"enemies":"Mind Bloom Boss Battle","floor":38,"turns":9},{"damage":0,"enemies":"Orb Walker","floor":40,"turns":4},{"damage":0,"enemies":"Sphere and 2 Shapes","floor":41,"turns":4},{"damage":94,"enemies":"Giant Head","floor":42,"turns":11}],"seed_played":"993168145600324800","potions_obtained":[{"floor":2,"key":"LiquidBronze"},{"floor":5,"key":"Strength Potion"},{"floor":14,"key":"FairyPotion"},{"floor":16,"key":"Block Potion"},{"floor":18,"key":"Fire Potion"},{"floor":19,"key":"AttackPotion"},{"floor":28,"key":"Energy Potion"},{"floor":38,"key":"EssenceOfSteel"}],"is_trial":false,"path_per_floor":["M","M","?","$","M","R","?","R","T","M","M","$","R","E","R","B",null,"M","M","?","?","M","R","$","R","T","M","M","M","M","?","R","B",null,"M","?","$","?","$","M","M","E"],"character_chosen":"DEFECT","items_purchased":["Self Repair","Coolheaded","Capacitor","Gash"],"campfire_rested":1,"item_purchase_floors":[4,24,37,39],"current_hp_per_floor":[62,61,61,61,66,66,59,59,59,64,62,62,62,39,39,32,82,48,48,48,48,35,35,35,59,59,66,73,80,82,82,82,29,82,82,72,72,72,72,79,82,0],"gold":348,"neow_bonus":"TWENTY_PERCENT_HP_BONUS","is_prod":false,"is_daily":false,"chose_seed":false,"campfire_upgraded":6,"win_rate":0,"timestamp":1553100542,"path_taken":["M","M","?","$","M","R","?","R","T","M","M","?","R","E","R","BOSS","M","M","?","?","M","R","$","R","T","?","M","M","M","?","R","BOSS","M","?","$","?","?","?","M","E"],"build_version":"2019-01-23","purchased_purges":2,"victory":false,"max_hp_per_floor":[89,89,82,82,82,82,82,82,82,82,82,82,82,82,82,82,82,82,82,82,82,82,82,82,82,82,82,82,82,82,82,82,82,82,82,82,82,82,82,82,82,82],"card_choices":[{"not_picked":["Redo","Stack"],"picked":"Beam Cell","floor":1},{"not_picked":["Hello World","Leap"],"picked":"Skim","floor":2},{"not_picked":["Sunder","Streamline"],"picked":"Conserve Battery","floor":5},{"not_picked":["Creative AI","Sweeping Beam"],"picked":"Glacier","floor":10},{"not_picked":["Skim","Stack","Self Repair"],"picked":"SKIP","floor":11},{"not_picked":["Redo","Lockon"],"picked":"Chaos","floor":14},{"not_picked":["Reboot","Creative AI"],"picked":"Core Surge","floor":16},{"not_picked":["Cold Snap","Compile Driver"],"picked":"Beam Cell+1","floor":18},{"not_picked":["Steam","Self Repair"],"picked":"Leap+1","floor":19},{"not_picked":["Hologram","Steam Power"],"picked":"Glacier+1","floor":22},{"not_picked":["Double Energy","Glacier","Stack"],"picked":"SKIP","floor":27},{"not_picked":["Reprogram","Sweeping Beam+1"],"picked":"BootSequence+1","floor":28},{"not_picked":["Rebound","Sweeping Beam"],"picked":"Recycle","floor":29},{"not_picked":["Undo+1","Streamline","Meteor Strike"],"picked":"SKIP","floor":30},{"not_picked":["Buffer","Hyperbeam"],"picked":"Electrodynamics","floor":33},{"not_picked":["Rebound+1","Leap","Steam+1"],"picked":"SKIP","floor":35},{"not_picked":["Swift Strike","HandOfGreed"],"picked":"Finesse","floor":36},{"not_picked":["Forethought","Purity"],"picked":"Impatience","floor":36},{"not_picked":["Good Instincts","The Bomb"],"picked":"Flash of Steel","floor":36},{"not_picked":["Lockon+1","Leap+1","Compile Driver+1"],"picked":"SKIP","floor":40},{"not_picked":["Steam","Sweeping Beam","Genetic Algorithm"],"picked":"SKIP","floor":41}],"player_experience":340226,"relics_obtained":[{"floor":14,"key":"Ancient Tea Set"},{"floor":26,"key":"Mummified Hand"},{"floor":38,"key":"Ice Cream"}],"event_choices":[{"damage_healed":0,"gold_gain":0,"player_choice":"Lose Max HP","damage_taken":0,"relics_obtained":["Golden Idol"],"max_hp_gain":0,"max_hp_loss":7,"event_name":"Golden Idol","floor":3,"gold_loss":0},{"damage_healed":0,"gold_gain":0,"player_choice":"Success","damage_taken":7,"relics_obtained":["Kunai"],"max_hp_gain":0,"max_hp_loss":0,"event_name":"Scrap Ooze","floor":7,"gold_loss":0},{"damage_healed":0,"gold_gain":0,"player_choice":"Opened","damage_taken":0,"relics_obtained":["Vajra"],"max_hp_gain":0,"max_hp_loss":0,"event_name":"The Mausoleum","floor":20,"gold_loss":0},{"damage_healed":0,"gold_gain":0,"player_choice":"Copied","damage_taken":0,"max_hp_gain":0,"max_hp_loss":0,"event_name":"Duplicator","floor":21,"gold_loss":0,"cards_obtained":["Core Surge"]},{"damage_healed":0,"gold_gain":0,"player_choice":"Read","damage_taken":0,"max_hp_gain":0,"max_hp_loss":0,"event_name":"The Library","floor":31,"gold_loss":0,"cards_obtained":["Redo"]},{"damage_healed":0,"gold_gain":0,"player_choice":"Memory 3","damage_taken":10,"max_hp_gain":0,"max_hp_loss":0,"event_name":"SensoryStone","floor":36,"gold_loss":0},{"damage_healed":0,"gold_gain":0,"player_choice":"Fight","damage_taken":0,"max_hp_gain":0,"max_hp_loss":0,"event_name":"MindBloom","floor":38,"gold_loss":0}],"is_beta":false,"boss_relics":[{"not_picked":["Eternal Feather","Black Star"],"picked":"Pandora\u0027s Box"},{"not_picked":["Empty Cage","FrozenCore"],"picked":"Inserter"}],"items_purged_floors":[12,24],"is_endless":false,"potions_floor_spawned":[2,5,14,16,18,19,22,28,38],"killed_by":"Giant Head","ascension_level":0}