{"gold_per_floor":[112,126,76,87,102,128,140,227,239,351,363,409,421,451,463,577,589,615,627,639,651,374,374,400,400,400,147,147,147,237,255,255,353,353,372,389,389,389,489,504,531,549,549,12,12,12,22,35,35,35],"floor_reached":50,"playtime":2404,"items_purged":["Gash","Strike_B","Strike_B"],"score":516,"play_id":"bfab0d84-67cd-4fdb-a9f5-0b257edb46d1","local_time":"20181203184951","is_ascension_mode":false,"campfire_choices":[{"data":"Doom and Gloom","floor":7,"key":"SMITH"},{"data":"Hologram","floor":11,"key":"SMITH"},{"data":"Echo Form","floor":13,"key":"SMITH"},{"floor":15,"key":"REST"},{"data":"Apotheosis","floor":23,"key":"SMITH"},{"data":"Echo Form","floor":25,"key":"SMITH"},{"data":"Zap","floor":29,"key":"SMITH"},{"floor":32,"key":"REST"},{"floor":46,"key":"REST"},{"floor":49,"key":"REST"}],"neow_cost":"NONE","seed_source_timestamp":277257669297005,"circlet_count":0,"master_deck":["Defend_B","Defend_B","Zap+1","Dualcast","Go for the Eyes","Conserve Battery","Hologram+1","Doom and Gloom+1","Echo Form+1","Conserve Battery","Thunder Strike","Conserve Battery","Echo Form+1","BootSequence","Apotheosis+1","Capacitor","Cold Snap","Leap+1","Blind","White Noise+1","Parasite","Defragment+1","Darkness+1"],"relics":["Cracked Core","Bag of Marbles","MawBank","Matryoshka","WingedGreaves","Busted Crown","Ornamental Fan","Pen Nib","Lantern","Mercury Hourglass","Anchor","Eternal Feather","Turnip","Strawberry","Orichalcum","Sundial","FossilizedHelix"],"potions_floor_usage":[5,6,18,24,33,39,50],"damage_taken":[{"damage":1,"enemies":"Jaw Worm","floor":1,"turns":3},{"damage":6,"enemies":"Small Slimes","floor":2,"turns":2},{"damage":0,"enemies":"2 Louse","floor":4,"turns":3},{"damage":0,"enemies":"Red Slaver","floor":5,"turns":3},{"damage":14,"enemies":"3 Sentries","floor":6,"turns":8},{"damage":16,"enemies":"Lagavulin","floor":12,"turns":6},{"damage":0,"enemies":"Blue Slaver","floor":14,"turns":3},{"damage":4,"enemies":"The Guardian","floor":16,"turns":11},{"damage":18,"enemies":"2 Thieves","floor":18,"turns":3},{"damage":17,"enemies":"Book of Stabbing","floor":24,"turns":5},{"damage":3,"enemies":"3 Byrds","floor":31,"turns":4},{"damage":7,"enemies":"Champ","floor":33,"turns":8},{"damage":0,"enemies":"Orb Walker","floor":35,"turns":5},{"damage":0,"enemies":"3 Shapes","floor":36,"turns":6},{"damage":19,"enemies":"Mind Bloom Boss Battle","floor":39,"turns":9},{"damage":3,"enemies":"Writhing Mass","floor":40,"turns":7},{"damage":24,"enemies":"Transient","floor":42,"turns":5},{"damage":31,"enemies":"Spire Growth","floor":47,"turns":6},{"damage":8,"enemies":"Writhing Mass","floor":48,"turns":5},{"damage":78,"enemies":"Time Eater","floor":50,"turns":9}],"seed_played":"-7196145485288882521","potions_obtained":[{"floor":2,"key":"LiquidBronze"},{"floor":4,"key":"EntropicBrew"},{"floor":16,"key":"Swift Potion"},{"floor":18,"key":"SteroidPotion"},{"floor":24,"key":"FocusPotion"},{"floor":39,"key":"SteroidPotion"},{"floor":40,"key":"Ancient Potion"}],"is_trial":false,"path_per_floor":["M","M","?","M","M","E","R","?","T","?","R","E","R","M","R","B",null,"M","?","?","?","$","R","E","R","T","$","?","R","?","M","R","B",null,"M","M","?","?","?","M","T","M","T","$","?","R","M","M","R","B"],"character_chosen":"DEFECT","items_purchased":["Apotheosis","Capacitor","Anchor","FossilizedHelix","Defragment","SpeedPotion"],"campfire_rested":4,"item_purchase_floors":[22,22,27,44,44,44],"current_hp_per_floor":[74,68,68,68,68,54,54,43,43,43,43,27,27,27,49,45,75,57,57,57,57,57,57,40,40,40,40,40,40,26,23,45,38,75,75,75,75,75,56,53,60,36,36,36,36,72,41,33,69,0],"gold":35,"neow_bonus":"RANDOM_COMMON_RELIC","is_prod":false,"is_daily":false,"chose_seed":false,"campfire_upgraded":6,"win_rate":0,"timestamp":1543859391,"path_taken":["M","M","?","M","M","E","R","?","T","?","R","E","R","M","R","BOSS","M","?","?","?","?","R","E","R","T","$","?","R","?","?","R","BOSS","M","M","?","?","?","M","?","?","T","$","?","R","M","?","R","BOSS"],"build_version":"2018-11-15","purchased_purges":3,"victory":false,"max_hp_per_floor":[75,75,75,75,75,75,75,75,75,75,75,75,75,75,75,75,75,75,75,75,75,75,75,75,75,75,75,75,75,75,75,75,75,75,75,75,75,75,75,75,82,82,82,82,82,82,82,82,82,82],"card_choices":[{"not_picked":["Ball Lightning","Barrage"],"picked":"Go for the Eyes","floor":1},{"not_picked":["Scrape","Compile Driver"],"picked":"Conserve Battery","floor":2},{"not_picked":["Static Discharge","Steam"],"picked":"Hologram","floor":4},{"not_picked":["Coolheaded","Blizzard","Reprogram"],"picked":"SKIP","floor":5},{"not_picked":["Ball Lightning","Sweeping Beam"],"picked":"Doom and Gloom","floor":6},{"not_picked":["FTL","Compile Driver"],"picked":"Echo Form","floor":12},{"not_picked":["Barrage","Glacier"],"picked":"Conserve Battery","floor":14},{"not_picked":["Meteor Strike","Core Surge"],"picked":"Thunder Strike","floor":16},{"not_picked":[],"picked":"Conserve Battery","floor":18},{"not_picked":["Rebound"],"picked":"SKIP","floor":24},{"not_picked":["Rebound+1"],"picked":"SKIP","floor":31},{"not_picked":[],"picked":"Cold Snap","floor":35},{"not_picked":[],"picked":"Leap+1","floor":36},{"not_picked":[],"picked":"Blind","floor":38},{"not_picked":[],"picked":"White Noise+1","floor":39},{"not_picked":["Turbo+1"],"picked":"SKIP","floor":40},{"not_picked":["Capacitor"],"picked":"SKIP","floor":42},{"not_picked":[],"picked":"Darkness+1","floor":47},{"not_picked":["Ball Lightning+1"],"picked":"SKIP","floor":48}],"player_experience":171389,"relics_obtained":[{"floor":6,"key":"MawBank"},{"floor":9,"key":"Matryoshka"},{"floor":12,"key":"WingedGreaves"},{"floor":24,"key":"Pen Nib"},{"floor":26,"key":"Lantern"},{"floor":26,"key":"Mercury Hourglass"},{"floor":39,"key":"Turnip"},{"floor":41,"key":"Strawberry"},{"floor":41,"key":"Orichalcum"},{"floor":43,"key":"Sundial"}],"event_choices":[{"cards_removed":["Strike_B"],"damage_healed":0,"gold_gain":0,"player_choice":"Card Removal","damage_taken":0,"max_hp_gain":0,"max_hp_loss":0,"event_name":"The Cleric","floor":3,"gold_loss":50},{"damage_healed":0,"gold_gain":75,"player_choice":"Gather Gold","damage_taken":11,"max_hp_gain":0,"max_hp_loss":0,"event_name":"World of Goop","floor":8,"gold_loss":0},{"damage_healed":0,"gold_gain":100,"player_choice":"Gold","damage_taken":0,"max_hp_gain":0,"max_hp_loss":0,"event_name":"Wheel of Change","floor":10,"gold_loss":0},{"damage_healed":0,"gold_gain":0,"cards_transformed":["Defend_B","Defend_B"],"player_choice":"Became Test Subject","damage_taken":0,"max_hp_gain":0,"max_hp_loss":0,"event_name":"Drug Dealer","floor":19,"gold_loss":0,"cards_obtained":["Gash","Echo Form"]},{"damage_healed":0,"gold_gain":0,"player_choice":"Read","damage_taken":0,"max_hp_gain":0,"max_hp_loss":0,"event_name":"The Library","floor":20,"gold_loss":0,"cards_obtained":["BootSequence"]},{"damage_healed":0,"gold_gain":0,"player_choice":"Opened","damage_taken":0,"relics_obtained":["Ornamental Fan"],"max_hp_gain":0,"max_hp_loss":0,"event_name":"The Mausoleum","floor":21,"gold_loss":0},{"damage_healed":0,"gold_gain":90,"player_choice":"GOLD ","damage_taken":14,"max_hp_gain":0,"max_hp_loss":0,"event_name":"Knowing Skull","floor":30,"potions_obtained":[],"gold_loss":0,"cards_obtained":[]},{"cards_removed":["Strike_B"],"damage_healed":0,"gold_gain":0,"player_choice":"Removed Attack","damage_taken":0,"max_hp_gain":0,"max_hp_loss":0,"event_name":"Falling","floor":37,"gold_loss":0},{"damage_healed":0,"gold_gain":0,"player_choice":"Memory 1","damage_taken":0,"max_hp_gain":0,"max_hp_loss":0,"event_name":"SensoryStone","floor":38,"gold_loss":0},{"damage_healed":0,"gold_gain":0,"player_choice":"Fight","damage_taken":0,"max_hp_gain":0,"max_hp_loss":0,"event_name":"MindBloom","floor":39,"gold_loss":0},{"damage_healed":0,"gold_gain":0,"player_choice":"Upgraded","damage_taken":0,"max_hp_gain":0,"max_hp_loss":0,"event_name":"Upgrade Shrine","floor":45,"gold_loss":0,"cards_upgraded":["Defragment"]}],"is_beta":false,"boss_relics":[{"not_picked":["Orrery","Coffee Dripper"],"picked":"Busted Crown"},{"not_picked":["Black Star","Calling Bell"],"picked":"Eternal Feather"}],"items_purged_floors":[22,27,44],"is_endless":false,"potions_floor_spawned":[2,4,16,18,24,39,40],"killed_by":"Time Eater","ascension_level":0}