{"gold_per_floor":[111,122,122,122,142,142,177,177,252,252,252,217,248,278,278,398,398,411,432,531,531,36,76,76,0,0,0,0,23,54,68,68,194,194,208,208,208,229,250,250,113,0,300,339,464,464,464,464,464,464],"floor_reached":51,"playtime":2967,"items_purged":[],"score":800,"play_id":"4726a574-a038-48f0-ba99-412ca8ab580f","local_time":"20190531000934","is_ascension_mode":true,"campfire_choices":[{"data":"Auto Shields","floor":6.0,"key":"SMITH"},{"data":"Conserve Battery","floor":8.0,"key":"SMITH"},{"data":"Defragment","floor":15.0,"key":"SMITH"},{"data":"Buffer","floor":24.0,"key":"SMITH"},{"data":"Dualcast","floor":28.0,"key":"SMITH"},{"floor":32.0,"key":"REST"},{"data":"Capacitor","floor":40,"key":"SMITH"},{"data":"Conserve Battery","floor":47,"key":"SMITH"},{"data":"Seek","floor":49,"key":"SMITH"}],"neow_cost":"NONE","seed_source_timestamp":140418626078800,"circlet_count":0,"master_deck":["Strike_B","Strike_B","Strike_B","Strike_B","Defend_B","Defend_B","Defend_B","Zap","Dualcast+1","Conserve Battery+1","Turbo","Auto Shields+1","Go for the Eyes","Defragment+1","Buffer+1","Beam Cell+1","Conserve Battery+1","Capacitor+1","Coolheaded","Go for the Eyes+1","Streamline","Redo","Genetic Algorithm+1","Seek+1","Storm+1","Madness","Madness","Ball Lightning+1","Hologram+1","Hello World+1","Defragment+1","Defragment+1","Cold Snap+1","Stack+1"],"special_seed":0,"relics":["Cracked Core","Blood Vial","Golden Idol","Pen Nib","Bottled Flame","Emotion Chip","The Courier","White Beast Statue","Membership Card","Juzu Bracelet","DataDisk","Strawberry","Frozen Egg 2","Centennial Puzzle","Mercury Hourglass","Dodecahedron","Sozu","DollysMirror","Red Mask","Old Coin","Turnip","Pocketwatch"],"potions_floor_usage":[],"damage_taken":[{"damage":6.0,"enemies":"Jaw Worm","floor":1.0,"turns":3.0},{"damage":1.0,"enemies":"Cultist","floor":2.0,"turns":4.0},{"damage":7.0,"enemies":"2 Louse","floor":5.0,"turns":2.0},{"damage":28.0,"enemies":"3 Sentries","floor":7.0,"turns":9.0},{"damage":26.0,"enemies":"Gremlin Nob","floor":13.0,"turns":5.0},{"damage":2.0,"enemies":"The Guardian","floor":16.0,"turns":14.0},{"damage":0.0,"enemies":"3 Byrds","floor":18.0,"turns":2.0},{"damage":0.0,"enemies":"Chosen","floor":19.0,"turns":5.0},{"damage":34.0,"enemies":"Gremlin Leader","floor":23.0,"turns":14.0},{"damage":7.0,"enemies":"Snake Plant","floor":29.0,"turns":5.0},{"damage":2.0,"enemies":"Book of Stabbing","floor":30.0,"turns":5.0},{"damage":10.0,"enemies":"Centurion and Healer","floor":31.0,"turns":14.0},{"damage":66.0,"enemies":"Automaton","floor":33.0,"turns":14.0},{"damage":6.0,"enemies":"Orb Walker","floor":35.0,"turns":4.0},{"damage":9.0,"enemies":"3 Darklings","floor":38.0,"turns":5.0},{"damage":5,"enemies":"Writhing Mass","floor":39,"turns":6},{"damage":0,"enemies":"Nemesis","floor":44,"turns":5},{"damage":19,"enemies":"Mind Bloom Boss Battle","floor":45,"turns":5},{"damage":10,"enemies":"Donu and Deca","floor":50,"turns":8}],"seed_played":"-672443061756898003","potions_obtained":[{"floor":2.0,"key":"SkillPotion"},{"floor":7.0,"key":"LiquidBronze"},{"floor":13.0,"key":"Explosive Potion"},{"floor":18.0,"key":"Poison Potion"},{"floor":19.0,"key":"Weak Potion"},{"floor":23.0,"key":"Regen Potion"},{"floor":29.0,"key":"Strength Potion"},{"floor":30.0,"key":"FocusPotion"},{"floor":31.0,"key":"PowerPotion"},{"floor":33.0,"key":"Swift Potion"}],"is_trial":false,"path_per_floor":["M","M","?","?","M","R","E","R","T","$","?","?","E","?","R","B",null,"M","M","?","?","$","E","R","?","T","?","R","M","E","M","R","B",null,"M","?","?","M","M","R","$","?","T","E","?","?","R","?","R","B",null],"character_chosen":"DEFECT","items_purchased":["Membership Card","Capacitor","Coolheaded","Juzu Bracelet","DataDisk","Strawberry","Frozen Egg 2","Hello World+1","Defragment+1","DollysMirror"],"campfire_rested":1,"item_purchase_floors":[22,22,22,22,22,22,22,41,41,41],"current_hp_per_floor":[69,70,70,70,65,65,39,39,39,39,64,75,49,49,49,49,75,75,75,75,75,82,48,48,48,48,48,48,43,55,47,71,7,82,76,76,66,59,56,56,56,56,56,58,41,41,41,72,72,62],"gold":464,"neow_bonus":"RANDOM_COMMON_RELIC","is_prod":false,"is_daily":false,"chose_seed":false,"campfire_upgraded":8,"win_rate":0,"timestamp":1559286574,"path_taken":["M","M","?","?","?","R","E","R","T","$","?","?","E","?","R","BOSS","M","M","?","?","$","E","R","?","T","?","R","M","E","M","R","BOSS","M","?","?","M","M","R","$","?","T","E","?","?","R","?","R","BOSS"],"build_version":"2019-01-23","purchased_purges":0,"victory":true,"max_hp_per_floor":[75,75,75,75,75,75,75,75,75,75,75,75,75,75,75,75,75,75,75,75,75,82,82,82,82,82,82,82,82,82,82,82,82,82,82,82,82,82,82,82,82,82,82,82,82,82,82,72,72,72],"card_choices":[{"not_picked":["Sweeping Beam","Leap"],"picked":"Conserve Battery","floor":1.0},{"not_picked":["Compile Driver","Sweeping Beam"],"picked":"Turbo","floor":2.0},{"not_picked":["Conserve Battery","Stack"],"picked":"Auto Shields","floor":5.0},{"not_picked":["Skim","Gash"],"picked":"Go for the Eyes","floor":7.0},{"not_picked":["Sunder","Consume"],"picked":"Defragment","floor":13.0},{"not_picked":["Creative AI","All For One"],"picked":"Buffer","floor":16.0},{"not_picked":["Stack+1","Leap"],"picked":"Beam Cell+1","floor":18.0},{"not_picked":["BootSequence","Reprogram"],"picked":"Conserve Battery","floor":19.0},{"not_picked":["Multi-Cast","Doom and Gloom"],"picked":"Go for the Eyes+1","floor":23.0},{"not_picked":["Compile Driver","Steam"],"picked":"Streamline","floor":29.0},{"not_picked":["Sweeping Beam","Rebound"],"picked":"Redo","floor":30.0},{"not_picked":["Go for the Eyes","Rebound"],"picked":"Genetic Algorithm+1","floor":31.0},{"not_picked":["Rainbow","Amplify"],"picked":"Seek","floor":33.0},{"not_picked":["Gash","Streamline"],"picked":"Storm+1","floor":35.0},{"not_picked":["Compile Driver","Cold Snap"],"picked":"Ball Lightning+1","floor":38.0},{"not_picked":["BootSequence+1","Beam Cell"],"picked":"Hologram+1","floor":39},{"not_picked":["Steam","Scrape"],"picked":"Cold Snap+1","floor":44},{"not_picked":["Conserve Battery","Ball Lightning"],"picked":"Stack+1","floor":45}],"player_experience":168208,"relics_obtained":[{"floor":7.0,"key":"Pen Nib"},{"floor":9.0,"key":"Bottled Flame"},{"floor":13.0,"key":"Emotion Chip"},{"floor":23.0,"key":"Centennial Puzzle"},{"floor":26.0,"key":"Mercury Hourglass"},{"floor":30.0,"key":"Dodecahedron"},{"floor":43,"key":"Old Coin"},{"floor":44,"key":"Turnip"},{"floor":45,"key":"Pocketwatch"}],"event_choices":[{"damage_healed":0.0,"max_hp_gain":0.0,"max_hp_loss":0.0,"gold_gain":0.0,"event_name":"Golden Idol","player_choice":"Take Wound","floor":3.0,"gold_loss":0.0,"damage_taken":0.0,"relics_obtained":["Golden Idol"],"cards_obtained":["Injury"]},{"cards_removed":["Injury"],"damage_healed":0.0,"max_hp_gain":0.0,"max_hp_loss":0.0,"gold_gain":0.0,"event_name":"Purifier","player_choice":"Purged","floor":4.0,"gold_loss":0.0,"damage_taken":0.0},{"damage_healed":25.0,"max_hp_gain":0.0,"max_hp_loss":0.0,"gold_gain":0.0,"event_name":"Big Fish","player_choice":"Banana","floor":11.0,"gold_loss":0.0,"damage_taken":0.0},{"damage_healed":18.0,"max_hp_gain":0.0,"max_hp_loss":0.0,"gold_gain":0.0,"event_name":"The Cleric","player_choice":"Healed","floor":12.0,"gold_loss":35.0,"damage_taken":0.0},{"damage_healed":0.0,"max_hp_gain":0.0,"max_hp_loss":0.0,"gold_gain":30.0,"event_name":"Dead Adventurer","player_choice":"Searched \u00273\u0027 times","floor":14.0,"gold_loss":0.0,"damage_taken":0.0,"relics_obtained":["The Courier"]},{"damage_healed":0.0,"max_hp_gain":0.0,"max_hp_loss":0.0,"gold_gain":99.0,"event_name":"Nest","player_choice":"Stole From Cult","floor":20.0,"gold_loss":0.0,"damage_taken":0.0},{"damage_healed":0.0,"max_hp_gain":0.0,"max_hp_loss":0.0,"gold_gain":0.0,"event_name":"Beggar","player_choice":"Ignored","floor":21.0,"gold_loss":0.0,"damage_taken":0.0},{"damage_healed":0.0,"max_hp_gain":0.0,"max_hp_loss":0.0,"gold_gain":0.0,"event_name":"Masked Bandits","player_choice":"Paid Fearfully","floor":25.0,"gold_loss":76.0,"damage_taken":0.0},{"damage_healed":0.0,"max_hp_gain":0.0,"max_hp_loss":0.0,"gold_gain":0.0,"event_name":"Cursed Tome","player_choice":"Ignored","floor":27.0,"gold_loss":0.0,"damage_taken":0.0},{"damage_healed":0.0,"max_hp_gain":0.0,"max_hp_loss":0.0,"gold_gain":0.0,"event_name":"Mysterious Sphere","player_choice":"Ignored","floor":36.0,"gold_loss":0.0,"damage_taken":0.0},{"damage_healed":0.0,"max_hp_gain":0.0,"max_hp_loss":0.0,"gold_gain":0.0,"event_name":"Winding Halls","player_choice":"Embrace Madness","floor":37.0,"gold_loss":0.0,"damage_taken":10.0,"cards_obtained":["Madness","Madness"]},{"damage_healed":0,"gold_gain":0,"player_choice":"Paid","damage_taken":0,"relics_obtained":["Red Mask"],"max_hp_gain":0,"max_hp_loss":0,"event_name":"Tomb of Lord Red Mask","floor":42,"gold_loss":113},{"damage_healed":0,"gold_gain":0,"player_choice":"Fight","damage_taken":0,"max_hp_gain":0,"max_hp_loss":0,"event_name":"MindBloom","floor":45,"gold_loss":0},{"cards_removed":["Defend_B"],"damage_healed":0,"gold_gain":0,"player_choice":"Removed Skill","damage_taken":0,"max_hp_gain":0,"max_hp_loss":0,"event_name":"Falling","floor":46,"gold_loss":0},{"damage_healed":72,"gold_gain":0,"player_choice":"Heal","damage_taken":0,"max_hp_gain":0,"max_hp_loss":10,"event_name":"The Moai Head","floor":48,"gold_loss":0}],"is_beta":false,"boss_relics":[{"not_picked":["Cursed Key","Runic Dome"],"picked":"White Beast Statue"},{"not_picked":["Black Star","Astrolabe"],"picked":"Sozu"}],"items_purged_floors":[],"is_endless":false,"potions_floor_spawned":[2,7,13,18,19,23,29,30,31,33,35,38,39,44,45],"ascension_level":1}