{"gold_per_floor":[18,34,54,54,65,65,80,80,80,93,93,93,124,142,142,142],"floor_reached":16,"playtime":660,"items_purged":[],"score":160,"play_id":"d55a1a18-f1ad-41a4-93b7-4dd227fc1edc","local_time":"20190506161401","is_ascension_mode":true,"campfire_choices":[{"floor":6,"key":"REST"},{"floor":8,"key":"REST"},{"floor":12,"key":"REST"},{"floor":15,"key":"REST"}],"neow_cost":"NO_GOLD","seed_source_timestamp":274314408999640,"circlet_count":0,"master_deck":["Strike_B","Strike_B","Strike_B","Defend_B","Defend_B+1","Defend_B","Defend_B","Zap+1","Dualcast","All For One","Scrape","Beam Cell","Steam","Gash","Core Surge","Melter"],"relics":["Cracked Core","Pear","War Paint"],"potions_floor_usage":[1,13,13,16],"damage_taken":[{"damage":6,"enemies":"Cultist","floor":1,"turns":3},{"damage":12,"enemies":"Jaw Worm","floor":2,"turns":3},{"damage":7,"enemies":"Small Slimes","floor":3,"turns":3},{"damage":25,"enemies":"Gremlin Gang","floor":5,"turns":4},{"damage":13,"enemies":"Red Slaver","floor":7,"turns":3},{"damage":4,"enemies":"3 Louse","floor":10,"turns":3},{"damage":16,"enemies":"Gremlin Nob","floor":13,"turns":3},{"damage":2,"enemies":"Blue Slaver","floor":14,"turns":2},{"damage":90,"enemies":"The Guardian","floor":16,"turns":14}],"seed_played":"-2422618583718667168","potions_obtained":[{"floor":1,"key":"Fruit Juice"},{"floor":2,"key":"Swift Potion"},{"floor":3,"key":"LiquidBronze"},{"floor":14,"key":"Block Potion"}],"is_trial":false,"path_per_floor":["M","M","M","?","M","R","M","R","T","M","?","R","E","M","R","B"],"character_chosen":"DEFECT","items_purchased":[],"campfire_rested":4,"item_purchase_floors":[],"current_hp_per_floor":[67,55,48,41,16,40,27,51,61,57,57,84,68,66,90,0],"gold":142,"neow_bonus":"THREE_RARE_CARDS","is_prod":false,"is_daily":false,"chose_seed":false,"campfire_upgraded":0,"win_rate":0,"timestamp":1557184441,"path_taken":["M","M","M","?","M","R","M","R","T","M","?","R","E","?","R","BOSS"],"build_version":"2019-01-23","purchased_purges":0,"victory":false,"max_hp_per_floor":[80,80,80,80,80,80,80,80,90,90,90,90,90,90,90,90],"card_choices":[{"not_picked":["Buffer","Electrodynamics"],"picked":"All For One","floor":0},{"not_picked":["Blizzard","Force Field"],"picked":"Scrape","floor":1},{"not_picked":["Leap","Chaos"],"picked":"Beam Cell","floor":2},{"not_picked":["Undo","Blizzard","Cold Snap"],"picked":"SKIP","floor":3},{"not_picked":["Aggregate","Ball Lightning","Sunder"],"picked":"SKIP","floor":5},{"not_picked":["Darkness","Leap"],"picked":"Steam","floor":7},{"not_picked":["Hologram","Streamline"],"picked":"Gash","floor":10},{"not_picked":["Coolheaded","Skim"],"picked":"Core Surge","floor":13},{"not_picked":["Defragment","Sweeping Beam"],"picked":"Melter","floor":14}],"player_experience":292134,"relics_obtained":[{"floor":9,"key":"Pear"},{"floor":13,"key":"War Paint"}],"event_choices":[{"cards_removed":["Strike_B"],"damage_healed":0,"gold_gain":0,"player_choice":"Card Removal","damage_taken":7,"max_hp_gain":0,"max_hp_loss":0,"event_name":"Golden Wing","floor":4,"gold_loss":0},{"damage_healed":0,"gold_gain":0,"player_choice":"Leave","damage_taken":0,"max_hp_gain":0,"max_hp_loss":0,"event_name":"FaceTrader","floor":11,"gold_loss":0}],"is_beta":false,"boss_relics":[],"items_purged_floors":[],"is_endless":false,"potions_floor_spawned":[1,2,3,14],"killed_by":"The Guardian","ascension_level":6}