{"gold_per_floor":[110,127,127,202,202,202,235,251,277,15,31,62,86,33,33,163,163,179,179,200,221,24,24,59,59,59,75,75,99,137,151,151,275,275,288,288,353,378,81,121,133,159,171,183,238,320,372,403,415,427],"floor_reached":51,"playtime":5582,"items_purged":["Strike_G"],"score":1515,"play_id":"7f05dd05-cdb9-40de-a9c7-e4cb859f221a","local_time":"20190429204400","is_ascension_mode":true,"campfire_choices":[{"data":"Noxious Fumes","floor":6,"key":"SMITH"},{"data":"Apotheosis","floor":15,"key":"SMITH"},{"data":"Well Laid Plans","floor":23,"key":"SMITH"},{"data":"Crippling Poison","floor":28,"key":"SMITH"},{"floor":32,"key":"REST"},{"floor":49,"key":"REST"}],"neow_cost":"NONE","seed_source_timestamp":23340584085136,"circlet_count":0,"master_deck":["AscendersBane","Defend_G","Defend_G","Defend_G","Survivor","Neutralize","Noxious Fumes+1","Well Laid Plans","Footwork","Poisoned Stab","Apotheosis+1","Deflect","PiercingWail","Acrobatics","Backflip","Die Die Die","Backstab+1","Concentrate+1","Unload+1","PiercingWail","Ghostly","Ghostly","Ghostly","Ghostly","Ghostly","Escape Plan","Well Laid Plans+1","Crippling Poison+1","Poisoned Stab","Well Laid Plans","Leg Sweep","Prepared+1","Burst","Tactician","Dodge and Roll+1","Sadistic Nature","Backflip"],"relics":["Ring of the Snake","NeowsBlessing","Golden Idol","Oddly Smooth Stone","Ancient Tea Set","Art of War","Astrolabe","Strange Spoon","Peace Pipe","Sundial","Juzu Bracelet","Lizard Tail","FossilizedHelix","Pear","MawBank","Bottled Lightning","Girya","Dodecahedron","Nunchaku"],"potions_floor_usage":[11,21,29,37,37,40,47,50],"damage_taken":[{"damage":0,"enemies":"Cultist","floor":1,"turns":1},{"damage":0,"enemies":"Small Slimes","floor":2,"turns":1},{"damage":0,"enemies":"3 Sentries","floor":7,"turns":2},{"damage":0,"enemies":"2 Louse","floor":8,"turns":3},{"damage":0,"enemies":"Looter","floor":11,"turns":4},{"damage":4,"enemies":"Lagavulin","floor":12,"turns":7},{"damage":1,"enemies":"Exordium Thugs","floor":13,"turns":5},{"damage":21,"enemies":"Hexaghost","floor":16,"turns":10},{"damage":27,"enemies":"3 Byrds","floor":18,"turns":6},{"damage":1,"enemies":"Chosen","floor":20,"turns":6},{"damage":0,"enemies":"3 Cultists","floor":21,"turns":7},{"damage":0,"enemies":"Book of Stabbing","floor":24,"turns":7},{"damage":3,"enemies":"Snake Plant","floor":27,"turns":6},{"damage":1,"enemies":"Cultist and Chosen","floor":29,"turns":6},{"damage":0,"enemies":"Gremlin Leader","floor":30,"turns":7},{"damage":7,"enemies":"Shelled Parasite and Fungi","floor":31,"turns":6},{"damage":0,"enemies":"Automaton","floor":33,"turns":11},{"damage":2,"enemies":"3 Darklings","floor":35,"turns":6},{"damage":8,"enemies":"2 Orb Walkers","floor":37,"turns":8},{"damage":2,"enemies":"Orb Walker","floor":38,"turns":7},{"damage":0,"enemies":"Nemesis","floor":40,"turns":11},{"damage":0,"enemies":"4 Shapes","floor":42,"turns":7},{"damage":1,"enemies":"Giant Head","floor":45,"turns":14},{"damage":0,"enemies":"Nemesis","floor":47,"turns":11},{"damage":0,"enemies":"Spire Growth","floor":48,"turns":7},{"damage":0,"enemies":"Donu and Deca","floor":50,"turns":14}],"seed_played":"-2053414273128573761","potions_obtained":[{"floor":1,"key":"Ancient Potion"},{"floor":7,"key":"AttackPotion"},{"floor":12,"key":"Explosive Potion"},{"floor":13,"key":"Energy Potion"},{"floor":16,"key":"Swift Potion"},{"floor":18,"key":"Energy Potion"},{"floor":20,"key":"PowerPotion"},{"floor":21,"key":"GhostInAJar"},{"floor":29,"key":"Swift Potion"},{"floor":38,"key":"Block Potion"},{"floor":42,"key":"GhostInAJar"}],"is_trial":false,"path_per_floor":["M","M","?","?","?","R","E","M","T","$","M","E","M","$","R","B",null,"M","?","M","M","$","R","E","?","T","M","R","M","E","M","R","B",null,"M","?","?","M","$","E","?","M","T","?","E","T","E","M","R","B",null],"character_chosen":"THE_SILENT","items_purchased":["Apotheosis","Backflip","Strange Spoon","Pear","Poison Potion"],"campfire_rested":2,"item_purchase_floors":[10,14,22,39,39],"current_hp_per_floor":[63,63,63,52,52,52,52,52,52,52,52,48,47,47,47,26,55,28,28,27,27,27,27,27,27,27,24,24,23,23,16,25,25,30,28,28,20,18,28,28,28,28,28,28,27,27,27,27,39,39],"gold":439,"neow_bonus":"THREE_ENEMY_KILL","is_prod":false,"is_daily":false,"chose_seed":false,"campfire_upgraded":4,"win_rate":0,"timestamp":1556585040,"path_taken":["M","?","?","?","?","R","E","?","T","$","M","E","M","$","R","BOSS","M","?","M","M","$","R","E","?","T","M","R","M","E","M","R","BOSS","M","?","?","M","$","E","?","M","T","?","E","?","E","M","R","BOSS"],"build_version":"2019-01-23","purchased_purges":1,"victory":true,"max_hp_per_floor":[70,70,70,70,65,65,65,65,65,65,65,65,65,65,65,65,65,65,32,32,32,32,32,32,32,32,32,32,32,32,32,32,32,32,32,32,32,32,42,42,42,42,42,42,42,42,42,42,42,42],"card_choices":[{"not_picked":["Slice","Infinite Blades"],"picked":"Noxious Fumes","floor":1},{"not_picked":["Bane","Slice"],"picked":"Well Laid Plans","floor":2},{"not_picked":["Poisoned Stab","Cloak And Dagger"],"picked":"Footwork","floor":7},{"not_picked":["Reflex","Quick Slash"],"picked":"Poisoned Stab","floor":8},{"not_picked":["Tactician","Prepared"],"picked":"Deflect","floor":11},{"not_picked":["Setup","Cloak And Dagger"],"picked":"PiercingWail","floor":12},{"not_picked":["Grand Finale","Quick Slash"],"picked":"Acrobatics","floor":13},{"not_picked":["Storm of Steel","Tools of the Trade"],"picked":"Die Die Die","floor":16},{"not_picked":["Deflect","Tactician"],"picked":"PiercingWail","floor":18},{"not_picked":["Slice","Bane"],"picked":"Escape Plan","floor":20},{"not_picked":["Poisoned Stab","Leg Sweep"],"picked":"Well Laid Plans","floor":21},{"not_picked":["Concentrate","Flechettes"],"picked":"Crippling Poison","floor":24},{"not_picked":["Masterful Stab","Poisoned Stab","Finisher"],"picked":"SKIP","floor":27},{"not_picked":["Skewer","Flechettes","Flying Knee"],"picked":"SKIP","floor":29},{"not_picked":["Doppelganger","Dagger Throw"],"picked":"Leg Sweep","floor":30},{"not_picked":["Slice","Leg Sweep"],"picked":"Prepared+1","floor":31},{"not_picked":["Tools of the Trade","Night Terror"],"picked":"Burst","floor":33},{"not_picked":["Backflip","Terror"],"picked":"Tactician","floor":35},{"not_picked":["Quick Slash+1","Dagger Throw"],"picked":"Dodge and Roll+1","floor":37},{"not_picked":["Slice+1","Quick Slash+1","Well Laid Plans+1"],"picked":"SKIP","floor":38},{"not_picked":["Tactician","Dagger Throw+1","Underhanded Strike+1"],"picked":"SKIP","floor":40},{"not_picked":["Slice","Poisoned Stab+1","Quick Slash"],"picked":"SKIP","floor":42},{"not_picked":["Impatience","Forethought"],"picked":"Sadistic Nature","floor":44},{"not_picked":["Skewer","Dagger Spray","Poisoned Stab+1"],"picked":"SKIP","floor":45},{"not_picked":["Quick Slash","Sucker Punch+1","Underhanded Strike"],"picked":"SKIP","floor":47},{"not_picked":["Expertise+1","Dagger Spray+1"],"picked":"Backflip","floor":48}],"player_experience":332910,"relics_obtained":[{"floor":7,"key":"Oddly Smooth Stone"},{"floor":9,"key":"Ancient Tea Set"},{"floor":12,"key":"Art of War"},{"floor":24,"key":"Peace Pipe"},{"floor":26,"key":"Sundial"},{"floor":30,"key":"Juzu Bracelet"},{"floor":37,"key":"FossilizedHelix"},{"floor":40,"key":"MawBank"},{"floor":43,"key":"Bottled Lightning"},{"floor":45,"key":"Girya"},{"floor":46,"key":"Dodecahedron"},{"floor":47,"key":"Nunchaku"}],"event_choices":[{"cards_removed":["Strike_G"],"damage_healed":0,"gold_gain":0,"player_choice":"Forget","damage_taken":0,"max_hp_gain":0,"max_hp_loss":0,"event_name":"Living Wall","floor":3,"gold_loss":0},{"damage_healed":0,"gold_gain":75,"player_choice":"Gather Gold","damage_taken":11,"max_hp_gain":0,"max_hp_loss":0,"event_name":"World of Goop","floor":4,"gold_loss":0},{"damage_healed":0,"gold_gain":0,"player_choice":"Lose Max HP","damage_taken":0,"relics_obtained":["Golden Idol"],"max_hp_gain":0,"max_hp_loss":5,"event_name":"Golden Idol","floor":5,"gold_loss":0},{"damage_healed":0,"gold_gain":0,"player_choice":"Became a Ghost","damage_taken":0,"max_hp_gain":0,"max_hp_loss":33,"event_name":"Ghosts","floor":19,"gold_loss":0,"cards_obtained":["Ghostly","Ghostly","Ghostly","Ghostly","Ghostly"]},{"damage_healed":0,"gold_gain":0,"cards_transformed":["Defend_G","Defend_G"],"player_choice":"Became Test Subject","damage_taken":0,"max_hp_gain":0,"max_hp_loss":0,"event_name":"Drug Dealer","floor":25,"gold_loss":0,"cards_obtained":["Poisoned Stab","Well Laid Plans"]},{"damage_healed":0,"gold_gain":0,"player_choice":"Ignored","damage_taken":0,"max_hp_gain":0,"max_hp_loss":0,"event_name":"Tomb of Lord Red Mask","floor":36,"gold_loss":0},{"damage_healed":0,"gold_gain":0,"player_choice":"Fight","damage_taken":0,"max_hp_gain":0,"max_hp_loss":0,"event_name":"Mysterious Sphere","floor":37,"gold_loss":0},{"damage_healed":0,"gold_gain":0,"player_choice":"Leave","damage_taken":0,"max_hp_gain":0,"max_hp_loss":0,"event_name":"FaceTrader","floor":41,"gold_loss":0},{"damage_healed":0,"gold_gain":0,"player_choice":"Memory 1","damage_taken":0,"max_hp_gain":0,"max_hp_loss":0,"event_name":"SensoryStone","floor":44,"gold_loss":0}],"is_beta":false,"boss_relics":[{"not_picked":["Snecko Eye","WristBlade"],"picked":"Astrolabe"},{"not_picked":["Runic Pyramid","Tiny House"],"picked":"Lizard Tail"}],"items_purged_floors":[10],"is_endless":false,"potions_floor_spawned":[1,7,12,13,16,18,20,21,29,33,38,42],"ascension_level":10}