{"gold_per_floor":[13,27,27,27,27,27,62,62,62,77,90,190,202,220,220,220],"floor_reached":16,"playtime":1065,"items_purged":[],"score":173,"play_id":"df518303-c25f-430b-a259-084aca5bd8bf","local_time":"20190518142155","is_ascension_mode":true,"campfire_choices":[{"floor":6,"key":"REST"},{"floor":15,"key":"REST"}],"neow_cost":"NO_GOLD","seed_source_timestamp":18835611809162,"circlet_count":0,"master_deck":["AscendersBane","Strike_B","Strike_B","Strike_B","Strike_B","Defend_B","Defend_B","Defend_B","Defend_B","Zap","Dualcast","Blind","Panacea","Conserve Battery","Chill","Double Energy"],"relics":["Cracked Core","Ice Cream","Omamori","Symbiotic Virus"],"potions_floor_usage":[11,14,14,16],"damage_taken":[{"damage":6,"enemies":"Small Slimes","floor":1,"turns":4},{"damage":0,"enemies":"Cultist","floor":2,"turns":4},{"damage":31,"enemies":"Lagavulin","floor":7,"turns":9},{"damage":4,"enemies":"2 Louse","floor":10,"turns":3},{"damage":20,"enemies":"Exordium Thugs","floor":11,"turns":4},{"damage":10,"enemies":"3 Louse","floor":13,"turns":5},{"damage":4,"enemies":"Lots of Slimes","floor":14,"turns":5},{"damage":25,"enemies":"The Guardian","floor":16,"turns":12}],"seed_played":"-5745551789378386037","potions_obtained":[{"floor":1,"key":"Regen Potion"},{"floor":8,"key":"Strength Potion"},{"floor":8,"key":"Weak Potion"},{"floor":11,"key":"SteroidPotion"},{"floor":14,"key":"AttackPotion"}],"is_trial":false,"path_per_floor":["M","M","?","$","$","R","E","?","T","M","M","?","M","M","R","B"],"character_chosen":"DEFECT","items_purchased":[],"campfire_rested":2,"item_purchase_floors":[],"current_hp_per_floor":[58,58,58,58,58,71,40,40,40,36,16,16,6,2,23,0],"gold":220,"neow_bonus":"RANDOM_COLORLESS_2","is_prod":false,"is_daily":false,"chose_seed":false,"campfire_upgraded":0,"win_rate":0,"timestamp":1558214515,"path_taken":["M","M","?","?","$","R","E","?","T","?","M","?","?","M","R","BOSS"],"build_version":"2019-01-23","purchased_purges":0,"victory":false,"max_hp_per_floor":[71,71,71,71,71,71,71,71,71,71,71,71,71,71,71,71],"card_choices":[{"not_picked":["Beam Cell","Lockon"],"picked":"Conserve Battery","floor":1},{"not_picked":["Darkness","Coolheaded","Force Field"],"picked":"SKIP","floor":2},{"not_picked":["Beam Cell","Consume","Redo"],"picked":"SKIP","floor":7},{"not_picked":["Barrage","Streamline","Redo"],"picked":"SKIP","floor":10},{"not_picked":["Stack","Cold Snap"],"picked":"Chill","floor":11},{"not_picked":["Streamline","Coolheaded"],"picked":"Double Energy","floor":13},{"not_picked":["Stack","Hello World","Ball Lightning"],"picked":"SKIP","floor":14}],"player_experience":623334,"relics_obtained":[{"floor":7,"key":"Omamori"},{"floor":9,"key":"Symbiotic Virus"}],"event_choices":[{"damage_healed":0,"gold_gain":0,"player_choice":"Gave Potion","damage_taken":0,"relics_obtained":["Ice Cream"],"max_hp_gain":0,"max_hp_loss":0,"event_name":"WeMeetAgain","floor":3,"gold_loss":0},{"damage_healed":0,"gold_gain":0,"player_choice":"Got Potions","damage_taken":0,"max_hp_gain":0,"max_hp_loss":0,"event_name":"Lab","floor":8,"gold_loss":0},{"damage_healed":0,"gold_gain":100,"player_choice":"Pray","damage_taken":0,"max_hp_gain":0,"max_hp_loss":0,"event_name":"Golden Shrine","floor":12,"gold_loss":0}],"is_beta":false,"boss_relics":[],"items_purged_floors":[],"is_endless":false,"potions_floor_spawned":[1,11,13,14],"killed_by":"The Guardian","ascension_level":14}