{"gold_per_floor":[13,113,137,137,147,174,197,225,279,279,279,279,24,37,37,141,141,152,152,168,128,128,128,128],"floor_reached":24,"playtime":1405,"items_purged":[],"score":200,"play_id":"2e96577e-75f4-4aa1-a67f-87470dc24d84","local_time":"20180623163433","is_ascension_mode":false,"campfire_choices":[{"floor":12,"key":"REST"},{"floor":15,"key":"REST"}],"neow_cost":"NO_GOLD","seed_source_timestamp":99185466909144,"circlet_count":0,"master_deck":["Strike_R","Strike_R","Strike_R","Defend_R","Defend_R","Defend_R","Defend_R","Bash","Power Through","Berserk","Cleave","Regret","Combust","Thunderclap","Rupture","Good Instincts","Double Tap","Shrug It Off","Bludgeon","Shrug It Off","Infernal Blade","Whirlwind","Necronomicurse"],"relics":["Burning Blood","Boot","Centennial Puzzle","Strawberry","Odd Mushroom","Gremlin Horn","Anchor","Matryoshka","Mark of Pain","Necronomicon"],"potions_floor_usage":[8,16,16,16,24,24,24,24],"damage_taken":[{"damage":7,"enemies":"Small Slimes","floor":1,"turns":4},{"damage":9,"enemies":"Cultist","floor":5,"turns":4},{"damage":31,"enemies":"3 Sentries","floor":6,"turns":5},{"damage":16,"floor":7,"turns":2},{"damage":35,"enemies":"Lagavulin","floor":8,"turns":7},{"damage":1,"enemies":"2 Louse","floor":14,"turns":2},{"damage":46,"enemies":"The Guardian","floor":16,"turns":9},{"damage":30,"enemies":"3 Byrds","floor":18,"turns":5},{"damage":25,"enemies":"2 Thieves","floor":20,"turns":4},{"damage":39,"enemies":"Gremlin Leader","floor":24,"turns":2}],"seed_played":"8741518806121489226","potions_obtained":[{"floor":1,"key":"Weak Potion"},{"floor":6,"key":"LiquidBronze"},{"floor":7,"key":"PowerPotion"},{"floor":8,"key":"Fire Potion"},{"floor":16,"key":"Swift Potion"},{"floor":20,"key":"EntropicBrew"}],"is_trial":false,"path_per_floor":["M","?","T","?","M","E","?","E","T","$","?","R","$","M","R","B",null,"M","?","M","$","?","?"],"character_chosen":"IRONCLAD","items_purchased":["Matryoshka","Whirlwind"],"campfire_rested":2,"item_purchase_floors":[13,21],"current_hp_per_floor":[79,79,79,79,76,58,48,19,19,19,19,45,45,50,76,36,87,63,63,44,44,28,28,0],"gold":128,"neow_bonus":"TRANSFORM_TWO_CARDS","is_prod":false,"is_daily":false,"chose_seed":false,"campfire_upgraded":0,"win_rate":0.0,"timestamp":1529764473,"path_taken":["M","?","?","?","M","E","?","E","T","$","?","R","$","M","R","BOSS","M","?","M","$","?","?","E"],"build_version":"2018-06-21v2","purchased_purges":0,"victory":false,"max_hp_per_floor":[80,80,80,80,80,87,87,87,87,87,87,87,87,87,87,87,87,87,87,87,87,87,87,87],"card_choices":[{"not_picked":["Thunderclap","Dual Wield"],"picked":"Cleave","floor":1},{"not_picked":["Clash","Carnage"],"picked":"Combust","floor":5},{"not_picked":["Iron Wave","True Grit"],"picked":"Thunderclap","floor":6},{"not_picked":["Thunderclap","Anger"],"picked":"Rupture","floor":8},{"not_picked":["Disarm","Seeing Red"],"picked":"Shrug It Off","floor":14},{"not_picked":["Juggernaut","Fiend Fire"],"picked":"Bludgeon","floor":16},{"not_picked":["Metallicize","Dual Wield"],"picked":"Shrug It Off","floor":18},{"not_picked":["Shrug It Off","Warcry"],"picked":"Infernal Blade","floor":20}],"player_experience":22417,"relics_obtained":[{"floor":3,"key":"Boot"},{"floor":6,"key":"Strawberry"},{"floor":7,"key":"Odd Mushroom"},{"floor":8,"key":"Gremlin Horn"},{"floor":9,"key":"Anchor"},{"floor":22,"key":"Necronomicon"}],"event_choices":[{"event_name":"Wheel of Change","player_choice":"Gold","floor":2,"damage_taken":0},{"event_name":"Big Fish","player_choice":"Box","floor":4,"damage_taken":0},{"event_name":"Mushrooms","player_choice":"Fought Mushrooms","floor":7,"damage_taken":0},{"event_name":"Match and Keep!","player_choice":"2 cards matched","floor":11,"damage_taken":0},{"event_name":"Ghosts","player_choice":"Ignored","floor":19,"damage_taken":0},{"event_name":"Cursed Tome","player_choice":"Obtained Book","floor":22,"damage_taken":0},{"event_name":"Vampires","player_choice":"Ignored","floor":23,"damage_taken":0}],"boss_relics":[{"not_picked":["Lizard Tail","Busted Crown"],"picked":"Mark of Pain"}],"items_purged_floors":[],"is_endless":false,"potions_floor_spawned":[1,6,7,8,16,20],"killed_by":"Gremlin Leader","ascension_level":0}