{"gold_per_floor":[117,117,135,13,13,13,25,35,60,60,30,50,68,84,84,84],"floor_reached":16,"playtime":915,"items_purged":["Strike_B"],"score":160,"play_id":"887ad23e-b57d-42dc-8daa-8d57bbc6cde2","local_time":"20190518174554","is_ascension_mode":true,"campfire_choices":[{"floor":6,"key":"REST"},{"data":"Defragment","floor":10,"key":"SMITH"},{"data":"Chill","floor":15,"key":"SMITH"}],"neow_cost":"NONE","seed_source_timestamp":29272920326559,"circlet_count":0,"master_deck":["AscendersBane","Strike_B","Strike_B","Defend_B","Defend_B","Defend_B","Defend_B","Zap","Dualcast","Glacier","Conserve Battery","Defragment+1","Go for the Eyes","Chill+1","BootSequence"],"relics":["Cracked Core","Regal Pillow"],"potions_floor_usage":[16,16],"damage_taken":[{"damage":19,"enemies":"Small Slimes","floor":1,"turns":4},{"damage":1,"enemies":"Jaw Worm","floor":3,"turns":4},{"damage":0,"enemies":"Cultist","floor":7,"turns":4},{"damage":2,"enemies":"3 Louse","floor":8,"turns":6},{"damage":0,"enemies":"Looter","floor":11,"turns":4},{"damage":14,"enemies":"Lots of Slimes","floor":12,"turns":6},{"damage":0,"enemies":"Blue Slaver","floor":13,"turns":6},{"damage":0,"enemies":"Exordium Wildlife","floor":14,"turns":6},{"damage":65,"enemies":"Hexaghost","floor":16,"turns":18}],"seed_played":"-6692978821425142041","potions_obtained":[{"floor":8,"key":"FearPotion"},{"floor":13,"key":"Swift Potion"},{"floor":14,"key":"Block Potion"}],"is_trial":false,"path_per_floor":["M","?","M","$","?","R","M","M","T","R","M","M","M","M","R","B"],"character_chosen":"DEFECT","items_purchased":["Conserve Battery"],"campfire_rested":1,"item_purchase_floors":[4],"current_hp_per_floor":[52,52,51,51,51,74,74,72,72,72,72,58,58,58,58,0],"gold":84,"neow_bonus":"TEN_PERCENT_HP_BONUS","is_prod":false,"is_daily":false,"chose_seed":false,"campfire_upgraded":2,"win_rate":0,"timestamp":1558226754,"path_taken":["M","?","M","$","?","R","M","?","T","R","M","M","?","M","R","BOSS"],"build_version":"2019-01-23","purchased_purges":1,"victory":false,"max_hp_per_floor":[78,78,78,78,78,78,78,78,78,78,78,78,78,78,78,78],"card_choices":[{"not_picked":["Barrage","Rip and Tear"],"picked":"Glacier","floor":1},{"not_picked":["Coolheaded","Hologram","Gash"],"picked":"SKIP","floor":3},{"not_picked":["Ball Lightning","Stack"],"picked":"Go for the Eyes","floor":7},{"not_picked":["Rip and Tear","Storm","Undo"],"picked":"SKIP","floor":8},{"not_picked":["Genetic Algorithm","Creative AI","Hologram"],"picked":"SKIP","floor":11},{"not_picked":["Aggregate","Leap"],"picked":"Chill","floor":12},{"not_picked":["Ball Lightning","Gash","Coolheaded"],"picked":"SKIP","floor":13},{"not_picked":["Rebound","Sunder"],"picked":"BootSequence","floor":14}],"player_experience":633118,"relics_obtained":[{"floor":9,"key":"Regal Pillow"}],"event_choices":[{"damage_healed":0,"gold_gain":0,"player_choice":"Ignored","damage_taken":0,"max_hp_gain":0,"max_hp_loss":0,"event_name":"Liars Game","floor":2,"gold_loss":0},{"damage_healed":0,"gold_gain":0,"cards_transformed":["Strike_B"],"player_choice":"Change","damage_taken":0,"max_hp_gain":0,"max_hp_loss":0,"event_name":"Living Wall","floor":5,"gold_loss":0,"cards_obtained":["Defragment"]}],"is_beta":false,"boss_relics":[],"items_purged_floors":[4],"is_endless":false,"potions_floor_spawned":[8,13,14],"killed_by":"Hexaghost","ascension_level":14}