{"gold_per_floor":[117,127,140,150,162,197,207,207,207,234,234,234],"floor_reached":12,"playtime":814,"items_purged":[],"score":101,"play_id":"b165e2bf-29a8-4a2e-b834-11b33807aa2b","local_time":"20190426114455","is_ascension_mode":true,"campfire_choices":[{"floor":8,"key":"REST"}],"neow_cost":"NONE","seed_source_timestamp":1048559708592688,"circlet_count":0,"master_deck":["Strike_B","Strike_B","Strike_B","Strike_B","Defend_B","Defend_B","Defend_B","Defend_B","Zap","Dualcast","Leap","Ball Lightning","Redo","Redo","Conserve Battery","Blizzard","Auto Shields","Cold Snap"],"relics":["Cracked Core","Emotion Chip","Shuriken","Dodecahedron"],"potions_floor_usage":[6,6,12],"damage_taken":[{"damage":0,"enemies":"Jaw Worm","floor":1,"turns":3},{"damage":1,"enemies":"2 Louse","floor":2,"turns":3},{"damage":0,"enemies":"Small Slimes","floor":3,"turns":2},{"damage":8,"enemies":"Red Slaver","floor":4,"turns":4},{"damage":31,"enemies":"Lots of Slimes","floor":5,"turns":5},{"damage":9,"enemies":"3 Sentries","floor":6,"turns":7},{"damage":15,"enemies":"Exordium Thugs","floor":7,"turns":5},{"damage":32,"enemies":"Gremlin Nob","floor":10,"turns":5},{"damage":12,"enemies":"Exordium Wildlife","floor":12,"turns":1}],"seed_played":"8026806515305941282","potions_obtained":[{"floor":3,"key":"PowerPotion"},{"floor":5,"key":"Fruit Juice"},{"floor":10,"key":"Explosive Potion"}],"is_trial":false,"path_per_floor":["M","M","M","M","M","E","M","R","T","E","?","M"],"character_chosen":"DEFECT","items_purchased":[],"campfire_rested":1,"item_purchase_floors":[],"current_hp_per_floor":[75,74,74,66,35,31,16,40,40,8,8,0],"gold":234,"neow_bonus":"THREE_CARDS","is_prod":false,"is_daily":false,"chose_seed":false,"campfire_upgraded":0,"win_rate":0,"timestamp":1556304295,"path_taken":["M","M","M","M","M","E","M","R","T","E","?","M"],"build_version":"2019-01-23","purchased_purges":0,"victory":false,"max_hp_per_floor":[75,75,75,75,75,80,80,80,80,80,80,80],"card_choices":[{"not_picked":["Rip and Tear","Fusion"],"picked":"Leap","floor":0},{"not_picked":["Rip and Tear","Leap"],"picked":"Ball Lightning","floor":1},{"not_picked":["Heatsinks","Redo","Turbo"],"picked":"SKIP","floor":2},{"not_picked":["Consume","Rip and Tear"],"picked":"Redo","floor":3},{"not_picked":["Skim","Steam"],"picked":"Redo","floor":4},{"not_picked":["Rainbow","Streamline"],"picked":"Conserve Battery","floor":5},{"not_picked":["Cold Snap","Leap"],"picked":"Blizzard","floor":6},{"not_picked":["Streamline","Gash"],"picked":"Auto Shields","floor":7},{"not_picked":["Fusion","Conserve Battery"],"picked":"Cold Snap","floor":10}],"player_experience":121099,"relics_obtained":[{"floor":6,"key":"Emotion Chip"},{"floor":9,"key":"Shuriken"},{"floor":10,"key":"Dodecahedron"}],"event_choices":[{"damage_healed":0,"gold_gain":0,"player_choice":"Ignored","damage_taken":0,"max_hp_gain":0,"max_hp_loss":0,"event_name":"Golden Idol","floor":11,"gold_loss":0}],"is_beta":false,"boss_relics":[],"items_purged_floors":[],"is_endless":false,"potions_floor_spawned":[3,5,10],"killed_by":"Exordium Wildlife","ascension_level":2}