{"gold_per_floor":[113,113,26,44,57,91,103,115,141,141,66,77,77,104,104,199,199,213,18,34,133,145,145,162,172,196,196],"floor_reached":27,"playtime":1116,"items_purged":["Strike_B"],"score":217,"play_id":"4239d9f3-29f8-4b7f-810e-20930392fbb4","local_time":"20180704164023","is_ascension_mode":false,"campfire_choices":[{"floor":10,"key":"REST"},{"data":"Loop","floor":13,"key":"SMITH"},{"floor":15,"key":"REST"},{"data":"Static Discharge","floor":23,"key":"SMITH"}],"neow_cost":"NONE","seed_source_timestamp":192751261547231,"circlet_count":0,"master_deck":["Strike_B","Strike_B+1","Strike_B","Defend_B","Defend_B","Defend_B","Defend_B","Zap","Dualcast","Hologram","Loop+1","Ball Lightning","Defragment","Ball Lightning","Melter","Steam","Beam Cell","Self Repair","Leap","Echo Form","Beam Cell+1","Static Discharge+1","Conserve Battery","Force Field","Static Discharge","Go for the Eyes","Decay"],"relics":["Cracked Core","NeowsBlessing","Anchor","Bronze Scales","Happy Flower","Odd Mushroom","Cursed Key","Whetstone"],"potions_floor_usage":[16,24,27,27],"damage_taken":[{"damage":0,"enemies":"Jaw Worm","floor":1,"turns":1},{"damage":0,"enemies":"2 Louse","floor":4,"turns":1},{"damage":0,"enemies":"Cultist","floor":5,"turns":1},{"damage":23,"enemies":"Lagavulin","floor":6,"turns":5},{"damage":3,"enemies":"Lots of Slimes","floor":7,"turns":3},{"damage":7,"enemies":"Blue Slaver","floor":8,"turns":3},{"damage":8,"enemies":"2 Fungi Beasts","floor":12,"turns":3},{"damage":10,"floor":14,"turns":3},{"damage":16,"enemies":"Hexaghost","floor":16,"turns":7},{"damage":0,"enemies":"3 Byrds","floor":18,"turns":3},{"damage":5,"enemies":"Spheric Guardian","floor":20,"turns":3},{"damage":0,"enemies":"Snecko","floor":22,"turns":5},{"damage":29,"enemies":"Slaver and Parasite","floor":24,"turns":4},{"damage":20,"enemies":"Snake Plant","floor":25,"turns":3},{"damage":46,"enemies":"Gremlin Leader","floor":27,"turns":4}],"seed_played":"5794598373384566420","potions_obtained":[{"floor":5,"key":"SneckoOil"},{"floor":7,"key":"Dexterity Potion"},{"floor":14,"key":"Explosive Potion"},{"floor":16,"key":"Energy Potion"},{"floor":25,"key":"FocusPotion"}],"is_trial":false,"path_per_floor":["M","?","$","M","M","E","M","M","T","R","$","M","R","?","R","B",null,"M","$","M","?","M","R","M","M","T"],"character_chosen":"DEFECT","items_purchased":["Loop","Ball Lightning","Self Repair","Static Discharge","Conserve Battery"],"campfire_rested":2,"item_purchase_floors":[3,3,11,19,19],"current_hp_per_floor":[75,50,50,50,50,27,24,17,17,39,39,38,38,35,57,41,75,75,75,75,75,75,75,53,40,40,0],"gold":196,"neow_bonus":"THREE_ENEMY_KILL","is_prod":false,"is_daily":false,"chose_seed":false,"campfire_upgraded":2,"win_rate":0,"timestamp":1530715223,"path_taken":["M","?","$","M","M","E","M","?","T","R","$","M","R","?","R","BOSS","M","$","M","?","M","R","?","M","T","E"],"build_version":"2018-06-28","purchased_purges":1,"victory":false,"max_hp_per_floor":[75,75,75,75,75,75,75,75,75,75,75,75,75,75,75,75,75,75,75,75,75,75,75,75,75,75,75],"card_choices":[{"not_picked":["Cold Snap","Heatsinks"],"picked":"Hologram","floor":1},{"not_picked":["Gash","Ball Lightning"],"picked":"Defragment","floor":4},{"not_picked":["Reboot","Coolheaded"],"picked":"Ball Lightning","floor":5},{"not_picked":["White Noise","Sweeping Beam"],"picked":"Melter","floor":6},{"not_picked":["Double Energy","Barrage"],"picked":"Steam","floor":7},{"not_picked":["Barrage","Reinforced Body"],"picked":"Beam Cell","floor":8},{"not_picked":["Biased Cognition","Turbo","Compile Driver"],"picked":"SKIP","floor":12},{"not_picked":["Hologram","Rebound"],"picked":"Leap","floor":14},{"not_picked":["Machine Learning","Seek"],"picked":"Echo Form","floor":16},{"not_picked":["Barrage","Blizzard"],"picked":"Beam Cell","floor":18},{"not_picked":["Lockon","Steam"],"picked":"Force Field","floor":20},{"not_picked":["Consume+1","Multi-Cast"],"picked":"Static Discharge","floor":22},{"not_picked":["Beam Cell","Turbo","Steam Power"],"picked":"SKIP","floor":24},{"not_picked":["Rebound+1","Redo+1"],"picked":"Go for the Eyes","floor":25}],"player_experience":65155,"relics_obtained":[{"floor":6,"key":"Bronze Scales"},{"floor":9,"key":"Happy Flower"},{"floor":14,"key":"Odd Mushroom"},{"floor":26,"key":"Whetstone"}],"event_choices":[{"event_name":"Scrap Ooze","player_choice":"success","floor":2,"damage_taken":25},{"event_name":"Mushrooms","player_choice":"Fought Mushrooms","floor":14,"damage_taken":0},{"event_name":"Nest","player_choice":"Stole From Cult","floor":21,"damage_taken":0}],"boss_relics":[{"not_picked":["Philosopher\u0027s Stone","Tiny House"],"picked":"Cursed Key"}],"items_purged_floors":[19],"is_endless":false,"potions_floor_spawned":[5,7,14,16,25],"killed_by":"Gremlin Leader","ascension_level":0}