{"gold_per_floor":[109,127,202,217,45,45,65,65,113,38,63,63,63,83,83,83],"floor_reached":16,"playtime":451,"items_purged":["Injury"],"score":90,"play_id":"15e0117e-c4b2-4dcd-86fd-b7a7131e33dd","local_time":"20181117181449","is_ascension_mode":false,"campfire_choices":[{"data":"Echo Form","floor":8,"key":"SMITH"},{"floor":13,"key":"REST"},{"floor":15,"key":"REST"}],"neow_cost":"NONE","seed_source_timestamp":212169525017001,"circlet_count":0,"master_deck":["Strike_B","Strike_B","Strike_B","Strike_B","Defend_B","Defend_B","Defend_B","Defend_B","Zap","Dualcast","Leap","Hello World","Auto Shields","Echo Form+1","Conserve Battery","Go for the Eyes","White Noise"],"relics":["Cracked Core","NeowsBlessing","Golden Idol","Centennial Puzzle","Odd Mushroom"],"potions_floor_usage":[7],"damage_taken":[{"damage":0,"enemies":"Cultist","floor":1,"turns":1},{"damage":0,"enemies":"2 Louse","floor":2,"turns":1},{"damage":0,"enemies":"Jaw Worm","floor":4,"turns":1},{"damage":19,"enemies":"Gremlin Gang","floor":7,"turns":6},{"damage":35,"enemies":"The Mushroom Lair","floor":11,"turns":5},{"damage":10,"enemies":"Exordium Thugs","floor":14,"turns":5},{"damage":50,"enemies":"Hexaghost","floor":16,"turns":11}],"seed_played":"-8297903657120111492","potions_obtained":[{"floor":2,"key":"Fire Potion"}],"is_trial":false,"path_per_floor":["M","M","?","M","$","?","M","R","T","$","?","$","R","M","R","B"],"character_chosen":"DEFECT","items_purchased":["Echo Form","Conserve Battery"],"campfire_rested":2,"item_purchase_floors":[5,5],"current_hp_per_floor":[75,75,64,64,64,64,45,45,45,45,10,10,32,22,44,0],"gold":83,"neow_bonus":"THREE_ENEMY_KILL","is_prod":false,"is_daily":false,"chose_seed":false,"campfire_upgraded":1,"win_rate":0,"timestamp":1542474889,"path_taken":["M","?","?","M","$","?","M","R","T","$","?","?","R","?","R","BOSS"],"build_version":"2018-11-15","purchased_purges":1,"victory":false,"max_hp_per_floor":[75,75,75,75,75,75,75,75,75,75,75,75,75,75,75,75],"card_choices":[{"not_picked":["Beam Cell","Hologram"],"picked":"Leap","floor":1},{"not_picked":["Undo","Hologram"],"picked":"Hello World","floor":2},{"not_picked":["Stack","Undo"],"picked":"Auto Shields","floor":4},{"not_picked":["Reprogram","Hyperbeam","Stack"],"picked":"SKIP","floor":7},{"not_picked":["Stack","Conserve Battery"],"picked":"Go for the Eyes","floor":11},{"not_picked":["Coolheaded","Gash"],"picked":"White Noise","floor":14}],"player_experience":113605,"relics_obtained":[{"floor":9,"key":"Centennial Puzzle"},{"floor":11,"key":"Odd Mushroom"}],"event_choices":[{"damage_healed":0,"gold_gain":75,"player_choice":"Gather Gold","damage_taken":11,"max_hp_gain":0,"max_hp_loss":0,"event_name":"World of Goop","floor":3,"gold_loss":0},{"damage_healed":0,"gold_gain":0,"player_choice":"Take Wound","damage_taken":0,"relics_obtained":["Golden Idol"],"max_hp_gain":0,"max_hp_loss":0,"event_name":"Golden Idol","floor":6,"gold_loss":0,"cards_obtained":["Injury"]},{"damage_healed":0,"gold_gain":0,"player_choice":"Fought Mushrooms","damage_taken":0,"max_hp_gain":0,"max_hp_loss":0,"event_name":"Mushrooms","floor":11,"gold_loss":0}],"is_beta":false,"boss_relics":[],"items_purged_floors":[10],"is_endless":false,"potions_floor_spawned":[2],"killed_by":"Hexaghost","ascension_level":0}