{"gold_per_floor":[118,43,193,204,45,74,74,104,180,180,198,210,230,17,17,17],"floor_reached":16,"playtime":491,"items_purged":["Doubt"],"score":215,"play_id":"6cc29358-3be4-4526-a645-4efb5b571832","local_time":"20190424172556","is_ascension_mode":true,"campfire_choices":[{"data":"Bash","floor":7.0,"key":"SMITH"},{"data":"Whirlwind","floor":10.0,"key":"SMITH"},{"data":"Pommel Strike","floor":15.0,"key":"SMITH"}],"neow_cost":"NONE","seed_source_timestamp":147725842167772,"circlet_count":0,"master_deck":["AscendersBane","Strike_R","Strike_R","Strike_R","Defend_R","Defend_R","Defend_R","Defend_R","Bash+1","Feel No Pain","Heavy Blade","Whirlwind+1","Shrug It Off","Pommel Strike","Rampage","Pommel Strike+1","Headbutt"],"special_seed":0,"relics":["Burning Blood","Ancient Tea Set","Sundial","Shuriken","HandDrill"],"potions_floor_usage":[16],"damage_taken":[{"damage":4.0,"enemies":"2 Louse","floor":1.0,"turns":4.0},{"damage":5.0,"enemies":"Small Slimes","floor":4.0,"turns":7.0},{"damage":25.0,"enemies":"3 Sentries","floor":6.0,"turns":10.0},{"damage":32.0,"enemies":"Gremlin Nob","floor":8.0,"turns":4.0},{"damage":0.0,"enemies":"Jaw Worm","floor":11.0,"turns":2.0},{"damage":20.0,"enemies":"Red Slaver","floor":12.0,"turns":5.0},{"damage":3.0,"enemies":"2 Fungi Beasts","floor":13.0,"turns":4.0},{"damage":31,"enemies":"Hexaghost","floor":16,"turns":5}],"seed_played":"7438733648848321347","potions_obtained":[{"floor":6.0,"key":"BloodPotion"},{"floor":11.0,"key":"AttackPotion"},{"floor":13.0,"key":"Poison Potion"}],"is_trial":false,"path_per_floor":["M","?","?","M","$","E","R","E","T","R","M","M","M","$","R","B"],"character_chosen":"IRONCLAD","items_purchased":["Whirlwind","HandDrill"],"campfire_rested":0,"item_purchase_floors":[5,14],"current_hp_per_floor":[70,70,70,71,71,52,52,26,26,26,32,25,28,28,28,0],"gold":17,"neow_bonus":"REMOVE_CARD","is_prod":false,"is_daily":false,"chose_seed":false,"campfire_upgraded":3,"win_rate":0,"timestamp":1556101556,"path_taken":["M","?","?","M","$","E","R","E","T","R","M","M","?","?","R","BOSS"],"build_version":"2019-01-23","purchased_purges":1,"victory":false,"max_hp_per_floor":[75,75,75,75,75,75,75,75,75,75,75,75,75,75,75,75],"card_choices":[{"not_picked":["Clash","Flex"],"picked":"Feel No Pain","floor":1.0},{"not_picked":["Shrug It Off","Warcry"],"picked":"Heavy Blade","floor":4.0},{"not_picked":["True Grit","Ghostly Armor"],"picked":"Shrug It Off","floor":6.0},{"not_picked":["True Grit","Sever Soul"],"picked":"Pommel Strike","floor":8.0},{"not_picked":["Infernal Blade","Dual Wield"],"picked":"Rampage","floor":11.0},{"not_picked":["Warcry","Wild Strike"],"picked":"Pommel Strike","floor":12.0},{"not_picked":["Anger","Heavy Blade"],"picked":"Headbutt","floor":13.0}],"player_experience":435124,"relics_obtained":[{"floor":6.0,"key":"Ancient Tea Set"},{"floor":8.0,"key":"Sundial"},{"floor":9.0,"key":"Shuriken"}],"event_choices":[{"cards_removed":["Strike_R"],"damage_healed":0.0,"max_hp_gain":0.0,"max_hp_loss":0.0,"gold_gain":0.0,"event_name":"The Cleric","player_choice":"Card Removal","floor":2.0,"gold_loss":75.0,"damage_taken":0.0},{"damage_healed":0.0,"max_hp_gain":0.0,"max_hp_loss":0.0,"gold_gain":150.0,"event_name":"Liars Game","player_choice":"AGREE","floor":3.0,"gold_loss":0.0,"damage_taken":0.0,"cards_obtained":["Doubt"]}],"is_beta":false,"boss_relics":[],"items_purged_floors":[5],"is_endless":false,"potions_floor_spawned":[6,11,13],"killed_by":"Hexaghost","ascension_level":19}