{"gold_per_floor":[112,112,123,138,313,313,331,331],"floor_reached":8,"playtime":209,"items_purged":[],"score":48,"play_id":"e3e5aea6-f089-42c1-8054-3a901ec0bdb6","local_time":"20190422104048","is_ascension_mode":false,"campfire_choices":[{"floor":6,"key":"RECALL"}],"neow_cost":"NONE","seed_source_timestamp":626421752027747,"circlet_count":0,"master_deck":["Strike_R","Strike_R","Strike_R","Strike_R","Defend_R","Defend_R","Defend_R","Defend_R","Bash","Body Slam","Thunderclap","Body Slam","Doubt","Reaper"],"relics":["Burning Blood"],"potions_floor_usage":[8,8],"damage_taken":[{"damage":5,"enemies":"Small Slimes","floor":1,"turns":4},{"damage":6,"enemies":"Cultist","floor":3,"turns":4},{"damage":0,"enemies":"2 Louse","floor":4,"turns":2},{"damage":26,"enemies":"Blue Slaver","floor":7,"turns":5},{"damage":70,"enemies":"Gremlin Nob","floor":8,"turns":6}],"seed_played":"2088903518205149365","potions_obtained":[{"floor":1,"key":"Weak Potion"},{"floor":3,"key":"PowerPotion"}],"is_trial":false,"path_per_floor":["M","?","M","M","?","R","M","E"],"character_chosen":"IRONCLAD","items_purchased":[],"campfire_rested":0,"item_purchase_floors":[],"current_hp_per_floor":[80,80,80,80,80,80,60,0],"gold":331,"neow_bonus":"THREE_CARDS","is_prod":false,"is_daily":false,"chose_seed":false,"campfire_upgraded":0,"win_rate":0,"timestamp":1555922448,"path_taken":["M","?","?","M","?","R","M","E"],"build_version":"2019-01-23","purchased_purges":0,"victory":false,"max_hp_per_floor":[80,80,80,80,80,80,80,80],"card_choices":[{"not_picked":["Battle Trance","Dropkick"],"picked":"Body Slam","floor":0},{"not_picked":["Reckless Charge","Power Through"],"picked":"Thunderclap","floor":1},{"not_picked":["Sword Boomerang","Infernal Blade","Clash"],"picked":"SKIP","floor":3},{"not_picked":["Twin Strike","Heavy Blade"],"picked":"Body Slam","floor":4},{"not_picked":["Sever Soul","Sword Boomerang"],"picked":"Reaper","floor":7}],"player_experience":248066,"relics_obtained":[],"event_choices":[{"cards_removed":["Strike_R"],"damage_healed":0,"gold_gain":0,"player_choice":"Offered Basic","damage_taken":0,"max_hp_gain":0,"max_hp_loss":0,"event_name":"Bonfire Elementals","floor":2,"gold_loss":0},{"damage_healed":0,"gold_gain":175,"player_choice":"AGREE","damage_taken":0,"max_hp_gain":0,"max_hp_loss":0,"event_name":"Liars Game","floor":5,"gold_loss":0,"cards_obtained":["Doubt"]}],"is_beta":false,"boss_relics":[],"items_purged_floors":[],"is_endless":false,"potions_floor_spawned":[1,3],"killed_by":"Gremlin Nob","ascension_level":0}