{"gold_per_floor":[12,28,28,28,100,100,134,134,134,152,169,200,32,52,52,130,130,145,70,70,82,82,99,110,110,178,78,78,96,11,41,41,116,116,134,144,163,179,179,179,211,211,281,311,328,328,126,140,140,140,140,140,140,87,120,120],"floor_reached":57,"playtime":4105,"items_purged":["Strike_B","Defend_B","Turbo"],"score":3184,"play_id":"0979fae6-4d4b-4ef9-b3e5-48de8d43d7b6","local_time":"20190523040943","is_ascension_mode":true,"campfire_choices":[{"floor":6.0,"key":"REST"},{"data":"Streamline","floor":8.0,"key":"SMITH"},{"data":"Coolheaded","floor":15.0,"key":"SMITH"},{"data":"Skim","floor":25.0,"key":"SMITH"},{"data":"Stack","floor":28.0,"key":"SMITH"},{"data":"Buffer","floor":32.0,"key":"SMITH"},{"data":"Defragment","floor":40.0,"key":"SMITH"},{"floor":42.0,"key":"RECALL"},{"data":"Deep Breath","floor":49,"key":"SMITH"},{"data":"Apotheosis","floor":53,"key":"SMITH"}],"neow_cost":"NO_GOLD","seed_source_timestamp":0,"circlet_count":0,"master_deck":["AscendersBane","Defend_B","Defend_B","Defend_B","Zap","Dualcast","Stack+1","Streamline+1","Reinforced Body","Compile Driver","Doom and Gloom","Skim+1","Defragment+1","Rebound","Coolheaded+1","Self Repair","Echo Form","Buffer+1","Defragment+1","White Noise","Multi-Cast","Apotheosis+1","Deep Breath+1","Deep Breath","Blizzard","Coolheaded+1"],"special_seed":0,"relics":["Cracked Core","Dream Catcher","Prayer Wheel","Pantograph","Sundial","Bag of Preparation","Eternal Feather","Gremlin Horn","Centennial Puzzle","Lizard Tail","Question Card","Bottled Flame","Shuriken","Oddly Smooth Stone"],"potions_floor_usage":[48,56,56],"damage_taken":[{"damage":9.0,"enemies":"2 Louse","floor":1.0,"turns":2.0},{"damage":4.0,"enemies":"Small Slimes","floor":2.0,"turns":3.0},{"damage":15.0,"enemies":"3 Sentries","floor":7.0,"turns":9.0},{"damage":0.0,"enemies":"Cultist","floor":10.0,"turns":2.0},{"damage":0.0,"enemies":"2 Fungi Beasts","floor":11.0,"turns":1.0},{"damage":0.0,"enemies":"Lagavulin","floor":12.0,"turns":4.0},{"damage":0.0,"enemies":"Exordium Thugs","floor":14.0,"turns":2.0},{"damage":0.0,"enemies":"Hexaghost","floor":16.0,"turns":7.0},{"damage":1.0,"enemies":"2 Thieves","floor":18.0,"turns":3.0},{"damage":0.0,"enemies":"3 Byrds","floor":21.0,"turns":4.0},{"damage":0.0,"enemies":"Shelled Parasite and Fungi","floor":23.0,"turns":3.0},{"damage":7.0,"enemies":"Snake Plant","floor":24.0,"turns":3.0},{"damage":0.0,"enemies":"Centurion and Healer","floor":29.0,"turns":3.0},{"damage":0.0,"enemies":"Gremlin Leader","floor":31.0,"turns":2.0},{"damage":0.0,"enemies":"Champ","floor":33.0,"turns":7.0},{"damage":0.0,"enemies":"3 Darklings","floor":35.0,"turns":3.0},{"damage":14.0,"enemies":"3 Shapes","floor":36.0,"turns":3.0},{"damage":0.0,"enemies":"Transient","floor":37.0,"turns":6.0},{"damage":0.0,"enemies":"Maw","floor":38.0,"turns":4.0},{"damage":0.0,"enemies":"Giant Head","floor":41.0,"turns":6.0},{"damage":7.0,"enemies":"Nemesis","floor":44.0,"turns":5.0},{"damage":0.0,"enemies":"3 Darklings","floor":45.0,"turns":2.0},{"damage":0,"enemies":"4 Shapes","floor":48,"turns":1},{"damage":0,"enemies":"Donu and Deca","floor":50,"turns":2},{"damage":0,"enemies":"Awakened One","floor":51,"turns":4},{"damage":0,"enemies":"Shield and Spear","floor":55,"turns":1},{"damage":42,"enemies":"The Heart","floor":56,"turns":8}],"seed_played":"4983189544851702818","potions_obtained":[{"floor":1.0,"key":"Weak Potion"},{"floor":2.0,"key":"EssenceOfSteel"},{"floor":7.0,"key":"Block Potion"},{"floor":12.0,"key":"LiquidBronze"},{"floor":21.0,"key":"Fire Potion"},{"floor":23.0,"key":"Energy Potion"},{"floor":38.0,"key":"LiquidBronze"}],"is_trial":false,"path_per_floor":["M","M","?","?","?","R","E","R","T","M","M","E","$","M","R","B",null,"M","$","?","M","?","M","M","R","T","$","R","M","?","E","R","B",null,"M","M","M","M","?","R","E","R","T","E","M","?","$","M","R","B","B",null,"R","$","E","B",null],"character_chosen":"DEFECT","items_purchased":["Bag of Preparation","Blizzard","Weak Potion"],"campfire_rested":1,"item_purchase_floors":[13,47,54],"current_hp_per_floor":[55,51,51,25,25,46,31,31,31,31,31,31,31,31,31,63,69,71,71,71,71,71,71,71,71,71,71,71,71,71,71,71,71,71,71,64,71,71,71,71,71,71,71,71,71,61,61,61,71,71,71,71,71,71,71,36],"gold":120,"neow_bonus":"TRANSFORM_TWO_CARDS","is_prod":false,"is_daily":false,"chose_seed":false,"campfire_upgraded":8,"win_rate":0,"timestamp":1558552183,"path_taken":["M","M","?","?","?","R","E","R","T","M","M","E","$","M","R","BOSS","M","$","?","?","?","M","M","R","T","?","R","?","?","E","R","BOSS","M","M","M","M","?","R","E","R","T","E","M","?","$","M","R","BOSS","BOSS","R","$","E","BOSS"],"build_version":"2019-01-23","purchased_purges":3,"victory":true,"max_hp_per_floor":[71,71,71,71,71,71,71,71,71,71,71,71,71,71,71,71,71,71,71,71,71,71,71,71,71,71,71,71,71,71,71,71,71,71,71,71,71,71,71,71,71,71,71,71,71,71,71,71,71,71,71,71,71,71,71,71],"card_choices":[{"not_picked":["Heatsinks","Compile Driver"],"picked":"Streamline","floor":1.0},{"not_picked":["Turbo","Leap"],"picked":"Reinforced Body","floor":2.0},{"not_picked":["Redo","Leap"],"picked":"Compile Driver","floor":6.0},{"not_picked":["Steam Power","Scrape"],"picked":"Doom and Gloom","floor":7.0},{"not_picked":["Leap","Conserve Battery"],"picked":"Skim","floor":10.0},{"not_picked":["Leap","Barrage"],"picked":"Defragment","floor":10.0},{"not_picked":["Barrage","Storm"],"picked":"Rebound","floor":11.0},{"not_picked":["Turbo","Sweeping Beam","Barrage"],"picked":"SKIP","floor":11.0},{"not_picked":["Doom and Gloom","All For One","Redo"],"picked":"SKIP","floor":12.0},{"not_picked":["Stack","Undo"],"picked":"Coolheaded","floor":14.0},{"not_picked":["Cold Snap","Skim"],"picked":"Self Repair","floor":14.0},{"not_picked":["Hyperbeam","Thunder Strike"],"picked":"Echo Form","floor":16.0},{"not_picked":["Conserve Battery","Force Field","Redo"],"picked":"SKIP","floor":18.0},{"not_picked":["Turbo","Redo+1","Reinforced Body"],"picked":"SKIP","floor":18.0},{"not_picked":["Cold Snap","Hello World","White Noise"],"picked":"SKIP","floor":21.0},{"not_picked":["Leap","Darkness","Stack"],"picked":"SKIP","floor":21.0},{"not_picked":["Barrage","Sweeping Beam+1","Ball Lightning"],"picked":"SKIP","floor":23.0},{"not_picked":["Undo","Conserve Battery","Cold Snap"],"picked":"SKIP","floor":23.0},{"not_picked":["Gash+1","Doom and Gloom","Steam+1"],"picked":"SKIP","floor":24.0},{"not_picked":["Ball Lightning","Sunder","Hologram"],"picked":"SKIP","floor":24.0},{"not_picked":["Sweeping Beam","Fusion"],"picked":"Buffer","floor":29.0},{"not_picked":["Barrage","Leap","Compile Driver"],"picked":"SKIP","floor":29.0},{"not_picked":["Rip and Tear","Multi-Cast","Hologram"],"picked":"SKIP","floor":31.0},{"not_picked":["Compile Driver","Rip and Tear","Streamline"],"picked":"SKIP","floor":35.0},{"not_picked":["Storm","Redo","Melter+1"],"picked":"SKIP","floor":35.0},{"not_picked":["Conserve Battery","Stack"],"picked":"Defragment","floor":36.0},{"not_picked":["Conserve Battery","Go for the Eyes"],"picked":"White Noise","floor":36.0},{"not_picked":["Redo","Streamline"],"picked":"Multi-Cast","floor":37.0},{"not_picked":["Tempest","Lockon","Conserve Battery+1"],"picked":"SKIP","floor":37.0},{"not_picked":["Sweeping Beam","Cold Snap","Barrage+1"],"picked":"SKIP","floor":38.0},{"not_picked":["Aggregate+1","Streamline+1","Stack"],"picked":"SKIP","floor":38.0},{"not_picked":["Streamline+1","Turbo","Stack"],"picked":"SKIP","floor":41.0},{"not_picked":["Hologram","Force Field","Compile Driver","Beam Cell"],"picked":"SKIP","floor":44.0},{"not_picked":["Hologram","Redo","Beam Cell","Creative AI"],"picked":"SKIP","floor":45.0},{"not_picked":["Sweeping Beam","Stack","Redo+1","Ball Lightning"],"picked":"SKIP","floor":45.0},{"not_picked":["Good Instincts","Madness","Mind Blast"],"picked":"Apotheosis","floor":46.0},{"not_picked":["Trip","Dramatic Entrance","PanicButton"],"picked":"Deep Breath","floor":46.0},{"not_picked":["HandOfGreed","Impatience","Secret Weapon"],"picked":"Deep Breath","floor":46.0},{"not_picked":["Compile Driver","Gash+1","Ball Lightning","Conserve Battery"],"picked":"SKIP","floor":48},{"not_picked":["Melter","Rip and Tear","Consume+1","Cold Snap"],"picked":"SKIP","floor":48},{"not_picked":["Cold Snap","Coolheaded+1","FTL","Ball Lightning"],"picked":"SKIP","floor":55},{"not_picked":["Cold Snap","FTL","Ball Lightning"],"picked":"Coolheaded+1","floor":55}],"player_experience":551077,"relics_obtained":[{"floor":7.0,"key":"Prayer Wheel"},{"floor":9.0,"key":"Pantograph"},{"floor":12.0,"key":"Sundial"},{"floor":31.0,"key":"Centennial Puzzle"},{"floor":41.0,"key":"Question Card"},{"floor":43.0,"key":"Bottled Flame"},{"floor":44.0,"key":"Shuriken"},{"floor":55,"key":"Oddly Smooth Stone"}],"event_choices":[{"damage_healed":0.0,"max_hp_gain":0.0,"max_hp_loss":0.0,"gold_gain":0.0,"event_name":"Liars Game","player_choice":"Ignored","floor":3.0,"gold_loss":0.0,"damage_taken":0.0},{"damage_healed":0.0,"max_hp_gain":0.0,"max_hp_loss":0.0,"gold_gain":0.0,"event_name":"Scrap Ooze","player_choice":"Success","floor":4.0,"gold_loss":0.0,"damage_taken":26.0,"relics_obtained":["Dream Catcher"]},{"damage_healed":0.0,"max_hp_gain":0.0,"max_hp_loss":0.0,"gold_gain":72.0,"event_name":"Golden Wing","player_choice":"Gained Gold","floor":5.0,"gold_loss":0.0,"damage_taken":0.0},{"cards_removed":["Strike_B"],"damage_healed":0.0,"max_hp_gain":0.0,"max_hp_loss":0.0,"gold_gain":0.0,"event_name":"Purifier","player_choice":"Purged","floor":20.0,"gold_loss":0.0,"damage_taken":0.0},{"damage_healed":0.0,"max_hp_gain":0.0,"max_hp_loss":0.0,"gold_gain":0.0,"event_name":"Accursed Blacksmith","player_choice":"Forge","floor":22.0,"gold_loss":0.0,"damage_taken":0.0,"cards_upgraded":["Defragment"]},{"damage_healed":0.0,"max_hp_gain":0.0,"max_hp_loss":0.0,"gold_gain":0.0,"event_name":"Addict","player_choice":"Obtained Relic","floor":30.0,"gold_loss":85.0,"damage_taken":0.0,"relics_obtained":["Gremlin Horn"]},{"damage_healed":0.0,"max_hp_gain":0.0,"max_hp_loss":0.0,"gold_gain":0.0,"event_name":"Tomb of Lord Red Mask","player_choice":"Ignored","floor":39.0,"gold_loss":0.0,"damage_taken":0.0},{"damage_healed":0.0,"max_hp_gain":0.0,"max_hp_loss":0.0,"gold_gain":0.0,"event_name":"SensoryStone","player_choice":"Memory 3","floor":46.0,"gold_loss":0.0,"damage_taken":10.0}],"is_beta":false,"boss_relics":[{"not_picked":["Cursed Key","Nuclear Battery"],"picked":"Eternal Feather"},{"not_picked":["White Beast Statue","Busted Crown"],"picked":"Lizard Tail"}],"items_purged_floors":[19,27,47],"is_endless":false,"potions_floor_spawned":[1,2,7,12,21,23,38,41,44,45],"ascension_level":20}