{"gold_per_floor":[119,294,244,46,61,61,91,16,42,58,78,78,404,421,421,519,519,534,633,548,567,89,89,109,60,112,127,127,127,145,145,145,145],"floor_reached":33,"playtime":729,"items_purged":["Capacitor","Strike_R"],"score":386,"play_id":"32b13183-1bf4-499b-b9bf-f0e276d0598d","local_time":"20190604184315","is_ascension_mode":true,"campfire_choices":[{"data":"Bash","floor":6.0,"key":"SMITH"},{"data":"Hyperbeam","floor":12.0,"key":"SMITH"},{"data":"Limit Break","floor":15.0,"key":"SMITH"},{"data":"Sucker Punch","floor":23.0,"key":"SMITH"},{"data":"Metallicize","floor":28.0,"key":"SMITH"},{"data":"True Grit","floor":32,"key":"SMITH"}],"neow_cost":"NONE","seed_source_timestamp":42418594364331,"circlet_count":0,"master_deck":["Defend_R","Defend_R","Defend_R","Defend_R","Bash+1","Body Slam","Hyperbeam+1","Limit Break+1","Sucker Punch+1","Double Tap","Dodge and Roll+1","Thunderclap","Metallicize+1","True Grit+1","Spot Weakness","Bite","Bite","Bite","Bite","Bite"],"special_seed":0,"relics":["Black Blood","NeowsBlessing","PrismaticShard","Ice Cream","Bag of Marbles","Old Coin","Singing Bowl","Thread and Needle","Omamori","MutagenicStrength"],"potions_floor_usage":[33,33,33],"damage_taken":[{"damage":0.0,"enemies":"Cultist","floor":1.0,"turns":1.0},{"damage":0.0,"enemies":"Jaw Worm","floor":5.0,"turns":1.0},{"damage":0.0,"enemies":"Lagavulin","floor":7.0,"turns":1.0},{"damage":3.0,"enemies":"Small Slimes","floor":10.0,"turns":3.0},{"damage":0.0,"enemies":"Exordium Wildlife","floor":11.0,"turns":1.0},{"damage":15.0,"enemies":"3 Sentries","floor":13.0,"turns":3.0},{"damage":8.0,"enemies":"Large Slime","floor":14.0,"turns":3.0},{"damage":28.0,"enemies":"Slime Boss","floor":16.0,"turns":7.0},{"damage":45.0,"enemies":"2 Thieves","floor":18.0,"turns":4.0},{"damage":0.0,"enemies":"Spheric Guardian","floor":21.0,"turns":3.0},{"damage":9.0,"enemies":"Centurion and Healer","floor":24.0,"turns":3.0},{"damage":11.0,"enemies":"Snake Plant","floor":27.0,"turns":4.0},{"damage":1,"enemies":"Snecko","floor":30,"turns":4},{"damage":65,"enemies":"Automaton","floor":33,"turns":8}],"seed_played":"-6569482815944943353","potions_obtained":[{"floor":5.0,"key":"Weak Potion"},{"floor":7.0,"key":"EssenceOfSteel"},{"floor":11.0,"key":"FearPotion"},{"floor":14.0,"key":"Regen Potion"},{"floor":21.0,"key":"EntropicBrew"},{"floor":27.0,"key":"AttackPotion"}],"is_trial":false,"path_per_floor":["M","?","?","$","M","R","E","$","T","M","M","R","E","M","R","B",null,"M","?","?","M","$","R","M","$","T","M","R","?","M","?","R","B"],"character_chosen":"IRONCLAD","items_purchased":["PrismaticShard","Thread and Needle","Metallicize","True Grit"],"campfire_rested":0,"item_purchase_floors":[4,22,22,25],"current_hp_per_floor":[80,80,80,80,80,80,80,80,80,80,80,80,71,69,69,47,80,54,54,54,64,64,64,67,67,67,66,66,57,59,59,59,0],"gold":145,"neow_bonus":"THREE_ENEMY_KILL","is_prod":false,"is_daily":false,"chose_seed":false,"campfire_upgraded":6,"win_rate":0,"timestamp":1559666595,"path_taken":["M","?","?","$","M","R","E","$","T","M","M","R","E","M","R","BOSS","M","?","?","M","$","R","M","$","T","?","R","?","M","?","R","BOSS"],"build_version":"2019-01-23","purchased_purges":2,"victory":false,"max_hp_per_floor":[80,80,80,80,80,80,80,80,80,80,80,80,80,80,80,80,80,80,80,80,80,80,80,82,82,82,82,82,57,59,59,59,59],"card_choices":[{"not_picked":["Warcry","Clothesline"],"picked":"Body Slam","floor":1.0},{"not_picked":["Uppercut","Stack"],"picked":"Capacitor","floor":5.0},{"not_picked":["Headbutt","Ball Lightning"],"picked":"Hyperbeam","floor":7.0},{"not_picked":["Heavy Blade","Concentrate","Expertise"],"picked":"SKIP","floor":10.0},{"not_picked":["Underhanded Strike","Blade Dance","Beam Cell"],"picked":"SKIP","floor":11.0},{"not_picked":["Flying Knee","Armaments"],"picked":"Limit Break","floor":13.0},{"not_picked":["Anger","Twin Strike"],"picked":"Sucker Punch","floor":14.0},{"not_picked":["All For One","Reboot"],"picked":"Double Tap","floor":16.0},{"not_picked":["Anger","Deflect"],"picked":"Dodge and Roll+1","floor":18.0},{"not_picked":["Impatience","Storm+1"],"picked":"Thunderclap","floor":21.0},{"not_picked":["Unload","Pommel Strike","Aggregate+1"],"picked":"Singing Bowl","floor":24.0},{"not_picked":["Steam","Go for the Eyes"],"picked":"Spot Weakness","floor":27.0},{"not_picked":["True Grit","Steam","All For One"],"picked":"Singing Bowl","floor":30}],"player_experience":304983,"relics_obtained":[{"floor":7.0,"key":"Ice Cream"},{"floor":9.0,"key":"Bag of Marbles"},{"floor":13.0,"key":"Old Coin"},{"floor":26.0,"key":"Omamori"}],"event_choices":[{"damage_healed":0.0,"max_hp_gain":0.0,"max_hp_loss":0.0,"gold_gain":175.0,"event_name":"Liars Game","player_choice":"AGREE","floor":2.0,"gold_loss":0.0,"damage_taken":0.0,"cards_obtained":["Doubt"]},{"cards_removed":["Doubt"],"damage_healed":0.0,"max_hp_gain":0.0,"max_hp_loss":0.0,"gold_gain":0.0,"event_name":"The Cleric","player_choice":"Card Removal","floor":3.0,"gold_loss":50.0,"damage_taken":0.0},{"damage_healed":0.0,"max_hp_gain":0.0,"max_hp_loss":0.0,"gold_gain":99.0,"event_name":"Nest","player_choice":"Stole From Cult","floor":19.0,"gold_loss":0.0,"damage_taken":0.0},{"damage_healed":0.0,"max_hp_gain":0.0,"max_hp_loss":0.0,"gold_gain":0.0,"event_name":"Addict","player_choice":"Obtained Relic","floor":20.0,"gold_loss":85.0,"damage_taken":0.0,"relics_obtained":["Singing Bowl"]},{"damage_healed":0.0,"max_hp_gain":0.0,"max_hp_loss":25.0,"gold_gain":0.0,"event_name":"Vampires","player_choice":"Became a vampire","floor":29.0,"gold_loss":0.0,"damage_taken":0.0,"cards_obtained":["Bite","Bite","Bite","Bite","Bite"]},{"damage_healed":0,"gold_gain":0,"player_choice":"Inject Mutagens","damage_taken":0,"relics_obtained":["MutagenicStrength"],"max_hp_gain":0,"max_hp_loss":0,"event_name":"Drug Dealer","floor":31,"gold_loss":0}],"is_beta":false,"boss_relics":[{"not_picked":["Fusion Hammer","White Beast Statue"],"picked":"Black Blood"}],"items_purged_floors":[8,22],"is_endless":false,"potions_floor_spawned":[5,7,11,14,21,27],"killed_by":"Automaton","ascension_level":4}