{"path_per_floor":["M","$","?","?","M","R","M","E","T","?","$","?","M","M","R","B"],"character_chosen":"IRONCLAD","items_purchased":["Flex","Inflame"],"gold_per_floor":[212,117,117,117,130,130,149,181,181,356,356,356,375,387,387,488,488],"floor_reached":17,"campfire_rested":0,"playtime":496,"item_purchase_floors":[2,2],"current_hp_per_floor":[80,80,80,80,75,75,80,59,59,59,59,59,44,41,41,8,80],"items_purged":[],"gold":488,"score":180,"play_id":"a3ebdaac-6aa8-40d0-9ad6-0e83fc425fd7","local_time":"20180531121556","is_prod":false,"is_daily":false,"chose_seed":false,"is_ascension_mode":false,"campfire_upgraded":2,"win_rate":0,"timestamp":1527736556,"campfire_choices":[{"data":"True Grit","floor":6,"key":"SMITH"},{"data":"Perfected Strike","floor":15,"key":"SMITH"}],"path_taken":["M","$","?","?","?","R","M","E","T","?","$","?","M","M","R","BOSS"],"build_version":"2018-05-24","seed_source_timestamp":692203334129636,"purchased_purges":0,"victory":false,"master_deck":["Bash","Sword Boomerang","Flex+1","Inflame","True Grit+1","Warcry","Twin Strike","Perfected Strike+1","Seeing Red","Juggernaut","Havoc","Flame Barrier","Twin Strike","Hemokinesis","Battle Trance","Twin Strike","Rage","Combust","Twin Strike"],"max_hp_per_floor":[80,80,80,80,80,80,80,80,80,80,80,80,80,80,80,80,80],"relics":["Burning Blood","Blue Candle","Smiling Mask","Pandora\u0027s Box"],"card_choices":[{"not_picked":["Flame Barrier","Disarm"],"picked":"Sword Boomerang","floor":1},{"not_picked":["Carnage","Wild Strike"],"picked":"True Grit","floor":5},{"not_picked":["Cleave","Burning Pact"],"picked":"Warcry","floor":7},{"not_picked":["Fire Breathing","Cleave"],"picked":"Twin Strike","floor":8},{"not_picked":["Shrug It Off","Pummel"],"picked":"Perfected Strike","floor":13},{"not_picked":["Clothesline","Iron Wave"],"picked":"Seeing Red","floor":14},{"not_picked":["Bludgeon","Fiend Fire"],"picked":"Juggernaut","floor":16}],"player_experience":148716,"potions_floor_usage":[16,16],"damage_taken":[{"damage":6,"enemies":"Cultist","floor":1,"turns":3},{"damage":11,"enemies":"Jaw Worm","floor":5,"turns":3},{"damage":0,"enemies":"2 Louse","floor":7,"turns":2},{"damage":27,"enemies":"3 Sentries","floor":8,"turns":7},{"damage":21,"enemies":"Lots of Slimes","floor":13,"turns":4},{"damage":9,"enemies":"Exordium Wildlife","floor":14,"turns":4},{"damage":39,"enemies":"The Guardian","floor":16,"turns":8}],"relics_obtained":[{"floor":8,"key":"Blue Candle"},{"floor":9,"key":"Smiling Mask"}],"event_choices":[{"event_name":"Upgrade Shrine","player_choice":"Upgraded","floor":3,"damage_taken":0},{"event_name":"The Woman in Blue","player_choice":"Bought 0 Potions","floor":4,"damage_taken":0},{"event_name":"Liars Game","player_choice":"agreed","floor":10,"damage_taken":0},{"event_name":"Purifier","player_choice":"One Purge","floor":12,"damage_taken":0}],"boss_relics":[{"not_picked":["Black Blood","Runic Pyramid"],"picked":"Pandora\u0027s Box"}],"items_purged_floors":[],"potions_floor_spawned":[1,13,14],"seed_played":"-5222874842144844092","ascension_level":0,"potions_obtained":[{"floor":1,"key":"Explosive Potion"},{"floor":13,"key":"AttackPotion"},{"floor":14,"key":"Weak Potion"}],"is_trial":false}