{"gold_per_floor":[119,119,135,135],"floor_reached":4,"playtime":143,"items_purged":[],"score":24,"play_id":"54d7028f-c433-4088-888f-7bf7ba7b87c3","local_time":"20180716233603","daily_mods":["Draft","Heirloom","Allstar","Time Dilation","Elite Swarm"],"is_ascension_mode":false,"campfire_choices":[],"neow_cost":"","seed_source_timestamp":14353558441624,"circlet_count":0,"master_deck":["Ball Lightning","Hologram","Coolheaded","Rip and Tear","Coolheaded","Barrage","Leap","Streamline","Beam Cell","Beam Cell","Sunder","Genetic Algorithm","BootSequence","White Noise","Leap","Hologram"],"relics":["Cracked Core","Torii","CultistMask"],"potions_floor_usage":[],"damage_taken":[{"damage":0,"enemies":"2 Louse","floor":1,"turns":2},{"damage":0,"enemies":"Cultist","floor":3,"turns":3}],"seed_played":"-8929823585092630790","potions_obtained":[{"floor":3,"key":"Dexterity Potion"}],"is_trial":true,"path_per_floor":["M","?","M"],"character_chosen":"DEFECT","items_purchased":[],"campfire_rested":0,"item_purchase_floors":[],"current_hp_per_floor":[75,75,75,75],"gold":135,"neow_bonus":"","is_prod":false,"is_daily":false,"chose_seed":false,"campfire_upgraded":0,"win_rate":0,"timestamp":1531751763,"path_taken":["M","?","M","$"],"build_version":"2018-07-12","purchased_purges":0,"victory":false,"max_hp_per_floor":[75,75,75,75],"card_choices":[{"not_picked":["Sweeping Beam","Heatsinks"],"picked":"Ball Lightning","floor":0},{"not_picked":["Turbo","Blizzard"],"picked":"Hologram","floor":0},{"not_picked":["Barrage","Sweeping Beam"],"picked":"Coolheaded","floor":0},{"not_picked":["Cold Snap","Beam Cell"],"picked":"Rip and Tear","floor":0},{"not_picked":["Steam","Leap"],"picked":"Coolheaded","floor":0},{"not_picked":["Skim","Leap"],"picked":"Barrage","floor":0},{"not_picked":["Sweeping Beam","Stack"],"picked":"Leap","floor":0},{"not_picked":["Undo","Recycle"],"picked":"Streamline","floor":0},{"not_picked":["Rebound","Fusion"],"picked":"Beam Cell","floor":0},{"not_picked":["Steam","Leap"],"picked":"Beam Cell","floor":0},{"not_picked":["Coolheaded","Recycle"],"picked":"Sunder","floor":0},{"not_picked":["Barrage","Cold Snap"],"picked":"Genetic Algorithm","floor":0},{"not_picked":["Redo","Sweeping Beam"],"picked":"BootSequence","floor":0},{"not_picked":["Tempest","Sweeping Beam"],"picked":"White Noise","floor":0},{"not_picked":["Gash","Static Discharge"],"picked":"Leap","floor":0},{"not_picked":["Turbo","Gash"],"picked":"Hologram","floor":1},{"not_picked":["Sunder","Rebound","Compile Driver"],"picked":"SKIP","floor":3}],"player_experience":189011,"relics_obtained":[],"event_choices":[{"event_name":"FaceTrader","player_choice":"Trade","floor":2,"damage_taken":0}],"boss_relics":[],"items_purged_floors":[],"is_endless":false,"potions_floor_spawned":[3],"ascension_level":0}