{"gold_per_floor":[116,131,146,157,220,249,249,265,313,313,338,338,351,351,351,454,454,470,470,470,216,231,259,40,40,40,40,60,60,94,106,106,205,205,218,218,100,113,128,128,61,61,61,80,100,100,119,1,1,1],"floor_reached":51,"playtime":3152,"items_purged":[],"score":956,"play_id":"f622b392-8e94-44be-babf-ae6122bb180c","local_time":"20190603145921","is_ascension_mode":true,"campfire_choices":[{"floor":7.0,"key":"REST"},{"floor":10.0,"key":"REST"},{"floor":12.0,"key":"REST"},{"data":"Cold Snap","floor":15.0,"key":"SMITH"},{"data":"Capacitor","floor":25.0,"key":"SMITH"},{"data":"Hologram","floor":29.0,"key":"SMITH"},{"floor":32.0,"key":"REST"},{"data":"Barrage","floor":40.0,"key":"SMITH"},{"floor":46.0,"key":"REST"},{"floor":49,"key":"REST"}],"neow_cost":"PERCENT_DAMAGE","seed_source_timestamp":113232536429900,"circlet_count":0,"master_deck":["Strike_B","Strike_B","Strike_B","Strike_B","Defend_B","Defend_B","Defend_B","Defend_B","Zap","Dualcast","Electrodynamics","Cold Snap+1","Streamline","Hologram+1","Go for the Eyes","Ball Lightning","Capacitor+1","Barrage+1","Undo","Cold Snap","Buffer+1","Steam+1","Double Energy+1","Hologram+1","Coolheaded+1","Melter+1","Fusion+1","Rainbow+1","Cold Snap+1","Hologram+1","Barrage+1","FTL","Turbo+1","Redo+1","Leap+1"],"special_seed":0,"relics":["Cracked Core","Bottled Flame","Oddly Smooth Stone","Kunai","Eternal Feather","MutagenicStrength","Toxic Egg 2","Omamori","Lee\u0027s Waffle","The Courier","Orichalcum","Inserter","Happy Flower","Bottled Tornado","Boot"],"potions_floor_usage":[50,50],"damage_taken":[{"damage":1.0,"enemies":"Cultist","floor":1.0,"turns":4.0},{"damage":7.0,"enemies":"Jaw Worm","floor":2.0,"turns":3.0},{"damage":0.0,"enemies":"2 Louse","floor":3.0,"turns":2.0},{"damage":21.0,"enemies":"Exordium Thugs","floor":4.0,"turns":4.0},{"damage":14.0,"enemies":"Gremlin Nob","floor":6.0,"turns":3.0},{"damage":11.0,"enemies":"Large Slime","floor":8.0,"turns":4.0},{"damage":16.0,"enemies":"3 Sentries","floor":11.0,"turns":5.0},{"damage":6.0,"enemies":"2 Fungi Beasts","floor":13.0,"turns":3.0},{"damage":14.0,"enemies":"The Guardian","floor":16.0,"turns":9.0},{"damage":11.0,"enemies":"3 Byrds","floor":18.0,"turns":4.0},{"damage":4.0,"enemies":"Shell Parasite","floor":22.0,"turns":8.0},{"damage":43.0,"enemies":"Gremlin Leader","floor":23.0,"turns":10.0},{"damage":6.0,"enemies":"Centurion and Healer","floor":28.0,"turns":8.0},{"damage":21.0,"enemies":"Slavers","floor":30.0,"turns":6.0},{"damage":15.0,"enemies":"Sentry and Sphere","floor":31.0,"turns":4.0},{"damage":55.0,"enemies":"Automaton","floor":33.0,"turns":14.0},{"damage":0.0,"enemies":"Orb Walker","floor":35.0,"turns":4.0},{"damage":11.0,"enemies":"3 Darklings","floor":38.0,"turns":7.0},{"damage":21.0,"enemies":"Transient","floor":39.0,"turns":5.0},{"damage":5.0,"enemies":"Jaw Worm Horde","floor":44.0,"turns":6.0},{"damage":43.0,"enemies":"3 Darklings","floor":45.0,"turns":6.0},{"damage":45,"enemies":"Writhing Mass","floor":47,"turns":11},{"damage":53,"enemies":"Awakened One","floor":50,"turns":22}],"seed_played":"2789715701426417826","potions_obtained":[{"floor":2.0,"key":"Fire Potion"},{"floor":6.0,"key":"Strength Potion"},{"floor":8.0,"key":"Strength Potion"},{"floor":16.0,"key":"EssenceOfSteel"},{"floor":22.0,"key":"FocusPotion"},{"floor":30.0,"key":"AttackPotion"},{"floor":31.0,"key":"FearPotion"},{"floor":35.0,"key":"Weak Potion"},{"floor":39.0,"key":"Swift Potion"},{"floor":45.0,"key":"FearPotion"}],"is_trial":false,"path_per_floor":["M","M","M","M","?","E","R","M","T","R","E","R","M","?","R","B",null,"M","?","?","$","M","E","$","R","T","?","M","R","E","M","R","B",null,"M","?","$","M","M","R","$","?","T","M","M","R","M","$","R","B",null],"character_chosen":"DEFECT","items_purchased":["Toxic Egg 2","Lee\u0027s Waffle","Hologram+1","Happy Flower","FTL","Turbo+1","Boot"],"campfire_rested":6,"item_purchase_floors":[21,24,24,37,41,41,48],"current_hp_per_floor":[49,42,42,21,21,7,29,18,18,40,24,46,40,40,40,26,63,52,52,52,52,48,5,82,82,82,66,60,75,54,39,80,25,72,72,72,72,61,40,58,58,58,58,53,10,55,10,10,55,2],"gold":1,"neow_bonus":"THREE_RARE_CARDS","is_prod":false,"is_daily":false,"chose_seed":false,"campfire_upgraded":4,"win_rate":0,"timestamp":1559599161,"path_taken":["M","M","M","M","?","E","R","M","T","R","E","R","M","?","R","BOSS","M","?","?","$","?","E","$","R","T","?","M","R","E","M","R","BOSS","M","?","$","M","M","R","$","?","T","M","M","R","M","?","R","BOSS"],"build_version":"2019-01-23","purchased_purges":0,"victory":true,"max_hp_per_floor":[75,75,75,75,75,75,75,75,75,75,75,75,75,75,75,75,75,75,75,75,75,75,75,82,82,82,87,87,87,87,87,87,87,87,87,87,87,87,87,87,87,83,83,83,83,83,83,83,83,83],"card_choices":[{"not_picked":["Creative AI","Fission"],"picked":"Electrodynamics","floor":0.0},{"not_picked":["Self Repair","Compile Driver"],"picked":"Cold Snap","floor":1.0},{"not_picked":["Gash","Steam Power"],"picked":"Streamline","floor":2.0},{"not_picked":["Coolheaded","Ball Lightning"],"picked":"Hologram","floor":3.0},{"not_picked":["Darkness","Stack"],"picked":"Go for the Eyes","floor":4.0},{"not_picked":["Gash","Beam Cell"],"picked":"Ball Lightning","floor":6.0},{"not_picked":["Lockon","Reprogram"],"picked":"Capacitor","floor":8.0},{"not_picked":["Beam Cell","Static Discharge"],"picked":"Barrage","floor":11.0},{"not_picked":["Steam Power","Stack"],"picked":"Undo","floor":13.0},{"not_picked":["Echo Form","Meteor Strike"],"picked":"Buffer","floor":16.0},{"not_picked":["Coolheaded","Genetic Algorithm"],"picked":"Steam+1","floor":18.0},{"not_picked":["Rip and Tear","Genetic Algorithm+1"],"picked":"Double Energy+1","floor":22.0},{"not_picked":["Heatsinks","Thunder Strike","Loop"],"picked":"SKIP","floor":23.0},{"not_picked":["Consume+1","Doom and Gloom"],"picked":"Coolheaded+1","floor":28.0},{"not_picked":["Gash","Ball Lightning"],"picked":"Melter+1","floor":30.0},{"not_picked":["Compile Driver","Beam Cell"],"picked":"Fusion+1","floor":31.0},{"not_picked":["Machine Learning","Core Surge"],"picked":"Rainbow+1","floor":33.0},{"not_picked":["Redo+1","Undo+1"],"picked":"Cold Snap+1","floor":35.0},{"not_picked":["Steam+1","Hello World+1"],"picked":"Hologram+1","floor":38.0},{"not_picked":["Rebound+1","Turbo+1"],"picked":"Barrage+1","floor":39.0},{"not_picked":["Barrage","Storm"],"picked":"Redo+1","floor":44.0},{"not_picked":["BootSequence+1","Reinforced Body+1"],"picked":"Leap+1","floor":45.0},{"not_picked":["Sweeping Beam","Double Energy+1","Turbo+1"],"picked":"SKIP","floor":47}],"player_experience":244403,"relics_obtained":[{"floor":6.0,"key":"Bottled Flame"},{"floor":9.0,"key":"Oddly Smooth Stone"},{"floor":11.0,"key":"Kunai"},{"floor":23.0,"key":"Omamori"},{"floor":26.0,"key":"The Courier"},{"floor":30.0,"key":"Orichalcum"},{"floor":43.0,"key":"Bottled Tornado"}],"event_choices":[{"damage_healed":0.0,"max_hp_gain":0.0,"max_hp_loss":0.0,"gold_gain":63.0,"event_name":"Golden Wing","player_choice":"Gained Gold","floor":5.0,"gold_loss":0.0,"damage_taken":0.0},{"damage_healed":0.0,"max_hp_gain":0.0,"max_hp_loss":0.0,"gold_gain":0.0,"event_name":"Match and Keep!","player_choice":"1 cards matched","floor":14.0,"gold_loss":0.0,"damage_taken":0.0,"cards_obtained":["Cold Snap"]},{"damage_healed":0.0,"max_hp_gain":0.0,"max_hp_loss":0.0,"gold_gain":0.0,"event_name":"Drug Dealer","player_choice":"Inject Mutagens","floor":19.0,"gold_loss":0.0,"damage_taken":0.0,"relics_obtained":["MutagenicStrength"]},{"damage_healed":0.0,"max_hp_gain":0.0,"max_hp_loss":0.0,"gold_gain":0.0,"event_name":"Upgrade Shrine","player_choice":"Upgraded","floor":20.0,"gold_loss":0.0,"damage_taken":0.0,"cards_upgraded":["Buffer"]},{"damage_healed":0.0,"max_hp_gain":5.0,"max_hp_loss":0.0,"gold_gain":0.0,"event_name":"Forgotten Altar","player_choice":"Shed Blood","floor":27.0,"gold_loss":0.0,"damage_taken":21.0},{"damage_healed":0.0,"max_hp_gain":0.0,"max_hp_loss":0.0,"gold_gain":0.0,"event_name":"Tomb of Lord Red Mask","player_choice":"Ignored","floor":36.0,"gold_loss":0.0,"damage_taken":0.0},{"damage_healed":0.0,"max_hp_gain":0.0,"max_hp_loss":4.0,"gold_gain":0.0,"event_name":"Winding Halls","player_choice":"Max HP","floor":42.0,"gold_loss":0.0,"damage_taken":0.0}],"is_beta":false,"boss_relics":[{"not_picked":["Pandora\u0027s Box","Astrolabe"],"picked":"Eternal Feather"},{"not_picked":["Sozu","Tiny House"],"picked":"Inserter"}],"items_purged_floors":[],"is_endless":false,"potions_floor_spawned":[2,6,8,16,22,30,31,35,39,45],"ascension_level":8}