{"gold_per_floor":[114,134,147,160,171,171,196,196,196,231,231,231,231,266,266,356,356],"floor_reached":17,"playtime":458,"items_purged":[],"score":500,"play_id":"585e4cd5-370f-48a7-a4d4-4434096572b9","local_time":"20190604205128","is_ascension_mode":true,"campfire_choices":[{"data":"Bash","floor":6.0,"key":"SMITH"},{"data":"Demon Form","floor":8.0,"key":"SMITH"},{"data":"Anger","floor":13.0,"key":"SMITH"},{"data":"Pommel Strike","floor":15.0,"key":"SMITH"}],"neow_cost":"NONE","seed_source_timestamp":0,"circlet_count":0,"master_deck":["AscendersBane","Strike_R","Strike_R","Strike_R","Strike_R","Defend_R","Defend_R","Defend_R","Defend_R","Bash+1","Perfected Strike","Rampage","Reckless Charge","Demon Form+1","Shrug It Off","Anger+1","Rage","Pommel Strike+1","Barricade"],"special_seed":0,"relics":["Burning Blood","Pantograph","FossilizedHelix","Paper Frog","Golden Idol","Pocketwatch"],"potions_floor_usage":[],"damage_taken":[{"damage":2.0,"enemies":"Cultist","floor":1.0,"turns":4.0},{"damage":3.0,"enemies":"Small Slimes","floor":2.0,"turns":3.0},{"damage":0.0,"enemies":"2 Louse","floor":3.0,"turns":2.0},{"damage":1.0,"enemies":"Exordium Wildlife","floor":4.0,"turns":3.0},{"damage":7.0,"enemies":"Large Slime","floor":5.0,"turns":5.0},{"damage":8.0,"enemies":"Gremlin Nob","floor":7.0,"turns":3.0},{"damage":0.0,"enemies":"Lagavulin","floor":10.0,"turns":5.0},{"damage":43.0,"enemies":"3 Sentries","floor":14.0,"turns":11.0},{"damage":0.0,"enemies":"Slime Boss","floor":16.0,"turns":6.0}],"seed_played":"-4534098798560506144","potions_obtained":[{"floor":4.0,"key":"FearPotion"},{"floor":10.0,"key":"BloodPotion"},{"floor":14.0,"key":"Regen Potion"}],"is_trial":false,"path_per_floor":["M","M","M","M","M","R","E","R","T","E","?","?","R","E","R","B",null],"character_chosen":"IRONCLAD","items_purchased":[],"campfire_rested":0,"item_purchase_floors":[],"current_hp_per_floor":[72,75,75,75,74,74,72,72,72,75,49,49,49,19,19,50,50],"gold":356,"neow_bonus":"TRANSFORM_CARD","is_prod":false,"is_daily":false,"chose_seed":false,"campfire_upgraded":4,"win_rate":0,"timestamp":1559656288,"path_taken":["M","M","M","M","M","R","E","R","T","E","?","?","R","E","R","BOSS"],"build_version":"2019-01-23","purchased_purges":0,"victory":false,"max_hp_per_floor":[75,75,75,75,75,75,75,75,75,75,75,75,75,75,75,75,75],"card_choices":[{"not_picked":["Clothesline","Warcry"],"picked":"Perfected Strike","floor":1.0},{"not_picked":["Twin Strike","Sword Boomerang"],"picked":"Rampage","floor":2.0},{"not_picked":["Heavy Blade","Iron Wave","Sentinel"],"picked":"SKIP","floor":3.0},{"not_picked":["Flex","Searing Blow"],"picked":"Reckless Charge","floor":4.0},{"not_picked":["Sword Boomerang","Dropkick"],"picked":"Demon Form","floor":5.0},{"not_picked":["Searing Blow","Clothesline"],"picked":"Shrug It Off","floor":7.0},{"not_picked":["Sword Boomerang","Twin Strike"],"picked":"Anger","floor":10.0},{"not_picked":["Dual Wield","Sword Boomerang"],"picked":"Pommel Strike","floor":14.0},{"not_picked":["Exhume","Dark Embrace"],"picked":"Barricade","floor":16.0}],"player_experience":546621,"relics_obtained":[{"floor":7.0,"key":"Pantograph"},{"floor":9.0,"key":"FossilizedHelix"},{"floor":10.0,"key":"Paper Frog"},{"floor":14.0,"key":"Pocketwatch"}],"event_choices":[{"damage_healed":0.0,"max_hp_gain":0.0,"max_hp_loss":0.0,"gold_gain":0.0,"event_name":"Golden Idol","player_choice":"Take Damage","floor":11.0,"gold_loss":0.0,"damage_taken":26.0,"relics_obtained":["Golden Idol"]},{"damage_healed":0.0,"max_hp_gain":0.0,"max_hp_loss":0.0,"gold_gain":0.0,"cards_transformed":["Perfected Strike"],"event_name":"Transmorgrifier","player_choice":"Transformed","floor":12.0,"gold_loss":0.0,"damage_taken":0.0,"cards_obtained":["Rage"]}],"is_beta":false,"boss_relics":[],"items_purged_floors":[],"is_endless":false,"potions_floor_spawned":[4,10,14,16],"ascension_level":20}