{"gold_per_floor":[119,21,33,33,48,48,65,79,104,104,135,18,51,122,122,221,221,235,235,235,235,246,276,289,115,184,208,208,240,260,277,277,379,379,392,412,425,445,230,259,259,259,328,343,354,381,396,19,19,19,19,19,19,49,49],"floor_reached":55,"playtime":1864,"items_purged":["Shame","Strike_R","Defend_R"],"score":861,"play_id":"8c5c4f0f-ec19-467c-a15b-6396f9d81ab4","local_time":"20181126191407","is_ascension_mode":false,"campfire_choices":[{"data":"Body Slam","floor":6,"key":"SMITH"},{"data":"Armaments","floor":10,"key":"SMITH"},{"floor":15,"key":"RECALL"},{"floor":32,"key":"REST"},{"floor":41,"key":"REST"},{"floor":49,"key":"REST"},{"floor":52,"key":"REST"}],"neow_cost":"CURSE","seed_source_timestamp":14546410082545,"circlet_count":0,"master_deck":["Strike_R","Strike_R","Strike_R","Defend_R","Defend_R","Defend_R","Bash","Pommel Strike","Body Slam+1","Armaments+1","Shrug It Off","Anger","Inflame","Thunderclap","Ghostly Armor","Iron Wave","Demon Form","Body Slam","Necronomicurse","Iron Wave","Metallicize","Heavy Blade","Whirlwind","Flex+1","Limit Break","Seeing Red+1","Madness","Armaments","Ghostly Armor+1","Whirlwind+1"],"relics":["Burning Blood","Incense Burner","Dream Catcher","Bag of Preparation","Bottled Tornado","Question Card","Fusion Hammer","Necronomicon","Singing Bowl","Darkstone Periapt","PreservedInsect","Blood Vial","Busted Crown","Magic Flower","Meat on the Bone","Oddly Smooth Stone","Chemical X","War Paint"],"potions_floor_usage":[3,11,23,29,30,33,37,37,42,46,48,50,55],"damage_taken":[{"damage":9,"enemies":"Cultist","floor":1,"turns":4},{"damage":0,"enemies":"2 Louse","floor":3,"turns":1},{"damage":0,"enemies":"Small Slimes","floor":5,"turns":4},{"damage":10,"enemies":"Looter","floor":7,"turns":3},{"damage":2,"enemies":"3 Louse","floor":8,"turns":4},{"damage":0,"enemies":"Gremlin Nob","floor":11,"turns":3},{"damage":9,"enemies":"3 Sentries","floor":13,"turns":6},{"damage":56,"enemies":"Hexaghost","floor":16,"turns":11},{"damage":0,"enemies":"Shell Parasite","floor":18,"turns":3},{"damage":0,"enemies":"3 Byrds","floor":22,"turns":5},{"damage":3,"enemies":"Book of Stabbing","floor":23,"turns":5},{"damage":21,"enemies":"Snake Plant","floor":24,"turns":5},{"damage":14,"enemies":"Slavers","floor":29,"turns":3},{"damage":2,"enemies":"Centurion and Healer","floor":30,"turns":2},{"damage":0,"enemies":"Snecko","floor":31,"turns":4},{"damage":15,"enemies":"Collector","floor":33,"turns":6},{"damage":0,"enemies":"3 Darklings","floor":35,"turns":2},{"damage":19,"enemies":"3 Shapes","floor":36,"turns":2},{"damage":10,"enemies":"Transient","floor":37,"turns":5},{"damage":0,"enemies":"3 Darklings","floor":38,"turns":1},{"damage":69,"enemies":"Reptomancer","floor":40,"turns":5},{"damage":0,"enemies":"Spire Growth","floor":42,"turns":2},{"damage":33,"enemies":"Writhing Mass","floor":44,"turns":6},{"damage":0,"enemies":"Jaw Worm Horde","floor":45,"turns":1},{"damage":25,"enemies":"Giant Head","floor":46,"turns":6},{"damage":14,"enemies":"Sphere and 2 Shapes","floor":47,"turns":7},{"damage":74,"enemies":"Awakened One","floor":50,"turns":10},{"damage":32,"enemies":"Shield and Spear","floor":54,"turns":5},{"damage":95,"enemies":"The Heart","floor":55,"turns":6}],"seed_played":"4555865918458853606","potions_obtained":[{"floor":1,"key":"Explosive Potion"},{"floor":3,"key":"Strength Potion"},{"floor":8,"key":"Energy Potion"},{"floor":11,"key":"SpeedPotion"},{"floor":16,"key":"Block Potion"},{"floor":23,"key":"Strength Potion"},{"floor":24,"key":"Explosive Potion"},{"floor":29,"key":"SkillPotion"},{"floor":31,"key":"Block Potion"},{"floor":36,"key":"Explosive Potion"},{"floor":38,"key":"SmokeBomb"},{"floor":40,"key":"Strength Potion"},{"floor":44,"key":"SkillPotion"}],"is_trial":false,"path_per_floor":["M","$","M","?","M","R","M","M","T","R","E","$","E","T","R","B",null,"M","?","?","?","M","E","M","$","T","T","?","E","M","M","R","B",null,"M","M","M","M","$","E","R","M","T","M","M","E","M","$","R","B",null,"R","$","E","B"],"character_chosen":"IRONCLAD","items_purchased":["Body Slam","Ghostly Armor","Iron Wave","Metallicize","Madness","Chemical X","Armaments","Ghostly Armor","Fruit Juice"],"campfire_rested":4,"item_purchase_floors":[2,12,12,25,39,48,48,48,48],"current_hp_per_floor":[77,77,80,80,80,80,76,80,80,80,80,80,77,77,77,27,80,80,80,64,64,70,75,62,62,62,62,62,54,62,70,88,79,88,90,77,77,87,87,28,58,70,70,69,83,72,72,77,112,66,113,115,115,92,0],"gold":49,"neow_bonus":"ONE_RARE_RELIC","is_prod":false,"is_daily":false,"chose_seed":false,"campfire_upgraded":2,"win_rate":0,"timestamp":1543256047,"path_taken":["M","$","M","?","M","R","?","?","T","R","E","$","E","?","R","BOSS","M","?","?","?","M","E","M","$","T","?","?","E","M","M","R","BOSS","M","M","?","?","?","E","R","M","T","M","M","E","M","$","R","BOSS","R","$","E","BOSS"],"build_version":"2018-11-15","purchased_purges":3,"victory":false,"max_hp_per_floor":[80,80,80,80,80,80,80,80,80,80,80,80,80,80,80,80,80,80,80,80,80,80,82,84,84,84,84,84,84,86,86,88,88,88,90,90,92,94,94,96,98,98,98,100,102,104,106,111,113,113,113,115,115,115,115],"card_choices":[{"not_picked":["Sentinel","Reckless Charge"],"picked":"Pommel Strike","floor":1},{"not_picked":["Searing Blow","Heavy Blade"],"picked":"Armaments","floor":3},{"not_picked":["Battle Trance","Second Wind"],"picked":"Shrug It Off","floor":5},{"not_picked":["Rupture","Twin Strike"],"picked":"Anger","floor":7},{"not_picked":["Sever Soul","Dual Wield"],"picked":"Inflame","floor":8},{"not_picked":["Flame Barrier","Dual Wield"],"picked":"Thunderclap","floor":11},{"not_picked":["Warcry","True Grit","Burning Pact"],"picked":"SKIP","floor":13},{"not_picked":["Feed","Bludgeon","Reaper"],"picked":"Demon Form","floor":16},{"not_picked":["Blood for Blood","Clothesline","Battle Trance","Havoc"],"picked":"SKIP","floor":18},{"not_picked":["True Grit","Entrench","Warcry"],"picked":"Iron Wave","floor":22},{"not_picked":["Seeing Red","Infernal Blade","Havoc+1","Clothesline"],"picked":"Singing Bowl","floor":23},{"not_picked":["Pummel+1","Sword Boomerang","Hemokinesis","Wild Strike"],"picked":"Singing Bowl","floor":24},{"not_picked":["Headbutt+1","Evolve+1","Cleave+1"],"picked":"Whirlwind","floor":29},{"not_picked":["Feel No Pain","Havoc+1","Heavy Blade","Anger"],"picked":"Singing Bowl","floor":30},{"not_picked":["Corruption","Blood for Blood+1","Clothesline"],"picked":"Flex","floor":31},{"not_picked":["Double Tap","Body Slam","Armaments","Sword Boomerang+1"],"picked":"Singing Bowl","floor":32},{"not_picked":["Impervious","Bludgeon","Reaper"],"picked":"Limit Break","floor":33},{"not_picked":["Cleave","Sword Boomerang+1"],"picked":"Singing Bowl","floor":35},{"not_picked":["Cleave+1"],"picked":"Seeing Red+1","floor":36},{"not_picked":["Rampage","Warcry"],"picked":"Singing Bowl","floor":37},{"not_picked":["Sever Soul","Headbutt+1"],"picked":"Singing Bowl","floor":38},{"not_picked":["Headbutt+1","Power Through+1"],"picked":"Singing Bowl","floor":40},{"not_picked":["Twin Strike","Armaments"],"picked":"Singing Bowl","floor":41},{"not_picked":["Twin Strike+1","Anger+1"],"picked":"Singing Bowl","floor":44},{"not_picked":["Clash+1","Sword Boomerang+1"],"picked":"Singing Bowl","floor":45},{"not_picked":["Pommel Strike","Headbutt"],"picked":"Singing Bowl","floor":46},{"not_picked":["Pummel","Dark Embrace"],"picked":"Singing Bowl","floor":47},{"not_picked":["Clash","Twin Strike"],"picked":"Singing Bowl","floor":49},{"not_picked":["Sword Boomerang+1","Second Wind+1"],"picked":"Singing Bowl","floor":52},{"not_picked":["Metallicize"],"picked":"Whirlwind+1","floor":54}],"player_experience":144097,"relics_obtained":[{"floor":11,"key":"Bag of Preparation"},{"floor":13,"key":"Bottled Tornado"},{"floor":14,"key":"Question Card"},{"floor":20,"key":"Necronomicon"},{"floor":23,"key":"Singing Bowl"},{"floor":26,"key":"Darkstone Periapt"},{"floor":27,"key":"PreservedInsect"},{"floor":29,"key":"Blood Vial"},{"floor":40,"key":"Magic Flower"},{"floor":43,"key":"Meat on the Bone"},{"floor":46,"key":"Oddly Smooth Stone"},{"floor":54,"key":"War Paint"}],"event_choices":[{"damage_healed":0,"gold_gain":0,"player_choice":"Gave Potion","damage_taken":0,"relics_obtained":["Dream Catcher"],"max_hp_gain":0,"max_hp_loss":0,"event_name":"WeMeetAgain","floor":4,"gold_loss":0},{"damage_healed":0,"gold_gain":0,"player_choice":"Read","damage_taken":0,"max_hp_gain":0,"max_hp_loss":0,"event_name":"The Library","floor":19,"gold_loss":0,"cards_obtained":["Body Slam"]},{"damage_healed":0,"gold_gain":0,"player_choice":"Obtained Book","damage_taken":16,"max_hp_gain":0,"max_hp_loss":0,"event_name":"Cursed Tome","floor":20,"gold_loss":0},{"damage_healed":0,"gold_gain":0,"player_choice":"Ignored","damage_taken":0,"max_hp_gain":0,"max_hp_loss":0,"event_name":"Ghosts","floor":21,"gold_loss":0},{"damage_healed":0,"gold_gain":0,"cards_transformed":["Strike_R"],"player_choice":"Transformed","damage_taken":0,"max_hp_gain":0,"max_hp_loss":0,"event_name":"Transmorgrifier","floor":28,"gold_loss":0,"cards_obtained":["Heavy Blade"]}],"is_beta":false,"boss_relics":[{"not_picked":["Eternal Feather","Lizard Tail"],"picked":"Fusion Hammer"},{"not_picked":["Orrery","Runic Cube"],"picked":"Busted Crown"}],"items_purged_floors":[2,25,39],"is_endless":false,"potions_floor_spawned":[1,3,8,11,16,23,24,29,31,36,38,40,44,45],"killed_by":"The Heart","ascension_level":0}