{"gold_per_floor":[116,136,153,153,28,28,46,71,152,168,168,203,203,226,226,357,357,376,25,40,59,59,59,92,92,117,136,151,151,11,11,11,130,130,149,149,168,18,18,18,18,18,18,18,18,36,36,51,51,51],"floor_reached":50,"playtime":1855,"items_purged":["Strike_G"],"score":520,"play_id":"c4e9d927-77e9-4928-985c-52e1ece88ce9","local_time":"20181117180706","is_ascension_mode":false,"campfire_choices":[{"floor":6,"key":"REST"},{"floor":15,"key":"REST"},{"floor":23,"key":"REST"},{"floor":25,"key":"REST"},{"floor":29,"key":"REST"},{"floor":32,"key":"REST"},{"floor":40,"key":"REST"},{"floor":42,"key":"REST"},{"floor":49,"key":"REST"}],"neow_cost":"NONE","seed_source_timestamp":210299753423316,"circlet_count":0,"master_deck":["Defend_G","Defend_G","Defend_G","Strike_G","Strike_G","Strike_G","Survivor","Neutralize","Bane","Infinite Blades","Terror","Iron Wave","Deadly Poison","Prepared","Cloak And Dagger","Catalyst","Footwork","Injury","Backflip","Envenom","Writhe","Skewer+1","Dodge and Roll+1","Cloak And Dagger","Dagger Spray","Footwork","Jack Of All Trades","Blade Dance","Dagger Spray","Distraction+1","Predator+1","Dagger Spray","Bane+1","Dagger Spray","Cloak And Dagger","Apotheosis","Corpse Explosion","Caltrops+1","Bouncing Flask+1","Madness","Madness","Blade Dance+1","Panache","Mind Blast","Panache","Catalyst+1","Footwork+1","Caltrops+1"],"relics":["Fusion Hammer","Prayer Wheel","Sundial","Bag of Marbles","The Courier","Golden Idol","Astrolabe","Thread and Needle","Ornamental Fan","Pen Nib","Eternal Feather","Incense Burner"],"potions_floor_usage":[18,24,24,24,33,46,50,50],"damage_taken":[{"damage":0,"enemies":"Jaw Worm","floor":1,"turns":4},{"damage":1,"enemies":"Cultist","floor":2,"turns":4},{"damage":4,"enemies":"2 Louse","floor":3,"turns":3},{"damage":2,"enemies":"2 Fungi Beasts","floor":7,"turns":3},{"damage":10,"enemies":"3 Sentries","floor":8,"turns":8},{"damage":12,"enemies":"Exordium Thugs","floor":10,"turns":5},{"damage":12,"enemies":"Lagavulin","floor":12,"turns":7},{"damage":1,"enemies":"Blue Slaver","floor":14,"turns":4},{"damage":25,"enemies":"Hexaghost","floor":16,"turns":9},{"damage":15,"enemies":"Chosen","floor":18,"turns":6},{"damage":11,"enemies":"2 Thieves","floor":20,"turns":4},{"damage":32,"enemies":"Snake Plant","floor":21,"turns":3},{"damage":15,"enemies":"Slavers","floor":24,"turns":5},{"damage":1,"enemies":"Centurion and Healer","floor":27,"turns":8},{"damage":0,"enemies":"Snecko","floor":28,"turns":3},{"damage":27,"enemies":"Automaton","floor":33,"turns":7},{"damage":25,"enemies":"3 Shapes","floor":35,"turns":5},{"damage":30,"enemies":"3 Darklings","floor":37,"turns":4},{"damage":0,"enemies":"Transient","floor":46,"turns":5},{"damage":33,"enemies":"Writhing Mass","floor":48,"turns":4},{"damage":70,"enemies":"Awakened One","floor":50,"turns":7}],"seed_played":"8963808348226862198","potions_obtained":[{"floor":2,"key":"Strength Potion"},{"floor":8,"key":"Strength Potion"},{"floor":16,"key":"Regen Potion"},{"floor":21,"key":"SpeedPotion"},{"floor":22,"key":"Poison Potion"},{"floor":27,"key":"PowerPotion"},{"floor":37,"key":"Fire Potion"},{"floor":46,"key":"Energy Potion"},{"floor":48,"key":"Strength Potion"}],"is_trial":false,"path_per_floor":["M","M","M","?","$","R","M","E","T","M","?","E","?","M","R","B",null,"M","$","M","M","?","R","E","R","T","M","M","R","$","$","R","B",null,"M","?","M","$","?","R","$","R","T","$","?","M","$","M","R","B"],"character_chosen":"THE_SILENT","items_purchased":["Deadly Poison","Thread and Needle","Footwork","Jack Of All Trades","Apotheosis","Panache"],"campfire_rested":9,"item_purchase_floors":[5,19,19,19,30,38],"current_hp_per_floor":[70,69,65,65,65,70,68,58,58,46,46,34,34,33,54,29,70,60,60,49,17,17,38,23,44,44,43,43,64,64,64,70,43,70,45,36,6,6,6,51,51,70,70,70,70,70,70,37,70,0],"gold":51,"neow_bonus":"BOSS_RELIC","is_prod":false,"is_daily":false,"chose_seed":false,"campfire_upgraded":0,"win_rate":0,"timestamp":1542474426,"path_taken":["M","M","M","?","$","R","?","E","T","M","?","E","?","M","R","BOSS","M","$","M","M","?","R","E","R","T","M","M","R","?","$","R","BOSS","M","?","M","$","?","R","?","R","T","$","?","?","?","M","R","BOSS"],"build_version":"2018-11-15","purchased_purges":1,"victory":false,"max_hp_per_floor":[70,70,70,70,70,70,70,70,70,70,70,70,70,70,70,70,70,70,70,70,70,70,70,70,70,70,70,70,70,70,70,70,70,70,70,70,70,70,70,70,70,70,70,70,70,70,70,70,70,70],"card_choices":[{"not_picked":["Setup","Underhanded Strike"],"picked":"Bane","floor":1},{"not_picked":["Eviscerate","Dagger Spray"],"picked":"Infinite Blades","floor":2},{"not_picked":["Backflip","Dodge and Roll"],"picked":"Terror","floor":3},{"not_picked":["Sucker Punch","Concentrate"],"picked":"Prepared","floor":7},{"not_picked":["Choke","Blade Dance"],"picked":"Cloak And Dagger","floor":8},{"not_picked":["Night Terror","Prepared"],"picked":"Catalyst","floor":10},{"not_picked":["Cloak And Dagger","Flechettes"],"picked":"Footwork","floor":10},{"not_picked":["Deflect","Skewer","Tactician"],"picked":"SKIP","floor":12},{"not_picked":["PiercingWail","Finisher"],"picked":"Backflip","floor":14},{"not_picked":["Slice","PiercingWail","Underhanded Strike"],"picked":"SKIP","floor":14},{"not_picked":["Doppelganger","Burst"],"picked":"Envenom","floor":16},{"not_picked":["Backflip","Slice+1"],"picked":"Cloak And Dagger","floor":18},{"not_picked":["Choke","Deflect"],"picked":"Dagger Spray","floor":18},{"not_picked":["Finisher","Quick Slash+1"],"picked":"Blade Dance","floor":20},{"not_picked":["Calculated Gamble","Backstab","Blur"],"picked":"SKIP","floor":20},{"not_picked":["Dagger Throw+1","Deflect+1"],"picked":"Dagger Spray","floor":21},{"not_picked":["Deflect","Well Laid Plans"],"picked":"Distraction+1","floor":21},{"not_picked":["Riddle With Holes+1","Tactician"],"picked":"Predator+1","floor":24},{"not_picked":["Dagger Throw+1","Wraith Form v2"],"picked":"Dagger Spray","floor":27},{"not_picked":["Acrobatics","Dagger Throw"],"picked":"Bane+1","floor":27},{"not_picked":["Bane","Heel Hook"],"picked":"Dagger Spray","floor":28},{"not_picked":["Predator+1","Deflect+1"],"picked":"Cloak And Dagger","floor":28},{"not_picked":["Unload","Grand Finale"],"picked":"Corpse Explosion","floor":33},{"not_picked":["Underhanded Strike+1","Blade Dance"],"picked":"Caltrops+1","floor":35},{"not_picked":["Poisoned Stab+1","Catalyst"],"picked":"Bouncing Flask+1","floor":35},{"not_picked":["Slice+1","Cloak And Dagger"],"picked":"Blade Dance+1","floor":37},{"not_picked":["Deflect","Choke","Expertise+1"],"picked":"SKIP","floor":37},{"not_picked":["Enlightenment","Panacea"],"picked":"Mind Blast","floor":39},{"not_picked":["Prepared","Blade Dance"],"picked":"Catalyst+1","floor":46},{"not_picked":["Quick Slash","Sucker Punch+1","Predator+1"],"picked":"SKIP","floor":46},{"not_picked":["Wraith Form v2","Reflex+1"],"picked":"Footwork+1","floor":48},{"not_picked":["Underhanded Strike+1","Masterful Stab"],"picked":"Caltrops+1","floor":48}],"player_experience":111750,"relics_obtained":[{"floor":8,"key":"Prayer Wheel"},{"floor":9,"key":"Sundial"},{"floor":12,"key":"The Courier"},{"floor":24,"key":"Ornamental Fan"},{"floor":26,"key":"Pen Nib"},{"floor":43,"key":"Incense Burner"}],"event_choices":[{"cards_removed":["Defend_G"],"damage_healed":0,"gold_gain":0,"player_choice":"Took Card","damage_taken":0,"max_hp_gain":0,"max_hp_loss":0,"event_name":"NoteForYourself","floor":4,"gold_loss":0,"cards_obtained":["Iron Wave"]},{"damage_healed":0,"gold_gain":0,"player_choice":"Box","damage_taken":0,"relics_obtained":["Bag of Marbles"],"max_hp_gain":0,"max_hp_loss":0,"event_name":"Big Fish","floor":11,"gold_loss":0,"cards_obtained":["Regret"]},{"damage_healed":0,"gold_gain":0,"player_choice":"Take Wound","damage_taken":0,"relics_obtained":["Golden Idol"],"max_hp_gain":0,"max_hp_loss":0,"event_name":"Golden Idol","floor":13,"gold_loss":0,"cards_obtained":["Injury"]},{"damage_healed":0,"gold_gain":0,"player_choice":"Got Potions","damage_taken":0,"max_hp_gain":0,"max_hp_loss":0,"event_name":"Lab","floor":22,"gold_loss":0},{"damage_healed":0,"gold_gain":0,"player_choice":"Embrace Madness","damage_taken":9,"max_hp_gain":0,"max_hp_loss":0,"event_name":"Winding Halls","floor":36,"gold_loss":0,"cards_obtained":["Madness","Madness"]},{"damage_healed":0,"gold_gain":0,"player_choice":"Memory 1","damage_taken":0,"max_hp_gain":0,"max_hp_loss":0,"event_name":"SensoryStone","floor":39,"gold_loss":0},{"damage_healed":0,"gold_gain":0,"player_choice":"Copied","damage_taken":0,"max_hp_gain":0,"max_hp_loss":0,"event_name":"Duplicator","floor":45,"gold_loss":0,"cards_obtained":["Panache"]}],"is_beta":false,"boss_relics":[{"not_picked":["Runic Dome","Snecko Eye"],"picked":"Astrolabe"},{"not_picked":["Cursed Key","Sozu"],"picked":"Eternal Feather"}],"items_purged_floors":[5],"is_endless":false,"potions_floor_spawned":[2,8,16,21,27,37,46,48],"killed_by":"Awakened One","ascension_level":0}