{"gold_per_floor":[112,37,37,37,51,78,78,93,93,93,126,126,137,148,148,148],"floor_reached":16,"playtime":661,"items_purged":["Strike_B"],"score":230,"play_id":"484d5d59-b05c-4d7a-8a31-9e7557d28e50","local_time":"20190521202621","is_ascension_mode":true,"campfire_choices":[{"data":"Core Surge","floor":7,"key":"SMITH"},{"floor":10,"key":"REST"},{"floor":12,"key":"REST"},{"floor":15,"key":"REST"}],"neow_cost":"NONE","seed_source_timestamp":67466115525533,"circlet_count":0,"master_deck":["AscendersBane","Strike_B","Strike_B","Defend_B","Defend_B","Defend_B","Defend_B","Zap","Dualcast","Go for the Eyes","Core Surge+1","Blizzard"],"relics":["Cracked Core","NeowsBlessing","Ancient Tea Set","Pear","Pantograph"],"potions_floor_usage":[11],"damage_taken":[{"damage":0,"enemies":"2 Louse","floor":1,"turns":1},{"damage":0,"enemies":"Cultist","floor":5,"turns":1},{"damage":0,"enemies":"3 Sentries","floor":6,"turns":1},{"damage":9,"enemies":"Jaw Worm","floor":8,"turns":2},{"damage":37,"enemies":"Gremlin Nob","floor":11,"turns":5},{"damage":19,"enemies":"Large Slime","floor":13,"turns":6},{"damage":8,"enemies":"Blue Slaver","floor":14,"turns":3},{"damage":82,"enemies":"Slime Boss","floor":16,"turns":11}],"seed_played":"-8085730703528494102","potions_obtained":[{"floor":1,"key":"Energy Potion"},{"floor":5,"key":"Explosive Potion"},{"floor":13,"key":"Explosive Potion"}],"is_trial":false,"path_per_floor":["M","$","?","$","M","E","R","M","T","R","E","R","M","M","R","B"],"character_chosen":"DEFECT","items_purchased":[],"campfire_rested":3,"item_purchase_floors":[],"current_hp_per_floor":[64,64,64,64,64,64,64,55,65,81,44,68,49,41,65,0],"gold":148,"neow_bonus":"THREE_ENEMY_KILL","is_prod":false,"is_daily":false,"chose_seed":false,"campfire_upgraded":1,"win_rate":0,"timestamp":1558495581,"path_taken":["M","$","?","$","?","E","R","M","T","R","E","R","M","M","R","BOSS"],"build_version":"2019-01-23","purchased_purges":1,"victory":false,"max_hp_per_floor":[71,71,71,71,71,71,71,71,81,81,81,81,81,81,81,81],"card_choices":[{"not_picked":["Hello World","FTL"],"picked":"Go for the Eyes","floor":1},{"not_picked":["Stack","Rip and Tear","Barrage"],"picked":"SKIP","floor":5},{"not_picked":["Beam Cell","Sunder","Barrage"],"picked":"SKIP","floor":6},{"not_picked":["Static Discharge","Leap","Hologram"],"picked":"SKIP","floor":8},{"not_picked":["Storm","Aggregate"],"picked":"Blizzard","floor":11},{"not_picked":["Sweeping Beam","Ball Lightning","Storm"],"picked":"SKIP","floor":13},{"not_picked":["Hologram","Redo","Beam Cell"],"picked":"SKIP","floor":14}],"player_experience":669033,"relics_obtained":[{"floor":6,"key":"Ancient Tea Set"},{"floor":9,"key":"Pear"},{"floor":11,"key":"Pantograph"}],"event_choices":[{"damage_healed":0,"gold_gain":0,"cards_transformed":["Strike_B"],"player_choice":"Transformed","damage_taken":0,"max_hp_gain":0,"max_hp_loss":0,"event_name":"Transmorgrifier","floor":3,"gold_loss":0,"cards_obtained":["Core Surge"]}],"is_beta":false,"boss_relics":[],"items_purged_floors":[2],"is_endless":false,"potions_floor_spawned":[1,5,13],"killed_by":"Slime Boss","ascension_level":14}