{"gold_per_floor":[118,130,305,321,340,373,373,407,407,407,407,447,462,481,481,606,606,627,627,374,388,408,408,408],"floor_reached":24,"playtime":1053,"items_purged":["Strike_R"],"score":262,"play_id":"1548a816-cb7c-4f67-9b18-8242b8ef490d","local_time":"20190524234240","is_ascension_mode":true,"campfire_choices":[{"data":"Inflame","floor":7.0,"key":"SMITH"},{"data":"Cleave","floor":11.0,"key":"SMITH"},{"floor":15.0,"key":"REST"},{"floor":23.0,"key":"REST"}],"neow_cost":"NONE","seed_source_timestamp":283351703264800,"circlet_count":0,"master_deck":["Strike_R","Strike_R","Strike_R","Strike_R","Defend_R","Defend_R","Defend_R","Defend_R","Bash","Clothesline","Doubt","Inflame+1","Cleave+1","Headbutt","Iron Wave","Juggernaut","Shrug It Off","Flame Barrier"],"special_seed":0,"relics":["Burning Blood","Turnip","Bottled Flame","WingedGreaves","Golden Idol","Magic Flower","Sozu","MutagenicStrength","Red Skull"],"potions_floor_usage":[],"damage_taken":[{"damage":6.0,"enemies":"Jaw Worm","floor":1.0,"turns":5.0},{"damage":3.0,"enemies":"2 Louse","floor":2.0,"turns":2.0},{"damage":4.0,"enemies":"Small Slimes","floor":4.0,"turns":4.0},{"damage":19.0,"enemies":"3 Louse","floor":5.0,"turns":5.0},{"damage":20.0,"enemies":"Gremlin Nob","floor":6.0,"turns":4.0},{"damage":25.0,"enemies":"Lagavulin","floor":8.0,"turns":7.0},{"damage":25.0,"enemies":"Gremlin Nob","floor":12.0,"turns":4.0},{"damage":8.0,"enemies":"Large Slime","floor":13.0,"turns":6.0},{"damage":7.0,"enemies":"Lots of Slimes","floor":14.0,"turns":2.0},{"damage":53.0,"enemies":"The Guardian","floor":16.0,"turns":17.0},{"damage":31.0,"enemies":"Shell Parasite","floor":18.0,"turns":6.0},{"damage":18.0,"enemies":"Chosen","floor":21.0,"turns":5.0},{"damage":37.0,"enemies":"3 Cultists","floor":22.0,"turns":5.0},{"damage":52,"enemies":"Gremlin Leader","floor":24,"turns":4}],"seed_played":"8290578049456941412","potions_obtained":[{"floor":4.0,"key":"Fire Potion"},{"floor":6.0,"key":"EntropicBrew"},{"floor":8.0,"key":"Regen Potion"},{"floor":12.0,"key":"FearPotion"},{"floor":13.0,"key":"Weak Potion"}],"is_trial":false,"path_per_floor":["M","M","?","M","M","E","R","E","T","?","R","E","M","M","R","B",null,"M","?","$","M","M","R","E"],"character_chosen":"IRONCLAD","items_purchased":["Shrug It Off","Red Skull"],"campfire_rested":2,"item_purchase_floors":[20,20],"current_hp_per_floor":[88,88,88,88,75,61,61,42,42,42,42,23,24,26,50,30,81,59,59,59,50,22,46,0],"gold":408,"neow_bonus":"TEN_PERCENT_HP_BONUS","is_prod":false,"is_daily":false,"chose_seed":false,"campfire_upgraded":2,"win_rate":0,"timestamp":1558766560,"path_taken":["M","M","?","M","M","E","R","E","T","?","R","E","M","M","R","BOSS","M","?","$","M","M","R","E"],"build_version":"2019-01-23","purchased_purges":1,"victory":false,"max_hp_per_floor":[88,88,88,88,88,88,88,88,88,81,81,81,81,81,81,81,81,81,81,81,81,81,81,81],"card_choices":[{"not_picked":["Second Wind","Spot Weakness"],"picked":"Clothesline","floor":1.0},{"not_picked":["Intimidate","Power Through","Clash"],"picked":"SKIP","floor":2.0},{"not_picked":["Sever Soul","Cleave"],"picked":"Inflame","floor":4.0},{"not_picked":["Wild Strike","Heavy Blade"],"picked":"Cleave","floor":5.0},{"not_picked":["Anger","Body Slam"],"picked":"Headbutt","floor":6.0},{"not_picked":["Warcry","Intimidate"],"picked":"Iron Wave","floor":8.0},{"not_picked":["Bloodletting","Rupture","Body Slam"],"picked":"SKIP","floor":12.0},{"not_picked":["True Grit","Cleave","Headbutt"],"picked":"SKIP","floor":13.0},{"not_picked":["Power Through","Warcry","Fiend Fire"],"picked":"SKIP","floor":14.0},{"not_picked":["Fiend Fire","Demon Form"],"picked":"Juggernaut","floor":16.0},{"not_picked":["Spot Weakness","Wild Strike+1","Havoc"],"picked":"SKIP","floor":18.0},{"not_picked":["Warcry","Flex","Body Slam"],"picked":"SKIP","floor":21.0},{"not_picked":["Dropkick+1","Sentinel+1"],"picked":"Flame Barrier","floor":22.0}],"player_experience":83233,"relics_obtained":[{"floor":6.0,"key":"Turnip"},{"floor":8.0,"key":"Bottled Flame"},{"floor":9.0,"key":"WingedGreaves"},{"floor":12.0,"key":"Magic Flower"}],"event_choices":[{"damage_healed":0.0,"max_hp_gain":0.0,"max_hp_loss":0.0,"gold_gain":175.0,"event_name":"Liars Game","player_choice":"AGREE","floor":3.0,"gold_loss":0.0,"damage_taken":0.0,"cards_obtained":["Doubt"]},{"damage_healed":0.0,"max_hp_gain":0.0,"max_hp_loss":7.0,"gold_gain":0.0,"event_name":"Golden Idol","player_choice":"Lose Max HP","floor":10.0,"gold_loss":0.0,"damage_taken":0.0,"relics_obtained":["Golden Idol"]},{"damage_healed":0.0,"max_hp_gain":0.0,"max_hp_loss":0.0,"gold_gain":0.0,"event_name":"Drug Dealer","player_choice":"Inject Mutagens","floor":19.0,"gold_loss":0.0,"damage_taken":0.0,"relics_obtained":["MutagenicStrength"]}],"is_beta":false,"boss_relics":[{"not_picked":["Fusion Hammer","Black Blood"],"picked":"Sozu"}],"items_purged_floors":[20],"is_endless":false,"potions_floor_spawned":[4,6,8,12,13,21,22],"killed_by":"Gremlin Leader","ascension_level":4}