{"gold_per_floor":[118,43,63,76,76,76,101,101,101,133,148,181,194,212,212,212],"floor_reached":16,"playtime":526,"items_purged":["Defend_R"],"score":128,"play_id":"6f25e2d0-4ea2-4c91-b2a6-d08325c484c5","local_time":"20180706122449","is_ascension_mode":true,"campfire_choices":[{"data":"Bash","floor":6,"key":"SMITH"},{"floor":8,"key":"REST"},{"floor":15,"key":"REST"}],"neow_cost":"","seed_source_timestamp":88979596059609,"circlet_count":0,"master_deck":["Strike_R","Strike_R","Strike_R","Strike_R","Defend_R","Defend_R","Defend_R","Bash+1","Ghostly Armor","Whirlwind","Combust","Disarm","Metallicize","Feed","Fire Breathing","Flame Barrier"],"relics":["Burning Blood","Dodecahedron","Bottled Flame","Blood Vial","Bird Faced Urn"],"potions_floor_usage":[10,16,16],"damage_taken":[{"damage":4,"enemies":"2 Louse","floor":1,"turns":3},{"damage":3,"enemies":"Cultist","floor":3,"turns":5},{"damage":10,"enemies":"Jaw Worm","floor":4,"turns":4},{"damage":25,"enemies":"3 Sentries","floor":7,"turns":5},{"damage":39,"enemies":"Lagavulin","floor":10,"turns":7},{"damage":9,"enemies":"Blue Slaver","floor":11,"turns":5},{"damage":19,"enemies":"3 Sentries","floor":12,"turns":4},{"damage":34,"enemies":"Exordium Thugs","floor":13,"turns":5},{"damage":2,"enemies":"Looter","floor":14,"turns":4},{"damage":62,"enemies":"Hexaghost","floor":16,"turns":12}],"seed_played":"-3457984061931886329","potions_obtained":[{"floor":1,"key":"SteroidPotion"},{"floor":7,"key":"BloodPotion"},{"floor":13,"key":"Poison Potion"}],"is_trial":false,"path_per_floor":["M","$","M","M","?","R","E","R","T","E","M","E","M","M","R"],"character_chosen":"IRONCLAD","items_purchased":[],"campfire_rested":2,"item_purchase_floors":[],"current_hp_per_floor":[80,80,80,76,76,76,57,80,80,55,54,43,19,29,53,0],"gold":212,"neow_bonus":"","is_prod":false,"is_daily":false,"chose_seed":false,"campfire_upgraded":1,"win_rate":0,"timestamp":1530872689,"path_taken":["M","$","M","M","?","R","E","R","T","E","M","E","M","M","R","BOSS"],"build_version":"2018-07-05","purchased_purges":1,"victory":false,"max_hp_per_floor":[80,80,80,80,80,80,80,80,80,80,80,80,80,80,80,80],"card_choices":[{"not_picked":["Second Wind","Armaments"],"picked":"Ghostly Armor","floor":1},{"not_picked":["Heavy Blade","Iron Wave"],"picked":"Whirlwind","floor":3},{"not_picked":["Reckless Charge","Iron Wave"],"picked":"Combust","floor":4},{"not_picked":["Warcry","Flex"],"picked":"Disarm","floor":7},{"not_picked":["Pommel Strike","Shockwave"],"picked":"Metallicize","floor":10},{"not_picked":["Havoc","True Grit","Heavy Blade"],"picked":"SKIP","floor":11},{"not_picked":["Thunderclap","Uppercut"],"picked":"Feed","floor":12},{"not_picked":["Thunderclap","Warcry"],"picked":"Fire Breathing","floor":13},{"not_picked":["Anger","Sword Boomerang"],"picked":"Flame Barrier","floor":14}],"player_experience":81220,"relics_obtained":[{"floor":7,"key":"Dodecahedron"},{"floor":9,"key":"Bottled Flame"},{"floor":10,"key":"Blood Vial"},{"floor":12,"key":"Bird Faced Urn"}],"event_choices":[{"event_name":"Purifier","player_choice":"One Purge","floor":5,"damage_taken":0}],"boss_relics":[],"items_purged_floors":[2],"is_endless":false,"potions_floor_spawned":[1,7,13],"killed_by":"Hexaghost","ascension_level":1}