{"gold_per_floor":[117,130,280,280,20,54,54,98,123,123,146,171,211,227,227,227],"floor_reached":16,"playtime":452,"items_purged":["Doubt"],"score":283,"play_id":"9614accd-521a-462d-8f0e-84d6ba3d5b74","local_time":"20190424112940","is_ascension_mode":true,"campfire_choices":[{"data":"Bash","floor":7.0,"key":"SMITH"},{"data":"Armaments","floor":10.0,"key":"SMITH"},{"data":"Flame Barrier","floor":15.0,"key":"SMITH"}],"neow_cost":"NONE","seed_source_timestamp":128953410828997,"circlet_count":0,"master_deck":["AscendersBane","Strike_R","Strike_R+1","Strike_R","Strike_R","Strike_R+1","Defend_R","Defend_R","Defend_R","Defend_R","Bash+1","Thunderclap","Battle Trance","Armaments+1","Ghostly Armor","Battle Trance","Clothesline","Demon Form+1","Flame Barrier+1"],"special_seed":0,"relics":["Burning Blood","NeowsBlessing","Golden Idol","Omamori","Whetstone","Frozen Egg 2","Juzu Bracelet","Lantern"],"potions_floor_usage":[],"damage_taken":[{"damage":0.0,"enemies":"Small Slimes","floor":1.0,"turns":2.0},{"damage":0.0,"enemies":"2 Louse","floor":2.0,"turns":1.0},{"damage":0.0,"enemies":"3 Sentries","floor":6.0,"turns":1.0},{"damage":38.0,"enemies":"Gremlin Nob","floor":8.0,"turns":4.0},{"damage":0.0,"enemies":"Cultist","floor":11.0,"turns":3.0},{"damage":12.0,"enemies":"Red Slaver","floor":12.0,"turns":5.0},{"damage":19.0,"enemies":"3 Sentries","floor":13.0,"turns":11.0},{"damage":4.0,"enemies":"Lots of Slimes","floor":14.0,"turns":4.0},{"damage":0,"enemies":"Slime Boss","floor":16,"turns":3}],"seed_played":"-489906174482164594","potions_obtained":[{"floor":2.0,"key":"Fire Potion"},{"floor":6.0,"key":"BloodPotion"},{"floor":13.0,"key":"Energy Potion"}],"is_trial":false,"path_per_floor":["M","M","?","?","$","E","R","E","T","R","M","M","E","M","R","B"],"character_chosen":"IRONCLAD","items_purchased":["Omamori","Armaments"],"campfire_rested":0,"item_purchase_floors":[5,5],"current_hp_per_floor":[74,75,75,49,49,55,55,23,23,23,29,30,17,19,19,19],"gold":227,"neow_bonus":"THREE_ENEMY_KILL","is_prod":false,"is_daily":false,"chose_seed":false,"campfire_upgraded":3,"win_rate":0,"timestamp":1556080180,"path_taken":["M","M","?","?","$","E","R","E","T","R","M","M","E","M","R","BOSS"],"build_version":"2019-01-23","purchased_purges":1,"victory":false,"max_hp_per_floor":[75,75,75,75,75,75,75,75,75,75,75,75,75,75,75,75],"card_choices":[{"not_picked":["Warcry","Searing Blow"],"picked":"Thunderclap","floor":1.0},{"not_picked":["Anger","Havoc"],"picked":"Battle Trance","floor":2.0},{"not_picked":["True Grit","Body Slam"],"picked":"Ghostly Armor","floor":6.0},{"not_picked":["Armaments","Sword Boomerang"],"picked":"Battle Trance","floor":8.0},{"not_picked":["Seeing Red","Intimidate"],"picked":"Clothesline","floor":11.0},{"not_picked":["Clothesline","Thunderclap","Pummel"],"picked":"SKIP","floor":12.0},{"not_picked":["Dual Wield","Clothesline"],"picked":"Demon Form+1","floor":13.0},{"not_picked":["Clothesline","Armaments"],"picked":"Flame Barrier","floor":14.0}],"player_experience":432747,"relics_obtained":[{"floor":6.0,"key":"Whetstone"},{"floor":8.0,"key":"Frozen Egg 2"},{"floor":9.0,"key":"Juzu Bracelet"},{"floor":13.0,"key":"Lantern"}],"event_choices":[{"damage_healed":0.0,"max_hp_gain":0.0,"max_hp_loss":0.0,"gold_gain":150.0,"event_name":"Liars Game","player_choice":"AGREE","floor":3.0,"gold_loss":0.0,"damage_taken":0.0,"cards_obtained":["Doubt"]},{"damage_healed":0.0,"max_hp_gain":0.0,"max_hp_loss":0.0,"gold_gain":0.0,"event_name":"Golden Idol","player_choice":"Take Damage","floor":4.0,"gold_loss":0.0,"damage_taken":26.0,"relics_obtained":["Golden Idol"]}],"is_beta":false,"boss_relics":[],"items_purged_floors":[5],"is_endless":false,"potions_floor_spawned":[2,6,13],"killed_by":"Slime Boss","ascension_level":19}