{"gold_per_floor":[215,147,164,177,24,55,55,55,55,89,113,131,131,56,56,156,156,176,191,208,219,237,251,82,82,82,114,41,41,56,68,68,68],"floor_reached":33,"playtime":995,"items_purged":["Strike_R","Strike_R"],"score":279,"play_id":"cbad39fb-7ecb-40d5-a7b6-79123e61f919","local_time":"20190605211028","is_ascension_mode":false,"campfire_choices":[{"floor":7,"key":"REST"},{"data":"Rage","floor":13,"key":"SMITH"},{"floor":15,"key":"REST"},{"floor":25,"key":"REST"},{"floor":29,"key":"REST"},{"floor":32,"key":"REST"}],"neow_cost":"NONE","seed_source_timestamp":44332315797741,"circlet_count":0,"master_deck":["Strike_R","Strike_R","Strike_R","Defend_R","Defend_R","Defend_R","Defend_R","Bash","Twin Strike","Hemokinesis","Shrug It Off","Sword Boomerang","Thunderclap","Rage+1","Limit Break","Metallicize+1","Burning Pact+1","Juggernaut","Armaments","Rage","Rupture","Twin Strike+1","Rupture","Rupture+1"],"relics":["Burning Blood","Shuriken","Anchor","Question Card","Dodecahedron","Red Skull","Bag of Preparation","Sozu","Blood Vial","Potion Belt"],"potions_floor_usage":[10,16],"damage_taken":[{"damage":1,"enemies":"2 Louse","floor":1,"turns":3},{"damage":6,"enemies":"Cultist","floor":3,"turns":3},{"damage":3,"enemies":"Small Slimes","floor":4,"turns":2},{"damage":61,"enemies":"Lagavulin","floor":6,"turns":9},{"damage":23,"enemies":"Gremlin Nob","floor":10,"turns":4},{"damage":3,"enemies":"2 Fungi Beasts","floor":12,"turns":2},{"damage":28,"enemies":"Hexaghost","floor":16,"turns":8},{"damage":14,"enemies":"Shell Parasite","floor":18,"turns":4},{"damage":13,"enemies":"2 Thieves","floor":19,"turns":4},{"damage":11,"enemies":"Snecko","floor":20,"turns":6},{"damage":8,"enemies":"Centurion and Healer","floor":21,"turns":6},{"damage":38,"enemies":"3 Cultists","floor":22,"turns":5},{"damage":11,"enemies":"Shelled Parasite and Fungi","floor":23,"turns":4},{"damage":21,"enemies":"Book of Stabbing","floor":27,"turns":5},{"damage":18,"enemies":"Centurion and Healer","floor":30,"turns":6},{"damage":21,"enemies":"Snake Plant","floor":31,"turns":4},{"damage":59,"enemies":"Automaton","floor":33,"turns":6}],"seed_played":"-2623797771095156120","potions_obtained":[{"floor":4,"key":"SkillPotion"},{"floor":6,"key":"LiquidBronze"},{"floor":16,"key":"LiquidBronze"}],"is_trial":false,"path_per_floor":["M","?","M","M","$","E","R","$","T","E","T","M","R","$","R","B",null,"M","M","M","M","M","M","$","R","T","E","$","R","M","M","R","B"],"character_chosen":"IRONCLAD","items_purchased":["Anchor","Rupture","Rupture"],"campfire_rested":5,"item_purchase_floors":[5,24,28],"current_hp_per_floor":[80,80,80,80,80,25,49,49,49,32,32,35,35,35,59,37,80,72,65,60,58,26,21,21,45,45,32,32,56,46,33,57,0],"gold":68,"neow_bonus":"HUNDRED_GOLD","is_prod":false,"is_daily":false,"chose_seed":false,"campfire_upgraded":1,"win_rate":0,"timestamp":1559761828,"path_taken":["M","?","?","M","$","E","R","?","T","E","?","M","R","$","R","BOSS","M","M","M","?","M","M","?","R","T","E","$","R","M","M","R","BOSS"],"build_version":"2019-01-23","purchased_purges":2,"victory":false,"max_hp_per_floor":[80,80,80,80,80,80,80,80,80,80,80,80,80,80,80,80,80,80,80,80,80,80,80,80,80,80,80,80,80,80,80,80,80],"card_choices":[{"not_picked":["Havoc","Cleave"],"picked":"Twin Strike","floor":1},{"not_picked":["Headbutt","Iron Wave"],"picked":"Hemokinesis","floor":3},{"not_picked":["Anger","Flex"],"picked":"Shrug It Off","floor":4},{"not_picked":["Juggernaut","Feel No Pain"],"picked":"Sword Boomerang","floor":6},{"not_picked":["Havoc","Pommel Strike","Anger"],"picked":"Thunderclap","floor":10},{"not_picked":["Rampage","Carnage","Sentinel"],"picked":"Rage","floor":12},{"not_picked":["Dark Embrace","Berserk","Juggernaut"],"picked":"Limit Break","floor":16},{"not_picked":["True Grit","Iron Wave+1","Clothesline+1"],"picked":"Metallicize+1","floor":18},{"not_picked":["Seeing Red","Pummel","Rampage"],"picked":"Burning Pact+1","floor":19},{"not_picked":["Dual Wield","Searing Blow","Second Wind","Cleave"],"picked":"SKIP","floor":20},{"not_picked":["Shrug It Off+1","Iron Wave","Heavy Blade+1"],"picked":"Juggernaut","floor":21},{"not_picked":["Juggernaut","Thunderclap","Battle Trance+1"],"picked":"Armaments","floor":22},{"not_picked":["Inflame+1","True Grit","Evolve+1"],"picked":"Rage","floor":23},{"not_picked":["Warcry+1","Flex","Body Slam"],"picked":"Twin Strike+1","floor":27},{"not_picked":["Headbutt","Cleave","Clothesline","True Grit"],"picked":"SKIP","floor":30},{"not_picked":["Pommel Strike","Havoc","Anger"],"picked":"Rupture+1","floor":31}],"player_experience":316108,"relics_obtained":[{"floor":6,"key":"Question Card"},{"floor":9,"key":"Dodecahedron"},{"floor":10,"key":"Red Skull"},{"floor":11,"key":"Bag of Preparation"},{"floor":26,"key":"Blood Vial"},{"floor":27,"key":"Potion Belt"}],"event_choices":[{"damage_healed":0,"gold_gain":0,"player_choice":"Paid Gold","damage_taken":0,"relics_obtained":["Shuriken"],"max_hp_gain":0,"max_hp_loss":0,"event_name":"WeMeetAgain","floor":2,"gold_loss":68}],"is_beta":false,"boss_relics":[{"not_picked":["Fusion Hammer","Calling Bell"],"picked":"Sozu"}],"items_purged_floors":[14,24],"is_endless":false,"potions_floor_spawned":[4,6,16,19,21,27,31],"killed_by":"Automaton","ascension_level":0}