{"gold_per_floor":[119,119,119,130,59,59,89,89,143,143,169,180,180],"floor_reached":13,"playtime":327,"items_purged":[],"score":96,"play_id":"ab40d4b0-2944-451c-a491-0fdd399e251e","local_time":"20190127222946","is_ascension_mode":true,"campfire_choices":[{"data":"Fusion","floor":6,"key":"SMITH"},{"data":"Auto Shields","floor":8,"key":"SMITH"},{"floor":10,"key":"REST"}],"neow_cost":"TEN_PERCENT_HP_LOSS","seed_source_timestamp":212831125488090,"circlet_count":0,"master_deck":["Strike_B","Strike_B","Strike_B","Strike_B","Defend_B","Defend_B","Defend_B","Defend_B","Zap","Dualcast","Creative AI+1","Fusion+1","Hologram","Undo","Auto Shields+1","Coolheaded"],"relics":["Cracked Core","Letter Opener","Orichalcum","Juzu Bracelet","Ornamental Fan"],"potions_floor_usage":[],"damage_taken":[{"damage":1,"enemies":"Jaw Worm","floor":1,"turns":3},{"damage":6,"enemies":"Small Slimes","floor":4,"turns":6},{"damage":39,"enemies":"3 Sentries","floor":7,"turns":7},{"damage":28,"enemies":"Gremlin Nob","floor":11,"turns":7},{"damage":4,"enemies":"Cultist","floor":12,"turns":4},{"damage":4,"enemies":"3 Sentries","floor":13,"turns":1}],"seed_played":"3391171204567226376","potions_obtained":[],"is_trial":false,"path_per_floor":["M","?","?","M","$","R","E","R","T","R","E","M","E"],"character_chosen":"DEFECT","items_purchased":["Undo"],"campfire_rested":1,"item_purchase_floors":[5],"current_hp_per_floor":[67,67,60,54,54,54,15,15,15,35,7,3,0],"gold":180,"neow_bonus":"THREE_RARE_CARDS","is_prod":false,"is_daily":false,"chose_seed":false,"campfire_upgraded":2,"win_rate":0,"timestamp":1548624586,"path_taken":["M","?","?","M","$","R","E","R","T","R","E","M","E"],"build_version":"2019-01-23","purchased_purges":0,"victory":false,"max_hp_per_floor":[68,68,68,68,68,68,68,68,68,68,68,68,68],"card_choices":[{"not_picked":["Biased Cognition","Seek"],"picked":"Creative AI","floor":0},{"not_picked":["Streamline","Beam Cell"],"picked":"Fusion","floor":1},{"not_picked":["Ball Lightning","Go for the Eyes"],"picked":"Hologram","floor":4},{"not_picked":["Loop","Storm"],"picked":"Auto Shields","floor":7},{"not_picked":["Steam Power","Sweeping Beam"],"picked":"Coolheaded","floor":11},{"not_picked":["Stack","Aggregate","Rebound"],"picked":"SKIP","floor":12}],"player_experience":210045,"relics_obtained":[{"floor":7,"key":"Orichalcum"},{"floor":9,"key":"Juzu Bracelet"},{"floor":11,"key":"Ornamental Fan"}],"event_choices":[{"damage_healed":0,"gold_gain":0,"player_choice":"Grow","damage_taken":0,"max_hp_gain":0,"max_hp_loss":0,"event_name":"Living Wall","floor":2,"gold_loss":0,"cards_upgraded":["Creative AI"]},{"damage_healed":0,"gold_gain":0,"player_choice":"Success","damage_taken":7,"relics_obtained":["Letter Opener"],"max_hp_gain":0,"max_hp_loss":0,"event_name":"Scrap Ooze","floor":3,"gold_loss":0}],"is_beta":false,"boss_relics":[],"items_purged_floors":[],"is_endless":false,"potions_floor_spawned":[],"killed_by":"3 Sentries","ascension_level":1}