{"gold_per_floor":[116,116,127,137,137,172,186,200,223,249,265,265,282,301,301,400,400,420,420,436,449,61,61,87,101,101,23,122,122,142,153,153,153],"floor_reached":33,"playtime":1265,"items_purged":[],"score":379,"play_id":"c1257020-c63d-4ca2-a65d-d8a6561e742f","local_time":"20190505072703","is_ascension_mode":true,"campfire_choices":[{"data":"Dualcast","floor":12.0,"key":"SMITH"},{"data":"White Noise","floor":15.0,"key":"SMITH"},{"floor":23,"key":"REST"},{"floor":29,"key":"REST"},{"data":"Creative AI","floor":32,"key":"SMITH"}],"neow_cost":"PERCENT_DAMAGE","seed_source_timestamp":0,"circlet_count":0,"master_deck":["Strike_B","Strike_B","Strike_B","Strike_B","Defend_B","Defend_B","Defend_B","Defend_B","Zap+1","Dualcast+1","Ball Lightning","Conserve Battery","Ball Lightning","Electrodynamics","White Noise+1","Capacitor","Creative AI+1","Consume","Glacier","Defragment","Steam","Glacier"],"special_seed":0,"relics":["Cracked Core","Incense Burner","Singing Bowl","Pen Nib","Happy Flower","Sozu","Bag of Marbles","Strawberry","Bronze Scales","Pocketwatch"],"potions_floor_usage":[20,33],"damage_taken":[{"damage":7.0,"enemies":"Jaw Worm","floor":1.0,"turns":3.0},{"damage":1.0,"enemies":"Cultist","floor":3.0,"turns":4.0},{"damage":0.0,"enemies":"Small Slimes","floor":4.0,"turns":3.0},{"damage":18.0,"enemies":"Gremlin Nob","floor":6.0,"turns":4.0},{"damage":7.0,"enemies":"Red Slaver","floor":7.0,"turns":2.0},{"damage":0.0,"enemies":"2 Fungi Beasts","floor":8.0,"turns":3.0},{"damage":5.0,"enemies":"Lagavulin","floor":10.0,"turns":7.0},{"damage":14.0,"enemies":"3 Louse","floor":11.0,"turns":3.0},{"damage":0.0,"enemies":"Exordium Wildlife","floor":13.0,"turns":2.0},{"damage":1.0,"enemies":"Blue Slaver","floor":14.0,"turns":2.0},{"damage":26.0,"enemies":"Hexaghost","floor":16.0,"turns":8.0},{"damage":2.0,"enemies":"Chosen","floor":18.0,"turns":4.0},{"damage":19,"enemies":"Shell Parasite","floor":20,"turns":3},{"damage":15,"enemies":"Shelled Parasite and Fungi","floor":21,"turns":3},{"damage":31,"enemies":"Book of Stabbing","floor":24,"turns":6},{"damage":19,"enemies":"Snake Plant","floor":25,"turns":3},{"damage":0,"enemies":"Cultist and Chosen","floor":30,"turns":4},{"damage":13,"enemies":"Centurion and Healer","floor":31,"turns":4},{"damage":33,"enemies":"Collector","floor":33,"turns":6}],"seed_played":"3989929422929649545","potions_obtained":[{"floor":1.0,"key":"Weak Potion"},{"floor":7.0,"key":"Dexterity Potion"},{"floor":8.0,"key":"FocusPotion"},{"floor":10.0,"key":"Fire Potion"},{"floor":16.0,"key":"AttackPotion"}],"is_trial":false,"path_per_floor":["M","?","M","M","?","E","M","M","T","E","M","R","M","M","R","B",null,"M","?","M","M","$","R","E","M","T","$","?","R","M","M","R","B"],"character_chosen":"DEFECT","items_purchased":["Defragment","Bag of Marbles","Strawberry","Glacier"],"campfire_rested":2,"item_purchase_floors":[22,22,22,27],"current_hp_per_floor":[47,75,74,74,74,56,51,53,53,48,34,34,34,33,33,7,61,59,59,42,29,36,63,34,15,15,15,15,42,44,33,33,0],"gold":153,"neow_bonus":"ONE_RARE_RELIC","is_prod":false,"is_daily":false,"chose_seed":false,"campfire_upgraded":3,"win_rate":0,"timestamp":1557055623,"path_taken":["M","?","?","M","?","E","M","M","T","E","?","R","M","M","R","BOSS","M","?","M","M","$","R","E","M","T","$","?","R","?","M","R","BOSS"],"build_version":"2019-01-23","purchased_purges":0,"victory":false,"max_hp_per_floor":[75,75,75,75,75,75,77,79,79,79,79,79,79,79,79,79,79,79,79,81,83,90,90,92,92,92,92,92,92,94,96,96,96],"card_choices":[{"not_picked":["Consume","Hologram"],"picked":"Tempest","floor":1.0},{"not_picked":["Turbo","Beam Cell","Go for the Eyes"],"picked":"SKIP","floor":3.0},{"not_picked":["Auto Shields","Consume"],"picked":"Ball Lightning","floor":4.0},{"not_picked":["Melter","Redo"],"picked":"Conserve Battery","floor":6.0},{"not_picked":["Redo","Lockon","Barrage"],"picked":"Singing Bowl","floor":7.0},{"not_picked":["Coolheaded","Stack","Sweeping Beam"],"picked":"Singing Bowl","floor":8.0},{"not_picked":["Reinforced Body","Go for the Eyes"],"picked":"Ball Lightning","floor":10.0},{"not_picked":["Rebound","Coolheaded"],"picked":"Electrodynamics","floor":11.0},{"not_picked":["Recycle","Go for the Eyes"],"picked":"White Noise","floor":13.0},{"not_picked":["Turbo","Hologram"],"picked":"Capacitor","floor":14.0},{"not_picked":["Thunder Strike","Multi-Cast"],"picked":"Creative AI","floor":16.0},{"not_picked":["Beam Cell+1","Cold Snap"],"picked":"Consume","floor":18.0},{"not_picked":["Go for the Eyes","Gash+1","Fusion"],"picked":"Singing Bowl","floor":20},{"not_picked":["Steam","Loop","Hologram"],"picked":"Singing Bowl","floor":21},{"not_picked":["Turbo+1","Fission","Fusion"],"picked":"Singing Bowl","floor":24},{"not_picked":["Skim","Coolheaded"],"picked":"Steam","floor":25},{"not_picked":["Leap+1","Recycle+1","Melter"],"picked":"Singing Bowl","floor":30},{"not_picked":["Coolheaded","Scrape","Ball Lightning+1"],"picked":"Singing Bowl","floor":31}],"player_experience":735067,"relics_obtained":[{"floor":6.0,"key":"Singing Bowl"},{"floor":9.0,"key":"Pen Nib"},{"floor":10.0,"key":"Happy Flower"},{"floor":24,"key":"Bronze Scales"},{"floor":26,"key":"Pocketwatch"}],"event_choices":[{"cards_removed":["Tempest"],"damage_healed":28.0,"max_hp_gain":0.0,"max_hp_loss":0.0,"gold_gain":0.0,"event_name":"Bonfire Elementals","player_choice":"Offered Uncommon","floor":2.0,"gold_loss":0.0,"damage_taken":0.0},{"damage_healed":0.0,"max_hp_gain":0.0,"max_hp_loss":0.0,"gold_gain":0.0,"event_name":"Upgrade Shrine","player_choice":"Upgraded","floor":5.0,"gold_loss":0.0,"damage_taken":0.0,"cards_upgraded":["Zap"]},{"damage_healed":0.0,"max_hp_gain":0.0,"max_hp_loss":0.0,"gold_gain":0.0,"event_name":"The Library","player_choice":"Read","floor":19.0,"gold_loss":0.0,"damage_taken":0.0,"cards_obtained":["Glacier"]},{"damage_healed":0,"gold_gain":99,"player_choice":"Stole From Cult","damage_taken":0,"max_hp_gain":0,"max_hp_loss":0,"event_name":"Nest","floor":28,"gold_loss":0}],"is_beta":false,"boss_relics":[{"not_picked":["Busted Crown","Runic Dome"],"picked":"Sozu"}],"items_purged_floors":[],"is_endless":false,"potions_floor_spawned":[1,7,8,10,16,18,31],"killed_by":"Collector","ascension_level":5}