{"gold_per_floor":[118,118,43,43,54,114,114,114,137,37,37,52,52,63,63,162,162,179,189,189,189],"floor_reached":21,"playtime":1266,"items_purged":["Defend_B","Defend_B"],"score":177,"play_id":"4fcbee34-1561-4611-9c7a-884234a115fe","local_time":"20190421223236","is_ascension_mode":false,"campfire_choices":[{"data":"Recycle","floor":8,"key":"SMITH"},{"data":"White Noise","floor":11,"key":"SMITH"},{"data":"Lockon","floor":13,"key":"SMITH"},{"floor":15,"key":"REST"}],"neow_cost":"PERCENT_DAMAGE","seed_source_timestamp":944437046010331,"circlet_count":0,"master_deck":["Strike_B","Strike_B","Strike_B","Strike_B","Zap","Dualcast","Amplify","Reboot","White Noise+1","Lockon+1","Recycle+1","Beam Cell","Sunder+1","All For One","Hologram+1"],"relics":["Cracked Core","Vajra","Tiny Chest","Boot","Busted Crown"],"potions_floor_usage":[6,6,16,16,16],"damage_taken":[{"damage":11,"enemies":"Jaw Worm","floor":1,"turns":4},{"damage":0,"enemies":"Small Slimes","floor":5,"turns":2},{"damage":20,"enemies":"Lagavulin","floor":6,"turns":5},{"damage":0,"enemies":"Cultist","floor":12,"turns":2},{"damage":19,"enemies":"Exordium Thugs","floor":14,"turns":3},{"damage":42,"enemies":"Hexaghost","floor":16,"turns":6},{"damage":10,"enemies":"Chosen","floor":18,"turns":2},{"damage":20,"enemies":"2 Thieves","floor":19,"turns":2},{"damage":0,"enemies":"3 Cultists","floor":21,"turns":2}],"seed_played":"6139761150790713988","potions_obtained":[{"floor":1,"key":"SkillPotion"},{"floor":5,"key":"EssenceOfSteel"},{"floor":7,"key":"FocusPotion"},{"floor":7,"key":"Strength Potion"},{"floor":7,"key":"Fire Potion"},{"floor":12,"key":"Block Potion"},{"floor":18,"key":"GamblersBrew"},{"floor":19,"key":"Weak Potion"}],"is_trial":false,"path_per_floor":["M","?","$","?","M","E","?","R","T","$","R","M","R","M","R","B",null,"M","M","?","M"],"character_chosen":"DEFECT","items_purchased":[],"campfire_rested":1,"item_purchase_floors":[],"current_hp_per_floor":[43,36,36,61,61,41,41,41,41,41,41,41,41,22,44,2,75,65,45,45,45],"gold":189,"neow_bonus":"TRANSFORM_TWO_CARDS","is_prod":false,"is_daily":false,"chose_seed":false,"campfire_upgraded":3,"win_rate":0.0,"timestamp":1555911156,"path_taken":["M","?","$","?","M","E","?","R","T","$","R","?","R","M","R","BOSS","M","M","?","?"],"build_version":"2019-01-23","purchased_purges":2,"victory":false,"max_hp_per_floor":[75,75,75,75,75,75,75,75,75,75,75,75,75,75,75,75,75,75,75,75,75],"card_choices":[{"not_picked":["Auto Shields","Static Discharge"],"picked":"White Noise","floor":1},{"not_picked":["Defragment","Aggregate"],"picked":"Lockon","floor":5},{"not_picked":["Chill","Coolheaded"],"picked":"Recycle","floor":6},{"not_picked":["Rebound","Gash"],"picked":"Beam Cell","floor":12},{"not_picked":["Double Energy","Compile Driver"],"picked":"Sunder","floor":14},{"not_picked":["Thunder Strike","Fission"],"picked":"All For One","floor":16},{"not_picked":["Chill"],"picked":"SKIP","floor":18},{"not_picked":[],"picked":"Hologram+1","floor":19}],"player_experience":49574,"relics_obtained":[{"floor":6,"key":"Tiny Chest"},{"floor":9,"key":"Boot"}],"event_choices":[{"damage_healed":0,"gold_gain":0,"player_choice":"Success","damage_taken":7,"relics_obtained":["Vajra"],"max_hp_gain":0,"max_hp_loss":0,"event_name":"Scrap Ooze","floor":2,"gold_loss":0},{"damage_healed":25,"gold_gain":0,"player_choice":"Banana","damage_taken":0,"max_hp_gain":0,"max_hp_loss":0,"event_name":"Big Fish","floor":4,"gold_loss":0},{"damage_healed":0,"gold_gain":0,"player_choice":"Got Potions","damage_taken":0,"max_hp_gain":0,"max_hp_loss":0,"event_name":"Lab","floor":7,"gold_loss":0},{"damage_healed":0,"gold_gain":0,"player_choice":"Forge","damage_taken":0,"max_hp_gain":0,"max_hp_loss":0,"event_name":"Accursed Blacksmith","floor":20,"gold_loss":0,"cards_upgraded":["Sunder"]}],"is_beta":false,"boss_relics":[{"not_picked":["White Beast Statue","Calling Bell"],"picked":"Busted Crown"}],"items_purged_floors":[3,10],"is_endless":false,"potions_floor_spawned":[1,5,12,18,19],"killed_by":"3 Cultists","ascension_level":0}