{"gold_per_floor":[113,113,113,125,50,50,50,50,50,82,98,112,127,138,138,215,215,234,248,228,241,261,261,261,261],"floor_reached":25,"playtime":1318,"items_purged":["Regret"],"score":474,"play_id":"c6587b0c-af04-4c3b-94bc-e6bb33ce5bd6","local_time":"20190528124156","is_ascension_mode":true,"campfire_choices":[{"data":"Zap","floor":6,"key":"SMITH"},{"data":"Dualcast","floor":8,"key":"SMITH"},{"data":"Chaos","floor":15,"key":"SMITH"},{"data":"Sunder","floor":24,"key":"SMITH"}],"neow_cost":"NONE","seed_source_timestamp":253268895587065,"circlet_count":0,"master_deck":["AscendersBane","Defend_B","Defend_B","Defend_B","Defend_B","Zap+1","Dualcast+1","Static Discharge","Chaos+1","Hologram","Sweeping Beam","Steam","Cold Snap","Electrodynamics","Glacier","Sunder+1","Bite","Bite","Bite","Bite","Bite"],"relics":["Cracked Core","NeowsBlessing","Meat on the Bone","Symbiotic Virus","Bronze Scales","Snecko Eye"],"potions_floor_usage":[16,25,25],"damage_taken":[{"damage":0,"enemies":"2 Louse","floor":1,"turns":1},{"damage":0,"enemies":"Small Slimes","floor":4,"turns":1},{"damage":0,"enemies":"Lagavulin","floor":10,"turns":1},{"damage":9,"enemies":"Jaw Worm","floor":11,"turns":2},{"damage":10,"enemies":"Exordium Wildlife","floor":12,"turns":3},{"damage":8,"enemies":"Gremlin Gang","floor":13,"turns":3},{"damage":12,"enemies":"Large Slime","floor":14,"turns":3},{"damage":22,"enemies":"Slime Boss","floor":16,"turns":7},{"damage":12,"enemies":"Spheric Guardian","floor":18,"turns":4},{"damage":26,"enemies":"Shell Parasite","floor":19,"turns":7},{"damage":9,"enemies":"Cultist and Chosen","floor":21,"turns":6},{"damage":14,"enemies":"Chosen and Byrds","floor":22,"turns":5},{"damage":57,"enemies":"Gremlin Leader","floor":25,"turns":6}],"seed_played":"-6162076670229999652","potions_obtained":[{"floor":1,"key":"Dexterity Potion"},{"floor":12,"key":"PowerPotion"},{"floor":16,"key":"SpeedPotion"},{"floor":19,"key":"AttackPotion"}],"is_trial":false,"path_per_floor":["M","?","?","M","$","R","?","R","T","E","M","M","M","M","R","B",null,"M","M","?","M","M","?","R","E"],"character_chosen":"DEFECT","items_purchased":[],"campfire_rested":0,"item_purchase_floors":[],"current_hp_per_floor":[64,64,64,64,64,64,59,59,59,61,54,46,40,42,42,34,62,52,40,40,45,45,45,45,0],"gold":261,"neow_bonus":"THREE_ENEMY_KILL","is_prod":false,"is_daily":false,"chose_seed":false,"campfire_upgraded":4,"win_rate":0,"timestamp":1559072516,"path_taken":["M","?","?","M","$","R","?","R","T","E","M","?","M","M","R","BOSS","M","M","?","?","?","?","R","E"],"build_version":"2019-01-23","purchased_purges":1,"victory":false,"max_hp_per_floor":[71,71,71,71,71,71,71,71,71,71,71,71,71,71,71,71,71,71,71,71,71,71,71,71,71],"card_choices":[{"not_picked":["Defragment","Steam"],"picked":"Static Discharge","floor":1},{"not_picked":["Turbo","Steam Power","Beam Cell"],"picked":"SKIP","floor":4},{"not_picked":["FTL","Thunder Strike"],"picked":"Chaos","floor":10},{"not_picked":["Hello World","Capacitor"],"picked":"Hologram","floor":11},{"not_picked":["Leap","Capacitor"],"picked":"Sweeping Beam","floor":12},{"not_picked":["Redo","Stack"],"picked":"Steam","floor":13},{"not_picked":["Darkness","Sweeping Beam"],"picked":"Cold Snap","floor":14},{"not_picked":["Seek","Hyperbeam"],"picked":"Electrodynamics","floor":16},{"not_picked":["Cold Snap","Lockon"],"picked":"Glacier","floor":18},{"not_picked":["Gash","Rebound+1","Coolheaded"],"picked":"SKIP","floor":19},{"not_picked":["Leap","Hello World+1"],"picked":"Sunder","floor":21},{"not_picked":["Stack","Hologram","Gash"],"picked":"SKIP","floor":22}],"player_experience":791941,"relics_obtained":[{"floor":9,"key":"Blood Vial"},{"floor":10,"key":"Bronze Scales"}],"event_choices":[{"cards_removed":["Strike_B"],"damage_healed":0,"gold_gain":0,"player_choice":"Forget","damage_taken":0,"max_hp_gain":0,"max_hp_loss":0,"event_name":"Living Wall","floor":2,"gold_loss":0},{"damage_healed":0,"gold_gain":0,"player_choice":"Box","damage_taken":0,"relics_obtained":["Meat on the Bone"],"max_hp_gain":0,"max_hp_loss":0,"event_name":"Big Fish","floor":3,"gold_loss":0,"cards_obtained":["Regret"]},{"damage_healed":0,"gold_gain":0,"player_choice":"Success","damage_taken":5,"relics_obtained":["Symbiotic Virus"],"max_hp_gain":0,"max_hp_loss":0,"event_name":"Scrap Ooze","floor":7,"gold_loss":0},{"damage_healed":0,"gold_gain":0,"player_choice":"Bought 1 Potion","damage_taken":0,"max_hp_gain":0,"max_hp_loss":0,"event_name":"The Woman in Blue","floor":20,"gold_loss":0},{"damage_healed":0,"gold_gain":0,"player_choice":"Became a vampire (Vial)","damage_taken":0,"max_hp_gain":0,"max_hp_loss":0,"event_name":"Vampires","floor":23,"relics_lost":["Blood Vial"],"gold_loss":0,"cards_obtained":["Bite","Bite","Bite","Bite","Bite"]}],"is_beta":false,"boss_relics":[{"not_picked":["Orrery","Astrolabe"],"picked":"Snecko Eye"}],"items_purged_floors":[5],"is_endless":false,"potions_floor_spawned":[1,12,13,14,16,19,21],"killed_by":"Gremlin Leader","ascension_level":19}