{"gold_per_floor":[114,38,38,54,54,54,81,81,104,104,54,65,85,100,100,178,178,190,205,165,179,192,192,192,205,205,205,205,225,225,236,236,236],"floor_reached":33,"playtime":2010,"items_purged":[],"score":466,"play_id":"401825c3-1651-4658-8c9d-53487b0473df","local_time":"20190518140224","is_ascension_mode":true,"campfire_choices":[{"floor":6,"key":"REST"},{"data":"Chill","floor":8,"key":"SMITH"},{"data":"Zap","floor":10,"key":"SMITH"},{"data":"Echo Form","floor":15,"key":"SMITH"},{"floor":23,"key":"REST"},{"floor":27,"key":"REST"},{"floor":30,"key":"REST"},{"floor":32,"key":"REST"}],"neow_cost":"NONE","seed_source_timestamp":16715602559830,"circlet_count":0,"master_deck":["AscendersBane","Strike_B","Strike_B+1","Strike_B","Defend_B","Defend_B","Defend_B","Defend_B","Zap+1","Dualcast","Blizzard+1","Chill+1","Chill","Echo Form+1","Fission","Melter","Seek","Skim+1","Conserve Battery","Conserve Battery+1"],"relics":["Cracked Core","NeowsBlessing","Dream Catcher","Torii","Whetstone","Runic Pyramid","Bottled Lightning"],"potions_floor_usage":[16,21,22,25,25,29],"damage_taken":[{"damage":0,"enemies":"2 Louse","floor":1,"turns":1},{"damage":0,"enemies":"Jaw Worm","floor":4,"turns":1},{"damage":0,"enemies":"Gremlin Nob","floor":7,"turns":1},{"damage":0,"enemies":"Cultist","floor":12,"turns":3},{"damage":1,"enemies":"Looter","floor":13,"turns":3},{"damage":0,"enemies":"Gremlin Gang","floor":14,"turns":2},{"damage":7,"enemies":"The Guardian","floor":16,"turns":14},{"damage":11,"enemies":"3 Byrds","floor":18,"turns":3},{"damage":15,"enemies":"Shell Parasite","floor":19,"turns":10},{"damage":11,"enemies":"Centurion and Healer","floor":21,"turns":6},{"damage":33,"enemies":"Snake Plant","floor":22,"turns":7},{"damage":21,"enemies":"Snecko","floor":25,"turns":8},{"damage":14,"enemies":"Shelled Parasite and Fungi","floor":29,"turns":7},{"damage":8,"enemies":"Snake Plant","floor":31,"turns":6},{"damage":83,"enemies":"Automaton","floor":33,"turns":6}],"seed_played":"-550817183242434708","potions_obtained":[{"floor":7,"key":"Regen Potion"},{"floor":13,"key":"Explosive Potion"},{"floor":19,"key":"Swift Potion"},{"floor":20,"key":"Regen Potion"},{"floor":21,"key":"Swift Potion"},{"floor":22,"key":"Fire Potion"},{"floor":25,"key":"Block Potion"},{"floor":31,"key":"FearPotion"}],"is_trial":false,"path_per_floor":["M","$","?","M","$","R","E","R","T","R","?","M","M","M","R","B",null,"M","M","?","M","M","R","?","M","T","R","?","M","R","M","R","B"],"character_chosen":"DEFECT","items_purchased":["Blizzard"],"campfire_rested":5,"item_purchase_floors":[2],"current_hp_per_floor":[64,64,57,57,57,71,71,71,71,71,71,71,70,70,70,63,69,58,43,43,47,29,50,37,16,16,38,38,24,46,38,60,0],"gold":236,"neow_bonus":"THREE_ENEMY_KILL","is_prod":false,"is_daily":false,"chose_seed":false,"campfire_upgraded":3,"win_rate":0,"timestamp":1558213344,"path_taken":["M","$","?","M","$","R","E","R","T","R","?","?","?","M","R","BOSS","M","M","?","M","?","R","?","M","T","R","?","M","R","?","R","BOSS"],"build_version":"2019-01-23","purchased_purges":0,"victory":false,"max_hp_per_floor":[71,71,71,71,71,71,71,71,71,71,71,71,71,71,71,71,71,71,71,71,71,71,71,76,76,76,76,76,76,76,76,76,76],"card_choices":[{"not_picked":["Streamline","Coolheaded","Capacitor"],"picked":"SKIP","floor":1},{"not_picked":["Rip and Tear","Coolheaded","Consume"],"picked":"SKIP","floor":4},{"not_picked":["Force Field","Rebound"],"picked":"Chill","floor":7},{"not_picked":["Hologram","Turbo","Storm"],"picked":"SKIP","floor":12},{"not_picked":["Compile Driver","Redo"],"picked":"Chill","floor":13},{"not_picked":["Capacitor","Chaos"],"picked":"Echo Form","floor":14},{"not_picked":["Core Surge","Reboot"],"picked":"Fission","floor":16},{"not_picked":["Streamline","Gash+1","Rebound"],"picked":"SKIP","floor":18},{"not_picked":["Ball Lightning","Hologram"],"picked":"Melter","floor":19},{"not_picked":["Sweeping Beam","Storm"],"picked":"Seek","floor":21},{"not_picked":["Cold Snap","Redo","Turbo"],"picked":"SKIP","floor":22},{"not_picked":["Cold Snap","Sweeping Beam"],"picked":"Skim+1","floor":23},{"not_picked":["Steam","Reprogram","Hologram"],"picked":"SKIP","floor":25},{"not_picked":["Leap","Doom and Gloom"],"picked":"Conserve Battery","floor":29},{"not_picked":["Leap","Rebound"],"picked":"Conserve Battery+1","floor":31}],"player_experience":621324,"relics_obtained":[{"floor":7,"key":"Torii"},{"floor":9,"key":"Whetstone"},{"floor":26,"key":"Bottled Lightning"}],"event_choices":[{"damage_healed":0,"gold_gain":0,"player_choice":"Success","damage_taken":7,"relics_obtained":["Dream Catcher"],"max_hp_gain":0,"max_hp_loss":0,"event_name":"Scrap Ooze","floor":3,"gold_loss":0},{"cards_removed":["Strike_B"],"damage_healed":0,"gold_gain":0,"player_choice":"Card Removal","damage_taken":0,"max_hp_gain":0,"max_hp_loss":0,"event_name":"The Cleric","floor":11,"gold_loss":50},{"damage_healed":0,"gold_gain":0,"player_choice":"Bought 3 Potions","damage_taken":0,"max_hp_gain":0,"max_hp_loss":0,"event_name":"The Woman in Blue","floor":20,"gold_loss":0},{"damage_healed":0,"gold_gain":0,"player_choice":"Shed Blood","damage_taken":18,"max_hp_gain":5,"max_hp_loss":0,"event_name":"Forgotten Altar","floor":24,"gold_loss":0},{"damage_healed":0,"gold_gain":0,"player_choice":"Ignored","damage_taken":0,"max_hp_gain":0,"max_hp_loss":0,"event_name":"N\u0027loth","floor":28,"gold_loss":0}],"is_beta":false,"boss_relics":[{"not_picked":["Fusion Hammer","Sozu"],"picked":"Runic Pyramid"}],"items_purged_floors":[],"is_endless":false,"potions_floor_spawned":[7,13,19,21,22,25,31],"killed_by":"Automaton","ascension_level":14}