{"gold_per_floor":[119,137,153,166,186,213,388,388,412,412,442,442,452,463,463,566,566,585,209,659,675,43,43,58,70,70,70,70,70,90,120,120,218,218,231,331,350,366,396,431,431,443,443,462,476,476,476,491,491,491],"floor_reached":51,"playtime":3257,"items_purged":["Regret","Doubt"],"score":790,"play_id":"6c9cb01e-1942-4e86-82e8-450b0f58ce88","local_time":"20190425194630","is_ascension_mode":false,"campfire_choices":[{"data":"Zap","floor":8.0,"key":"SMITH"},{"floor":12.0,"key":"REST"},{"data":"Dualcast","floor":15.0,"key":"SMITH"},{"floor":23.0,"key":"REST"},{"data":"Biased Cognition","floor":27.0,"key":"SMITH"},{"data":"Jack Of All Trades","floor":32.0,"key":"SMITH"},{"data":"Fission","floor":41,"key":"SMITH"},{"data":"Creative AI","floor":46,"key":"SMITH"},{"data":"Defragment","floor":49,"key":"SMITH"}],"neow_cost":"NONE","seed_source_timestamp":0,"circlet_count":0,"master_deck":["Defend_B","Defend_B","Defend_B","Defend_B","Zap+1","Dualcast+1","FTL","FTL","Genetic Algorithm+1","Coolheaded+1","Ball Lightning","Machine Learning","Rip and Tear","Self Repair","Biased Cognition+1","Capacitor","White Noise","Hello World","Jack Of All Trades+1","Self Repair","Hello World","Bite","Bite","Bite","Bite","Bite","Fission+1","Glacier","Chill+1","Reprogram","Defragment+1","Creative AI+1","Parasite","Tempest+1","Defragment","Regret","Consume","Consume+1","Discovery","Mayhem"],"special_seed":0,"relics":["Sozu","Question Card","Bronze Scales","War Paint","Art of War","Cursed Key","Vajra","Calipers","Mango","Smiling Mask","Orrery","Ginger","Regal Pillow","Thread and Needle"],"potions_floor_usage":[],"damage_taken":[{"damage":0.0,"enemies":"Cultist","floor":1.0,"turns":4.0},{"damage":2.0,"enemies":"2 Louse","floor":2.0,"turns":3.0},{"damage":0.0,"enemies":"Jaw Worm","floor":3.0,"turns":3.0},{"damage":8.0,"enemies":"Red Slaver","floor":4.0,"turns":3.0},{"damage":0.0,"enemies":"2 Fungi Beasts","floor":5.0,"turns":3.0},{"damage":14.0,"enemies":"Lagavulin","floor":6.0,"turns":7.0},{"damage":29.0,"enemies":"Gremlin Nob","floor":11.0,"turns":4.0},{"damage":10.0,"enemies":"Large Slime","floor":13.0,"turns":5.0},{"damage":3.0,"enemies":"Blue Slaver","floor":14.0,"turns":3.0},{"damage":16.0,"enemies":"Hexaghost","floor":16.0,"turns":8.0},{"damage":2.0,"enemies":"3 Byrds","floor":18.0,"turns":3.0},{"damage":11.0,"enemies":"Chosen","floor":21.0,"turns":5.0},{"damage":7.0,"enemies":"Sentry and Sphere","floor":24.0,"turns":4.0},{"damage":14.0,"enemies":"Snake Plant","floor":25.0,"turns":5.0},{"damage":7.0,"enemies":"3 Cultists","floor":30.0,"turns":4.0},{"damage":26.0,"enemies":"Gremlin Leader","floor":31.0,"turns":5.0},{"damage":42.0,"enemies":"Automaton","floor":33.0,"turns":7.0},{"damage":29,"enemies":"3 Darklings","floor":35,"turns":5},{"damage":0,"enemies":"Mind Bloom Boss Battle","floor":36,"turns":7},{"damage":0,"enemies":"Orb Walker","floor":37,"turns":4},{"damage":29,"enemies":"Maw","floor":38,"turns":7},{"damage":35,"enemies":"Writhing Mass","floor":39,"turns":8},{"damage":0,"enemies":"Giant Head","floor":40,"turns":8},{"damage":10,"enemies":"3 Darklings","floor":42,"turns":5},{"damage":4,"enemies":"Maw","floor":44,"turns":8},{"damage":20,"enemies":"Spire Growth","floor":45,"turns":6},{"damage":0,"enemies":"3 Darklings","floor":48,"turns":5},{"damage":74,"enemies":"Time Eater","floor":50,"turns":11}],"seed_played":"214504354357560726","potions_obtained":[],"is_trial":false,"path_per_floor":["M","M","M","M","M","E","?","R","T","?","E","R","M","M","R","B",null,"M","$","?","M","$","R","M","M","T","R","?","?","M","E","R","B",null,"M","?","M","M","M","E","R","M","T","M","M","R","?","M","R","B",null],"character_chosen":"DEFECT","items_purchased":["Vajra","White Noise","Hello World","Blood Vial","Calipers","Self Repair"],"campfire_rested":2,"item_purchase_floors":[19,19,19,22,22,22],"current_hp_per_floor":[75,73,73,65,65,51,51,51,51,51,22,44,34,31,31,22,75,75,75,26,22,22,44,53,55,69,69,69,69,86,82,82,67,89,80,89,89,86,79,89,89,89,89,89,83,83,73,88,88,31],"gold":491,"neow_bonus":"BOSS_RELIC","is_prod":false,"is_daily":false,"chose_seed":false,"campfire_upgraded":7,"win_rate":0.0,"timestamp":1556235990,"path_taken":["M","M","M","M","M","E","?","R","T","?","E","R","M","M","R","BOSS","M","$","?","M","$","R","M","?","T","R","?","?","M","E","R","BOSS","M","?","M","M","M","E","R","M","T","M","M","R","?","M","R","BOSS"],"build_version":"2019-01-23","purchased_purges":2,"victory":true,"max_hp_per_floor":[75,75,75,75,75,75,75,75,75,75,75,75,75,75,75,75,75,75,75,75,75,75,75,75,75,89,89,89,89,89,89,89,89,89,89,89,89,89,89,89,89,89,89,89,89,89,89,89,89,89],"card_choices":[{"not_picked":["Reinforced Body","Steam"],"picked":"FTL","floor":1.0},{"not_picked":["Gash","Steam"],"picked":"FTL","floor":2.0},{"not_picked":["FTL","Coolheaded"],"picked":"Genetic Algorithm","floor":3.0},{"not_picked":["Barrage","Stack"],"picked":"Coolheaded","floor":4.0},{"not_picked":["Skim","Doom and Gloom"],"picked":"Ball Lightning","floor":5.0},{"not_picked":["Barrage","Beam Cell","Compile Driver"],"picked":"SKIP","floor":6.0},{"not_picked":["Aggregate","Scrape","Rebound"],"picked":"Machine Learning","floor":11.0},{"not_picked":["Hologram","Blizzard","Cold Snap"],"picked":"Rip and Tear","floor":13.0},{"not_picked":["Blizzard","Conserve Battery","Beam Cell"],"picked":"Self Repair","floor":14.0},{"not_picked":["Echo Form","Seek","All For One"],"picked":"Biased Cognition","floor":16.0},{"not_picked":["Fusion+1","FTL","Self Repair"],"picked":"Capacitor","floor":18.0},{"not_picked":["Loop","Steam","Ball Lightning","Rip and Tear+1"],"picked":"SKIP","floor":21.0},{"not_picked":["Coolheaded","Barrage","Darkness","Hologram"],"picked":"SKIP","floor":24.0},{"not_picked":["Darkness","Hologram","Rebound"],"picked":"Hello World","floor":25.0},{"not_picked":["Streamline","Go for the Eyes","Amplify","Rebound+1"],"picked":"SKIP","floor":30.0},{"not_picked":["Rip and Tear","Cold Snap+1","Heatsinks","Chaos+1"],"picked":"SKIP","floor":31.0},{"not_picked":["Multi-Cast","Reboot","Thunder Strike"],"picked":"Fission","floor":33.0},{"not_picked":["Gash+1","Turbo","Ball Lightning"],"picked":"Glacier","floor":34},{"not_picked":["Conserve Battery+1","Reinforced Body+1","Sweeping Beam"],"picked":"Chill+1","floor":34},{"not_picked":["Force Field","Rebound+1","Conserve Battery"],"picked":"Reprogram","floor":34},{"not_picked":["Scrape+1","Barrage+1","Skim","Heatsinks+1"],"picked":"SKIP","floor":35},{"not_picked":["BootSequence+1","Compile Driver+1","Genetic Algorithm+1"],"picked":"Defragment","floor":37},{"not_picked":["Loop+1","Turbo","BootSequence"],"picked":"Creative AI","floor":38},{"not_picked":["Beam Cell+1","Hologram","Go for the Eyes+1","Stack+1"],"picked":"SKIP","floor":39},{"not_picked":["Amplify","Ball Lightning+1","Compile Driver+1"],"picked":"Tempest+1","floor":40},{"not_picked":["Double Energy+1","Compile Driver+1","Streamline"],"picked":"Defragment","floor":42},{"not_picked":["Self Repair+1","Rebound","Aggregate"],"picked":"Consume","floor":44},{"not_picked":["Redo+1","Streamline+1","Compile Driver+1"],"picked":"Consume+1","floor":45},{"not_picked":["Swift Strike","Trip","Impatience"],"picked":"Discovery","floor":47},{"not_picked":["Master of Strategy","Deep Breath","Swift Strike"],"picked":"Mayhem","floor":47},{"not_picked":["Reinforced Body","Stack","Gash","Reprogram+1"],"picked":"SKIP","floor":48}],"player_experience":712041,"relics_obtained":[{"floor":6.0,"key":"Question Card"},{"floor":9.0,"key":"Bronze Scales"},{"floor":11.0,"key":"Art of War"},{"floor":26.0,"key":"Mango"},{"floor":31.0,"key":"Smiling Mask"},{"floor":36,"key":"Ginger"},{"floor":40,"key":"Regal Pillow"},{"floor":43,"key":"Thread and Needle"}],"event_choices":[{"damage_healed":0.0,"max_hp_gain":0.0,"max_hp_loss":0.0,"gold_gain":175.0,"event_name":"Liars Game","player_choice":"AGREE","floor":7.0,"gold_loss":0.0,"damage_taken":0.0,"cards_obtained":["Doubt"]},{"damage_healed":0.0,"max_hp_gain":0.0,"max_hp_loss":0.0,"gold_gain":0.0,"event_name":"Big Fish","player_choice":"Box","floor":10.0,"gold_loss":0.0,"damage_taken":0.0,"relics_obtained":["War Paint"],"cards_obtained":["Regret"]},{"damage_healed":0.0,"max_hp_gain":0.0,"max_hp_loss":0.0,"gold_gain":450.0,"event_name":"Knowing Skull","player_choice":"CARD GOLD GOLD GOLD GOLD GOLD ","floor":20.0,"potions_obtained":[],"gold_loss":0.0,"damage_taken":49.0,"cards_obtained":["Jack Of All Trades"]},{"damage_healed":0.0,"max_hp_gain":0.0,"max_hp_loss":0.0,"gold_gain":0.0,"event_name":"Vampires","player_choice":"Became a vampire (Vial)","floor":28.0,"relics_lost":["Blood Vial"],"gold_loss":0.0,"damage_taken":0.0,"cards_obtained":["Bite","Bite","Bite","Bite","Bite"]},{"cards_removed":["Doubt"],"damage_healed":0.0,"max_hp_gain":0.0,"max_hp_loss":0.0,"gold_gain":0.0,"event_name":"Back to Basics","player_choice":"Elegance","floor":29.0,"gold_loss":0.0,"damage_taken":0.0},{"damage_healed":0,"gold_gain":0,"player_choice":"Fight","damage_taken":0,"max_hp_gain":0,"max_hp_loss":0,"event_name":"MindBloom","floor":36,"gold_loss":0},{"damage_healed":0,"gold_gain":0,"player_choice":"Memory 3","damage_taken":10,"max_hp_gain":0,"max_hp_loss":0,"event_name":"SensoryStone","floor":47,"gold_loss":0}],"is_beta":false,"boss_relics":[{"not_picked":["Fusion Hammer","Busted Crown"],"picked":"Cursed Key"},{"not_picked":["Astrolabe","White Beast Statue"],"picked":"Orrery"}],"items_purged_floors":[19,22],"is_endless":false,"potions_floor_spawned":[1,3,5,6,16,25,31,36,39,42,44,45],"ascension_level":0}