{"gold_per_floor":[117,133,83,83,95,129,148,167,167,167],"floor_reached":10,"playtime":320,"items_purged":[],"score":70,"play_id":"a2921093-302b-4b9e-99be-cd04e07a474b","local_time":"20190127223518","is_ascension_mode":false,"campfire_choices":[],"neow_cost":"NONE","seed_source_timestamp":213169536401269,"circlet_count":0,"master_deck":["Strike_B","Strike_B","Strike_B","Defend_B","Defend_B","Defend_B","Defend_B","Zap+1","Dualcast","Gash","Capacitor","Machine Learning","Sweeping Beam","Barrage","Gash"],"relics":["Cracked Core","NeowsBlessing","Regal Pillow","Question Card"],"potions_floor_usage":[6,6,10],"damage_taken":[{"damage":0,"enemies":"Cultist","floor":1,"turns":1},{"damage":0,"enemies":"Jaw Worm","floor":2,"turns":1},{"damage":0,"enemies":"Small Slimes","floor":5,"turns":1},{"damage":41,"enemies":"Gremlin Nob","floor":6,"turns":5},{"damage":5,"enemies":"2 Fungi Beasts","floor":7,"turns":3},{"damage":6,"enemies":"Red Slaver","floor":8,"turns":4},{"damage":23,"enemies":"Gremlin Gang","floor":10,"turns":3}],"seed_played":"-5177940539749371911","potions_obtained":[{"floor":2,"key":"SkillPotion"},{"floor":5,"key":"SkillPotion"},{"floor":7,"key":"Poison Potion"}],"is_trial":false,"path_per_floor":["M","M","?","?","M","E","M","M","T","M"],"character_chosen":"DEFECT","items_purchased":[],"campfire_rested":0,"item_purchase_floors":[],"current_hp_per_floor":[75,75,75,75,75,34,29,23,23,0],"gold":167,"neow_bonus":"THREE_ENEMY_KILL","is_prod":false,"is_daily":false,"chose_seed":false,"campfire_upgraded":0,"win_rate":0,"timestamp":1548624918,"path_taken":["M","?","?","?","M","E","M","M","T","M"],"build_version":"2019-01-23","purchased_purges":0,"victory":false,"max_hp_per_floor":[75,75,75,75,75,75,75,75,75,75],"card_choices":[{"not_picked":["Turbo","Conserve Battery"],"picked":"Gash","floor":1},{"not_picked":["Sweeping Beam","Genetic Algorithm"],"picked":"Capacitor","floor":2},{"not_picked":["Steam Power","Go for the Eyes"],"picked":"Machine Learning","floor":5},{"not_picked":["Capacitor","Consume"],"picked":"Sweeping Beam","floor":6},{"not_picked":["Turbo","Reinforced Body"],"picked":"Barrage","floor":7},{"not_picked":["Redo","Conserve Battery"],"picked":"Gash","floor":8}],"player_experience":210372,"relics_obtained":[{"floor":6,"key":"Regal Pillow"},{"floor":9,"key":"Question Card"}],"event_choices":[{"cards_removed":["Strike_B"],"damage_healed":0,"gold_gain":0,"player_choice":"Card Removal","damage_taken":0,"max_hp_gain":0,"max_hp_loss":0,"event_name":"The Cleric","floor":3,"gold_loss":50},{"damage_healed":0,"gold_gain":0,"player_choice":"Grow","damage_taken":0,"max_hp_gain":0,"max_hp_loss":0,"event_name":"Living Wall","floor":4,"gold_loss":0,"cards_upgraded":["Zap"]}],"is_beta":false,"boss_relics":[],"items_purged_floors":[],"is_endless":false,"potions_floor_spawned":[2,5,7],"killed_by":"Gremlin Gang","ascension_level":0}