{"gold_per_floor":[119,132,132,148,148,180,180,200,200,215,233,249,94,94],"floor_reached":14,"playtime":841,"items_purged":["Strike_B"],"score":113,"play_id":"7bf6024b-338e-4c6a-a7b7-67f2f90fc510","local_time":"20190501182546","is_ascension_mode":true,"campfire_choices":[{"floor":7,"key":"REST"}],"neow_cost":"NONE","seed_source_timestamp":131180918191158,"circlet_count":0,"master_deck":["Strike_B","Strike_B","Strike_B","Defend_B+1","Defend_B","Defend_B+1","Defend_B","Zap","Dualcast","Ball Lightning","Reboot","Capacitor","Cold Snap","Go for the Eyes","Self Repair","Conserve Battery"],"relics":["Cracked Core","Pen Nib","Darkstone Periapt","Matryoshka","War Paint","Question Card"],"potions_floor_usage":[2],"damage_taken":[{"damage":1,"enemies":"Cultist","floor":1,"turns":3},{"damage":0,"enemies":"Small Slimes","floor":2,"turns":2},{"damage":0,"enemies":"2 Louse","floor":4,"turns":2},{"damage":35,"enemies":"Lagavulin","floor":6,"turns":6},{"damage":20,"enemies":"Lots of Slimes","floor":8,"turns":3},{"damage":19,"enemies":"Large Slime","floor":10,"turns":5},{"damage":6,"enemies":"Looter","floor":11,"turns":2},{"damage":6,"enemies":"Blue Slaver","floor":12,"turns":3},{"damage":11,"enemies":"3 Louse","floor":14,"turns":2}],"seed_played":"-7783035253182541824","potions_obtained":[{"floor":1,"key":"PowerPotion"},{"floor":10,"key":"EssenceOfSteel"},{"floor":12,"key":"Explosive Potion"}],"is_trial":false,"path_per_floor":["M","M","T","M","?","E","R","M","T","M","M","M","$","M"],"character_chosen":"DEFECT","items_purchased":["Self Repair","Conserve Battery"],"campfire_rested":1,"item_purchase_floors":[13,13],"current_hp_per_floor":[74,74,74,74,75,40,62,42,42,23,17,11,11,0],"gold":94,"neow_bonus":"RANDOM_COMMON_RELIC","is_prod":false,"is_daily":false,"chose_seed":false,"campfire_upgraded":0,"win_rate":0,"timestamp":1556760346,"path_taken":["M","M","?","M","?","E","R","M","T","M","M","?","$","M"],"build_version":"2019-01-23","purchased_purges":1,"victory":false,"max_hp_per_floor":[75,75,75,75,75,75,75,75,75,75,75,75,75,75],"card_choices":[{"not_picked":["Tempest","Barrage"],"picked":"Ball Lightning","floor":1},{"not_picked":["Rip and Tear","Beam Cell","Streamline"],"picked":"SKIP","floor":2},{"not_picked":["Blizzard","Compile Driver","Hologram"],"picked":"SKIP","floor":4},{"not_picked":["FTL","Hyperbeam"],"picked":"Reboot","floor":6},{"not_picked":["Blizzard","Loop","Coolheaded"],"picked":"SKIP","floor":8},{"not_picked":["Steam Power","Chaos","Double Energy"],"picked":"Capacitor","floor":10},{"not_picked":["Hologram","Capacitor","Gash"],"picked":"Cold Snap","floor":11},{"not_picked":["Gash","Hologram","Redo"],"picked":"Go for the Eyes","floor":12}],"player_experience":211248,"relics_obtained":[{"floor":3,"key":"Darkstone Periapt"},{"floor":6,"key":"Matryoshka"},{"floor":9,"key":"War Paint"},{"floor":9,"key":"Question Card"}],"event_choices":[{"damage_healed":1,"gold_gain":0,"player_choice":"Full Heal","damage_taken":0,"max_hp_gain":0,"max_hp_loss":0,"event_name":"Wheel of Change","floor":5,"gold_loss":0}],"is_beta":false,"boss_relics":[],"items_purged_floors":[13],"is_endless":false,"potions_floor_spawned":[1,10,12],"killed_by":"3 Louse","ascension_level":4}