{"path_per_floor":["M","?","M","M","M","E","?","$","T","M","R","?","?","M","R","B",null,"M","?","M","$","M","R","E","R","T","M","?","$","M","M","R","B",null,"M","$","M","$","?","B"],"character_chosen":"IRONCLAD","items_purchased":["Sentinel","Pen Nib","Finesse","Body Slam","Apotheosis"],"gold_per_floor":[114,114,128,141,158,186,186,111,111,127,127,127,127,141,141,243,243,255,255,272,117,135,135,167,167,167,183,183,82,93,107,107,211,211,227,182,193,12,12,12],"floor_reached":41,"campfire_rested":1,"playtime":1800,"current_hp_per_floor":[72,65,69,72,57,40,40,40,40,53,53,46,46,49,49,49,72,57,41,48,48,54,54,56,56,56,55,55,55,57,44,65,64,72,69,69,71,71,71,50],"items_purged":[],"gold":12,"score":899,"play_id":"9e561682-4f31-4670-a45e-4aaed17f509b","local_time":"20180425155357","is_prod":false,"is_daily":false,"chose_seed":true,"is_ascension_mode":true,"campfire_upgraded":4,"timestamp":1524639237,"path_taken":["M","?","M","M","M","E","?","$","T","M","R","?","?","M","R","BOSS","M","?","?","?","M","R","E","R","T","M","?","$","M","?","R","BOSS","M","$","?","$","?","BOSS"],"build_version":"2018-04-19","seed_source_timestamp":659511136703748,"purchased_purges":1,"victory":true,"master_deck":["Strike_R","Strike_R","Strike_R","Strike_R","Defend_R","Defend_R","Defend_R","Defend_R","Bash","Corruption+1","Pummel","Havoc","Body Slam+1","Feel No Pain+1","Sentinel","Flex","Regret","Armaments+1","Offering","Perfected Strike+1","Warcry+1","Burning Pact","Body Slam","Finesse","Havoc","Shrug It Off","Demon Form","Heavy Blade","Body Slam","Shockwave+1","Apotheosis"],"max_hp_per_floor":[72,72,72,72,72,72,72,72,72,72,72,72,72,72,72,72,72,72,72,72,72,72,72,72,72,72,72,72,72,72,72,72,72,72,72,72,72,72,72,72],"relics":["Burning Blood","Dead Branch","Meat on the Bone","Mercury Hourglass","Gremlin Horn","Shuriken","Sozu","Nilry\u0027s Codex","Pen Nib","Ornamental Fan","Bag of Preparation","Black Star"],"card_choices":[{"not_picked":["Inflame","Feel No Pain"],"picked":"Corruption","floor":1},{"not_picked":["Clash","Power Through"],"picked":"Pummel","floor":3},{"not_picked":["Battle Trance","Whirlwind"],"picked":"Havoc","floor":4},{"not_picked":["Warcry","Sword Boomerang"],"picked":"Body Slam","floor":5},{"not_picked":["Shrug It Off","Shockwave"],"picked":"Feel No Pain","floor":6},{"not_picked":["Pummel","Cleave"],"picked":"Flex","floor":10},{"not_picked":["Headbutt","Intimidate"],"picked":"Armaments","floor":14},{"not_picked":["Impervious","Barricade"],"picked":"Offering","floor":16},{"not_picked":["Sever Soul","Second Wind"],"picked":"Perfected Strike","floor":18},{"not_picked":["Second Wind","Iron Wave"],"picked":"Warcry","floor":22},{"not_picked":["Twin Strike","Immolate"],"picked":"Burning Pact","floor":24},{"not_picked":["Shrug It Off","Searing Blow"],"picked":"Body Slam","floor":27},{"not_picked":["Headbutt","Flame Barrier"],"picked":"Havoc","floor":30},{"not_picked":["Armaments","Cleave"],"picked":"Shrug It Off","floor":31},{"not_picked":["Double Tap","Bludgeon"],"picked":"Demon Form","floor":33},{"not_picked":["Carnage","Cleave"],"picked":"Heavy Blade","floor":35},{"not_picked":["True Grit","Warcry"],"picked":"Shockwave","floor":37}],"player_experience":138389,"potions_floor_usage":[40,40,40],"damage_taken":[{"damage":0,"enemies":"Small Slimes","floor":1,"turns":3},{"damage":2,"enemies":"2 Louse","floor":3,"turns":2},{"damage":3,"enemies":"Cultist","floor":4,"turns":3},{"damage":21,"enemies":"Exordium Thugs","floor":5,"turns":3},{"damage":35,"enemies":"Lagavulin","floor":6,"turns":7},{"damage":9,"enemies":"Looter","floor":10,"turns":4},{"damage":3,"enemies":"2 Fungi Beasts","floor":14,"turns":1},{"damage":18,"enemies":"Slime Boss","floor":16,"turns":4},{"damage":21,"enemies":"Shell Parasite","floor":18,"turns":4},{"damage":11,"enemies":"Spheric Guardian","floor":20,"turns":1},{"damage":0,"enemies":"Chosen and Byrds","floor":22,"turns":2},{"damage":4,"enemies":"Slavers","floor":24,"turns":3},{"damage":7,"enemies":"Snake Plant","floor":27,"turns":3},{"damage":4,"enemies":"Centurion and Healer","floor":30,"turns":1},{"damage":23,"enemies":"Snecko","floor":31,"turns":3},{"damage":7,"enemies":"Automaton","floor":33,"turns":2},{"damage":9,"enemies":"3 Darklings","floor":35,"turns":2},{"damage":4,"enemies":"3 Shapes","floor":37,"turns":1},{"damage":45,"enemies":"Donu and Deca","floor":40,"turns":4}],"event_choices":[{"event_name":"Scrap Ooze","player_choice":"success","floor":2,"damage_taken":7},{"event_name":"The Woman in Blue","player_choice":"Bought 0 Potions","floor":7,"damage_taken":0},{"event_name":"Golden Wing","player_choice":"Card Removal","floor":12,"damage_taken":0},{"event_name":"Big Fish","player_choice":"Box","floor":13,"damage_taken":0},{"event_name":"Cursed Tome","player_choice":"Obtained Book","floor":19,"damage_taken":0},{"event_name":"Vampires","player_choice":"Ignored","floor":28,"damage_taken":0},{"event_name":"SecretPortal","player_choice":"Took Portal.","floor":39,"damage_taken":0}],"boss_relics":[{"not_picked":["Orrery","Velvet Choker"],"picked":"Sozu"},{"not_picked":["Runic Dome","Philosopher\u0027s Stone"],"picked":"Black Star"}],"potions_floor_spawned":[1,3,14,16,20,24,30,35],"seed_played":"2336108208662541810","ascension_level":3,"is_trial":false}