{"gold_per_floor":[114,114,114,138,157,157,176,200,200,200,125,195,211,234,234,364,364,377,122,141,154,179,179,203,216,216,241,191,191],"floor_reached":29,"playtime":1525,"items_purged":["Defend_B","Strike_B"],"score":233,"play_id":"2facc9d8-1d7a-40eb-9d77-a4a560e6f27d","local_time":"20180720120422","daily_mods":["Heirloom","Allstar","Time Dilation"],"is_ascension_mode":false,"campfire_choices":[{"data":"Apotheosis","floor":6,"key":"SMITH"},{"data":"Genetic Algorithm","floor":10,"key":"SMITH"},{"floor":15,"key":"REST"},{"data":"Seek","floor":23,"key":"SMITH"}],"neow_cost":"","seed_source_timestamp":0,"circlet_count":0,"master_deck":["Strike_B","Strike_B","Strike_B","Defend_B+1","Defend_B","Defend_B","Zap+1","Dualcast","Panache","Magnetism","Jack Of All Trades","Trip","Apotheosis+1","Go for the Eyes","Genetic Algorithm+1","Capacitor","Beam Cell","FTL","Seek+1","Consume","Ball Lightning","Core Surge","Self Repair","Conserve Battery","Hologram","Go for the Eyes","Redo","Beam Cell+1","Glacier","Defragment","Coolheaded+1","Chill","Turbo+1","Cold Snap"],"relics":["Cracked Core","Ginger","Golden Idol","Ancient Tea Set","Tiny Chest","Orrery","Kunai"],"potions_floor_usage":[12],"damage_taken":[{"damage":11,"enemies":"Jaw Worm","floor":1,"turns":2},{"damage":0,"enemies":"2 Louse","floor":4,"turns":2},{"damage":7,"enemies":"Small Slimes","floor":5,"turns":3},{"damage":0,"enemies":"Looter","floor":7,"turns":2},{"damage":4,"enemies":"2 Fungi Beasts","floor":8,"turns":3},{"damage":3,"enemies":"Lagavulin","floor":12,"turns":5},{"damage":0,"enemies":"Large Slime","floor":13,"turns":3},{"damage":0,"enemies":"Red Slaver","floor":14,"turns":3},{"damage":34,"enemies":"Hexaghost","floor":16,"turns":6},{"damage":13,"enemies":"Chosen","floor":18,"turns":5},{"damage":7,"enemies":"2 Thieves","floor":20,"turns":3},{"damage":15,"enemies":"Chosen and Byrds","floor":21,"turns":5},{"damage":32,"enemies":"Centurion and Healer","floor":22,"turns":5},{"damage":7,"enemies":"Cultist and Chosen","floor":24,"turns":5},{"damage":0,"enemies":"Snecko","floor":25,"turns":9},{"damage":26,"enemies":"Centurion and Healer","floor":27,"turns":7},{"damage":39,"enemies":"Cultist and Chosen","floor":29,"turns":5}],"seed_played":"-686493687289118583","potions_obtained":[{"floor":7,"key":"PowerPotion"},{"floor":12,"key":"EssenceOfSteel"},{"floor":13,"key":"Explosive Potion"},{"floor":21,"key":"Dexterity Potion"},{"floor":24,"key":"Energy Potion"},{"floor":27,"key":"Strength Potion"}],"is_trial":true,"path_per_floor":["M","?","?","M","M","R","M","M","T","R","$","E","M","M","R","B",null,"M","$","M","M","M","R","M","M","T","M","?"],"character_chosen":"DEFECT","items_purchased":["Glacier","Defragment"],"campfire_rested":1,"item_purchase_floors":[19,19],"current_hp_per_floor":[64,46,31,31,24,24,24,20,20,20,20,17,17,17,39,9,75,73,73,73,68,43,43,46,53,53,37,37,0],"gold":191,"neow_bonus":"","is_prod":false,"is_daily":false,"chose_seed":false,"campfire_upgraded":3,"win_rate":0,"timestamp":1532055862,"path_taken":["M","?","?","M","M","R","M","M","T","R","$","E","M","?","R","BOSS","M","$","M","?","?","R","M","M","T","?","?","?"],"build_version":"2018-07-19","purchased_purges":2,"victory":false,"max_hp_per_floor":[75,75,75,75,75,75,75,75,75,75,75,75,75,75,75,75,75,75,75,75,75,75,75,75,75,75,75,75,75],"card_choices":[{"not_picked":["Storm","Reprogram"],"picked":"Go for the Eyes","floor":1},{"not_picked":["Compile Driver","Beam Cell"],"picked":"Genetic Algorithm","floor":4},{"not_picked":["Conserve Battery","Turbo"],"picked":"Capacitor","floor":5},{"not_picked":["Stack","Recycle"],"picked":"Beam Cell","floor":7},{"not_picked":["Steam","Steam Power"],"picked":"FTL","floor":8},{"not_picked":["Coolheaded","Blizzard"],"picked":"Seek","floor":12},{"not_picked":["Cold Snap","Steam"],"picked":"Consume","floor":13},{"not_picked":["Hello World","Static Discharge"],"picked":"Ball Lightning","floor":14},{"not_picked":["Meteor Strike","Machine Learning"],"picked":"Core Surge","floor":16},{"not_picked":["Chaos","Genetic Algorithm"],"picked":"Self Repair","floor":17},{"not_picked":["Scrape","Streamline"],"picked":"Conserve Battery","floor":17},{"not_picked":["Leap","Beam Cell"],"picked":"Hologram","floor":17},{"not_picked":["Chaos","Conserve Battery"],"picked":"Go for the Eyes","floor":17},{"not_picked":["Skim","Gash"],"picked":"Redo","floor":17},{"not_picked":["Go for the Eyes","Streamline"],"picked":"Beam Cell+1","floor":18},{"not_picked":["Glacier","Turbo"],"picked":"Coolheaded+1","floor":20},{"not_picked":["Rainbow","Lockon","Rebound"],"picked":"SKIP","floor":21},{"not_picked":["Steam","Turbo","Heatsinks"],"picked":"SKIP","floor":22},{"not_picked":["Coolheaded+1","Conserve Battery"],"picked":"Chill","floor":24},{"not_picked":["Self Repair","Ball Lightning"],"picked":"Turbo+1","floor":25},{"not_picked":["Skim","Gash+1"],"picked":"Cold Snap","floor":27}],"player_experience":208386,"relics_obtained":[{"floor":9,"key":"Ancient Tea Set"},{"floor":12,"key":"Tiny Chest"},{"floor":26,"key":"Kunai"}],"event_choices":[{"event_name":"Golden Idol","player_choice":"Take Damage","floor":2,"damage_taken":0},{"event_name":"Shining Light","player_choice":"Entered Light","floor":3,"damage_taken":0},{"event_name":"The Joust","player_choice":"Bet on Murderer","floor":28,"damage_taken":0}],"is_beta":false,"boss_relics":[{"not_picked":["Empty Cage","Coffee Dripper"],"picked":"Orrery"}],"items_purged_floors":[11,19],"is_endless":true,"potions_floor_spawned":[7,12,13,21,24,27],"killed_by":"Cultist and Chosen","ascension_level":0}