{"gold_per_floor":[112,112,130,130,140,140,167,167,167,167,183,155,56,45,45,45],"floor_reached":16,"playtime":5650,"items_purged":["Strike_B"],"score":170,"play_id":"8d372da0-cdc7-458f-a326-4f9a4708c885","local_time":"20190522200620","is_ascension_mode":true,"campfire_choices":[{"data":"Zap","floor":6,"key":"SMITH"},{"floor":10,"key":"REST"},{"floor":15,"key":"REST"}],"neow_cost":"NONE","seed_source_timestamp":89326205571926,"circlet_count":0,"master_deck":["AscendersBane","Strike_B","Strike_B","Strike_B","Defend_B","Defend_B","Defend_B","Defend_B","Zap+1","Dualcast","Go for the Eyes","Glacier","Leap","Compile Driver","Genetic Algorithm"],"relics":["Cracked Core","Oddly Smooth Stone","Mummified Hand","Incense Burner","Shuriken"],"potions_floor_usage":[7,16],"damage_taken":[{"damage":2,"enemies":"Small Slimes","floor":1,"turns":3},{"damage":1,"enemies":"Jaw Worm","floor":3,"turns":4},{"damage":1,"enemies":"2 Louse","floor":5,"turns":3},{"damage":28,"enemies":"3 Sentries","floor":7,"turns":9},{"damage":7,"enemies":"Large Slime","floor":11,"turns":6},{"damage":0,"enemies":"Exordium Thugs","floor":14,"turns":4},{"damage":44,"enemies":"Slime Boss","floor":16,"turns":5}],"seed_played":"963838287926995166","potions_obtained":[{"floor":1,"key":"Block Potion"},{"floor":14,"key":"Swift Potion"}],"is_trial":false,"path_per_floor":["M","?","M","?","M","R","E","?","T","R","M","?","$","M","R","B"],"character_chosen":"DEFECT","items_purchased":["Compile Driver"],"campfire_rested":2,"item_purchase_floors":[13],"current_hp_per_floor":[62,67,66,66,65,65,37,4,4,26,19,19,19,19,41,0],"gold":45,"neow_bonus":"RANDOM_COMMON_RELIC","is_prod":false,"is_daily":false,"chose_seed":false,"campfire_upgraded":1,"win_rate":0,"timestamp":1558580780,"path_taken":["M","?","M","?","M","R","E","?","T","R","M","?","?","M","R","BOSS"],"build_version":"2019-01-23","purchased_purges":1,"victory":false,"max_hp_per_floor":[71,76,76,76,76,76,76,76,76,76,76,76,76,76,76,76],"card_choices":[{"not_picked":["Static Discharge","Barrage","Beam Cell"],"picked":"SKIP","floor":1},{"not_picked":["Storm","Turbo","Sunder"],"picked":"SKIP","floor":3},{"not_picked":["Beam Cell","Recycle"],"picked":"Go for the Eyes","floor":5},{"not_picked":["Sunder","Rainbow"],"picked":"Glacier","floor":7},{"not_picked":["Recycle","Turbo"],"picked":"Leap","floor":11},{"not_picked":["Chaos","Leap"],"picked":"Genetic Algorithm","floor":14}],"player_experience":689823,"relics_obtained":[{"floor":7,"key":"Mummified Hand"},{"floor":9,"key":"Shuriken"}],"event_choices":[{"damage_healed":0,"gold_gain":0,"player_choice":"Donut","damage_taken":0,"max_hp_gain":5,"max_hp_loss":0,"event_name":"Big Fish","floor":2,"gold_loss":0},{"damage_healed":0,"gold_gain":0,"player_choice":"Ignored","damage_taken":0,"max_hp_gain":0,"max_hp_loss":0,"event_name":"Shining Light","floor":4,"gold_loss":0},{"damage_healed":0,"gold_gain":0,"player_choice":"Success","damage_taken":33,"relics_obtained":["Incense Burner"],"max_hp_gain":0,"max_hp_loss":0,"event_name":"Scrap Ooze","floor":8,"gold_loss":0},{"damage_healed":0,"gold_gain":0,"player_choice":"Left Gold","damage_taken":0,"max_hp_gain":0,"max_hp_loss":0,"event_name":"World of Goop","floor":12,"gold_loss":28}],"is_beta":false,"boss_relics":[],"items_purged_floors":[13],"is_endless":false,"potions_floor_spawned":[1,14],"killed_by":"Slime Boss","ascension_level":14}