{"gold_per_floor":[109,109,34,34,52,52,71,71,125,185,260,260,260,185,185,288,288,302,377,225,243,262,262,280,280,280,294,294,307,327,54,54,153,153,166,0,0,100,117,444,444,444,444,73,73],"floor_reached":45,"playtime":1624,"items_purged":["Defend_R","Strike_R","Strike_R"],"score":504,"play_id":"69502543-19bd-462d-b4c6-30fc3684bd46","local_time":"20181126160356","is_ascension_mode":false,"campfire_choices":[{"data":"Armaments","floor":6,"key":"SMITH"},{"floor":13,"key":"REST"},{"floor":15,"key":"RECALL"},{"data":"Inflame","floor":23,"key":"SMITH"},{"floor":25,"key":"REST"},{"floor":32,"key":"REST"},{"floor":41,"key":"REST"}],"neow_cost":"PERCENT_DAMAGE","seed_source_timestamp":3561484635847,"circlet_count":0,"master_deck":["Defend_R","Defend_R","Bash","Armaments+1","Inflame+1","Clash","Pommel Strike","Iron Wave","Feed","Clash","Body Slam+1","Clash+1","Thunderclap","Juggernaut","Clash+1","Clash+1","Shrug It Off+1","Ghostly Armor"],"relics":["Burning Blood","Dream Catcher","Oddly Smooth Stone","Lizard Tail","Happy Flower","Black Star","Red Mask","WingedGreaves","Ginger","Old Coin","Prayer Wheel","Vajra","PreservedInsect"],"potions_floor_usage":[10,12,18,22,27,35,38,40],"damage_taken":[{"damage":3,"enemies":"2 Louse","floor":1,"turns":4},{"damage":17,"enemies":"Small Slimes","floor":5,"turns":5},{"damage":4,"enemies":"Cultist","floor":7,"turns":4},{"damage":21,"enemies":"3 Sentries","floor":10,"turns":8},{"damage":0,"enemies":"The Mushroom Lair","floor":12,"turns":1},{"damage":55,"enemies":"Hexaghost","floor":16,"turns":11},{"damage":20,"enemies":"Spheric Guardian","floor":18,"turns":5},{"damage":0,"enemies":"Shell Parasite","floor":21,"turns":3},{"damage":6,"enemies":"Shelled Parasite and Fungi","floor":22,"turns":2},{"damage":28,"enemies":"Snake Plant","floor":24,"turns":4},{"damage":20,"enemies":"Sentry and Sphere","floor":27,"turns":4},{"damage":19,"enemies":"Snecko","floor":29,"turns":5},{"damage":11,"enemies":"Snake Plant","floor":30,"turns":4},{"damage":43,"enemies":"Collector","floor":33,"turns":6},{"damage":29,"enemies":"3 Darklings","floor":35,"turns":4},{"damage":0,"enemies":"Mind Bloom Boss Battle","floor":38,"turns":6},{"damage":12,"enemies":"Orb Walker","floor":39,"turns":3},{"damage":59,"enemies":"Giant Head","floor":40,"turns":7},{"damage":85,"enemies":"Nemesis","floor":45,"turns":7}],"seed_played":"-8272558650850594029","potions_obtained":[{"floor":5,"key":"SmokeBomb"},{"floor":7,"key":"Regen Potion"},{"floor":16,"key":"SkillPotion"},{"floor":21,"key":"SkillPotion"},{"floor":24,"key":"Fire Potion"},{"floor":29,"key":"SpeedPotion"},{"floor":33,"key":"AttackPotion"},{"floor":38,"key":"SkillPotion"}],"is_trial":false,"path_per_floor":["M","?","$","?","M","R","M","?","T","?","?","?","R","$","R","B",null,"M","?","$","M","M","R","M","R","T","M","?","M","M","$","R","B",null,"M","?","?","?","M","E","R","?","T","$","E"],"character_chosen":"IRONCLAD","items_purchased":["Inflame","Clash","Happy Flower","Vajra","PreservedInsect","Ghostly Armor"],"campfire_rested":4,"item_purchase_floors":[3,20,31,44,44,44],"current_hp_per_floor":[59,59,59,59,48,48,50,43,43,43,32,38,62,62,62,13,80,70,62,62,68,71,71,49,75,75,61,61,48,43,43,69,32,87,64,64,64,70,64,11,37,37,37,37,0],"gold":73,"neow_bonus":"REMOVE_TWO","is_prod":false,"is_daily":false,"chose_seed":false,"campfire_upgraded":2,"win_rate":0,"timestamp":1543244636,"path_taken":["M","?","$","?","M","R","?","?","T","?","?","?","R","?","R","BOSS","M","?","?","?","M","R","M","R","T","M","?","M","M","$","R","BOSS","M","?","?","?","?","E","R","?","T","$","E"],"build_version":"2018-11-15","purchased_purges":3,"victory":false,"max_hp_per_floor":[80,80,80,80,80,80,80,80,80,80,80,80,80,80,80,80,80,84,84,84,84,87,87,87,87,87,87,87,87,87,87,87,87,87,87,87,87,87,87,87,87,87,87,87,87],"card_choices":[{"not_picked":["Thunderclap","Searing Blow"],"picked":"Armaments","floor":1},{"not_picked":["Wild Strike","Corruption"],"picked":"Clash","floor":5},{"not_picked":["True Grit","Uppercut"],"picked":"Pommel Strike","floor":7},{"not_picked":["Combust","Warcry"],"picked":"Iron Wave","floor":10},{"not_picked":["Reaper","Brutality"],"picked":"Feed","floor":16},{"not_picked":["Armaments","Sword Boomerang","Hemokinesis+1"],"picked":"SKIP","floor":18},{"not_picked":["Twin Strike","Entrench+1"],"picked":"Body Slam+1","floor":21},{"not_picked":["Havoc","Combust","Wild Strike"],"picked":"SKIP","floor":22},{"not_picked":["Reckless Charge","Hemokinesis","True Grit+1"],"picked":"SKIP","floor":24},{"not_picked":["Hemokinesis","Sword Boomerang+1"],"picked":"Clash+1","floor":25},{"not_picked":["Combust+1","Feel No Pain","Hemokinesis"],"picked":"SKIP","floor":27},{"not_picked":["Flex","Burning Pact","Bludgeon"],"picked":"SKIP","floor":29},{"not_picked":["Feel No Pain+1","Cleave","Bloodletting+1"],"picked":"SKIP","floor":30},{"not_picked":["Sword Boomerang","Entrench"],"picked":"Thunderclap","floor":32},{"not_picked":["Fiend Fire","Immolate"],"picked":"Juggernaut","floor":33},{"not_picked":["Warcry","Headbutt+1","Pommel Strike"],"picked":"SKIP","floor":35},{"not_picked":["Uppercut","Twin Strike+1"],"picked":"Clash+1","floor":38},{"not_picked":["Double Tap","Pommel Strike+1"],"picked":"Clash+1","floor":39},{"not_picked":["Rage","Headbutt+1"],"picked":"Shrug It Off+1","floor":40}],"player_experience":141793,"relics_obtained":[{"floor":9,"key":"Dream Catcher"},{"floor":10,"key":"Oddly Smooth Stone"},{"floor":38,"key":"WingedGreaves"},{"floor":40,"key":"Ginger"},{"floor":40,"key":"Old Coin"},{"floor":43,"key":"Prayer Wheel"}],"event_choices":[{"cards_removed":["Strike_R"],"damage_healed":0,"gold_gain":0,"player_choice":"Forget","damage_taken":0,"max_hp_gain":0,"max_hp_loss":0,"event_name":"Living Wall","floor":2,"gold_loss":0},{"damage_healed":0,"gold_gain":0,"player_choice":"Cursed","damage_taken":0,"max_hp_gain":0,"max_hp_loss":0,"event_name":"Wheel of Change","floor":4,"gold_loss":0,"cards_obtained":["Decay"]},{"cards_removed":["Decay"],"damage_healed":0,"gold_gain":0,"player_choice":"Card Removal","damage_taken":7,"max_hp_gain":0,"max_hp_loss":0,"event_name":"Golden Wing","floor":8,"gold_loss":0},{"damage_healed":0,"gold_gain":0,"player_choice":"Searched \u00271\u0027 times","damage_taken":0,"max_hp_gain":0,"max_hp_loss":0,"event_name":"Dead Adventurer","floor":10,"gold_loss":0},{"damage_healed":0,"gold_gain":75,"player_choice":"Gather Gold","damage_taken":11,"max_hp_gain":0,"max_hp_loss":0,"event_name":"World of Goop","floor":11,"gold_loss":0},{"damage_healed":0,"gold_gain":0,"player_choice":"Fought Mushrooms","damage_taken":0,"max_hp_gain":0,"max_hp_loss":0,"event_name":"Mushrooms","floor":12,"gold_loss":0},{"damage_healed":0,"gold_gain":75,"player_choice":"Touch","damage_taken":8,"max_hp_gain":0,"max_hp_loss":0,"event_name":"FaceTrader","floor":19,"gold_loss":0},{"cards_removed":["Strike_R"],"damage_healed":0,"gold_gain":0,"player_choice":"Elegance","damage_taken":0,"max_hp_gain":0,"max_hp_loss":0,"event_name":"Back to Basics","floor":28,"gold_loss":0},{"damage_healed":0,"gold_gain":0,"player_choice":"Paid","damage_taken":0,"relics_obtained":["Red Mask"],"max_hp_gain":0,"max_hp_loss":0,"event_name":"Tomb of Lord Red Mask","floor":36,"gold_loss":166},{"damage_healed":0,"gold_gain":0,"player_choice":"Ignored","damage_taken":0,"max_hp_gain":0,"max_hp_loss":0,"event_name":"Mysterious Sphere","floor":37,"gold_loss":0},{"damage_healed":0,"gold_gain":0,"player_choice":"Fight","damage_taken":0,"max_hp_gain":0,"max_hp_loss":0,"event_name":"MindBloom","floor":38,"gold_loss":0},{"damage_healed":0,"gold_gain":0,"player_choice":"Ignored","damage_taken":0,"max_hp_gain":0,"max_hp_loss":0,"event_name":"The Moai Head","floor":42,"gold_loss":0}],"is_beta":false,"boss_relics":[{"not_picked":["Calling Bell","Snecko Eye"],"picked":"Lizard Tail"},{"not_picked":["Empty Cage","Eternal Feather"],"picked":"Black Star"}],"items_purged_floors":[14,20,31],"is_endless":false,"potions_floor_spawned":[5,7,12,16,21,24,29,33,38],"killed_by":"Nemesis","ascension_level":0}