{"gold_per_floor":[116,116,133,133,211,211,386,386,413,433,433,92,106,123,123,222,222,232,232,307,318,318,347,347,362,362,362,362],"floor_reached":28,"playtime":724,"items_purged":["Doubt"],"score":226,"play_id":"7ee74e38-3e58-4ed5-8556-bbc1bd1f07ce","local_time":"20190603134028","is_ascension_mode":false,"campfire_choices":[{"data":"Perfected Strike","floor":6,"key":"SMITH"},{"data":"Metallicize","floor":11,"key":"SMITH"},{"data":"Mayhem","floor":15,"key":"SMITH"},{"floor":24,"key":"REST"}],"neow_cost":"NONE","seed_source_timestamp":26431671538729,"circlet_count":0,"master_deck":["Strike_R","Strike_R","Strike_R","Strike_R","Strike_R","Defend_R","Defend_R","Defend_R","Defend_R","Bash+1","Perfected Strike+1","Metallicize+1","Mayhem+1","Metallicize","Perfected Strike","Feed","RitualDagger","Disarm","Decay"],"relics":["White Beast Statue"],"potions_floor_usage":[13,14,16,18,21,23,23,28],"damage_taken":[{"damage":8,"enemies":"Jaw Worm","floor":1,"turns":4},{"damage":1,"enemies":"2 Louse","floor":3,"turns":4},{"damage":2,"enemies":"Small Slimes","floor":10,"turns":3},{"damage":8,"enemies":"Blue Slaver","floor":13,"turns":3},{"damage":11,"enemies":"Exordium Thugs","floor":14,"turns":3},{"damage":23,"enemies":"Slime Boss","floor":16,"turns":7},{"damage":0,"enemies":"Chosen","floor":18,"turns":4},{"damage":27,"enemies":"2 Thieves","floor":21,"turns":4},{"damage":39,"enemies":"Book of Stabbing","floor":23,"turns":6},{"damage":21,"enemies":"Centurion and Healer","floor":25,"turns":6},{"damage":20,"enemies":"Snecko","floor":28,"turns":5}],"seed_played":"1165878639222642647","potions_obtained":[{"floor":1,"key":"Swift Potion"},{"floor":3,"key":"FearPotion"},{"floor":10,"key":"FearPotion"},{"floor":13,"key":"FearPotion"},{"floor":14,"key":"LiquidBronze"},{"floor":16,"key":"Ancient Potion"},{"floor":18,"key":"Explosive Potion"},{"floor":21,"key":"BloodPotion"},{"floor":23,"key":"SpeedPotion"},{"floor":25,"key":"SpeedPotion"}],"is_trial":false,"path_per_floor":["M","?","M","?","?","R","?","?","T","M","R","$","M","M","R","B",null,"M","?","?","M","?","E","R","M","T","?","M"],"character_chosen":"IRONCLAD","items_purchased":["Mayhem","Metallicize","Perfected Strike"],"campfire_rested":1,"item_purchase_floors":[12,12,12],"current_hp_per_floor":[72,77,76,76,76,76,76,76,76,74,74,74,66,55,55,32,85,85,79,71,44,44,13,38,17,17,17,0],"gold":362,"neow_bonus":"BOSS_RELIC","is_prod":false,"is_daily":false,"chose_seed":false,"campfire_upgraded":3,"win_rate":0,"timestamp":1559562028,"path_taken":["M","?","M","?","?","R","?","?","T","M","R","$","M","M","R","BOSS","M","?","?","?","?","E","R","M","T","?","M"],"build_version":"2019-01-23","purchased_purges":1,"victory":false,"max_hp_per_floor":[80,85,85,85,85,85,85,85,85,85,85,85,85,85,85,85,85,85,85,85,85,85,85,85,85,85,85,85],"card_choices":[{"not_picked":["Flex","Reckless Charge","Anger"],"picked":"SKIP","floor":1},{"not_picked":["Whirlwind","Clash"],"picked":"Perfected Strike","floor":3},{"not_picked":["Body Slam","Dropkick"],"picked":"Metallicize","floor":10},{"not_picked":["Clash","Searing Blow","Cleave"],"picked":"SKIP","floor":13},{"not_picked":["Thunderclap","Searing Blow","Uppercut"],"picked":"SKIP","floor":14},{"not_picked":["Reaper","Double Tap"],"picked":"Feed","floor":16},{"not_picked":["Clothesline","Body Slam","Havoc"],"picked":"SKIP","floor":18},{"not_picked":["Burning Pact+1","Reckless Charge","Warcry+1"],"picked":"SKIP","floor":21},{"not_picked":["Corruption","Uppercut"],"picked":"Disarm","floor":23},{"not_picked":["Iron Wave","Body Slam","Sword Boomerang"],"picked":"SKIP","floor":25}],"player_experience":288340,"relics_obtained":[],"event_choices":[{"damage_healed":0,"gold_gain":0,"player_choice":"Donut","damage_taken":0,"max_hp_gain":5,"max_hp_loss":0,"event_name":"Big Fish","floor":2,"gold_loss":0},{"damage_healed":0,"gold_gain":0,"player_choice":"Grow","damage_taken":0,"max_hp_gain":0,"max_hp_loss":0,"event_name":"Living Wall","floor":4,"gold_loss":0,"cards_upgraded":["Bash"]},{"damage_healed":0,"gold_gain":78,"player_choice":"Gained Gold","damage_taken":0,"max_hp_gain":0,"max_hp_loss":0,"event_name":"Golden Wing","floor":5,"gold_loss":0},{"damage_healed":0,"gold_gain":175,"player_choice":"AGREE","damage_taken":0,"max_hp_gain":0,"max_hp_loss":0,"event_name":"Liars Game","floor":7,"gold_loss":0,"cards_obtained":["Doubt"]},{"damage_healed":0,"gold_gain":0,"player_choice":"Ignored","damage_taken":0,"max_hp_gain":0,"max_hp_loss":0,"event_name":"Golden Idol","floor":8,"gold_loss":0},{"damage_healed":0,"gold_gain":0,"player_choice":"Joined the Cult","damage_taken":6,"max_hp_gain":0,"max_hp_loss":0,"event_name":"Nest","floor":19,"gold_loss":0,"cards_obtained":["RitualDagger"]},{"damage_healed":0,"gold_gain":75,"player_choice":"Touch","damage_taken":8,"max_hp_gain":0,"max_hp_loss":0,"event_name":"FaceTrader","floor":20,"gold_loss":0},{"damage_healed":0,"gold_gain":0,"player_choice":"Ignored","damage_taken":0,"max_hp_gain":0,"max_hp_loss":0,"event_name":"Cursed Tome","floor":22,"gold_loss":0},{"damage_healed":0,"gold_gain":0,"player_choice":"Smashed Altar","damage_taken":0,"max_hp_gain":0,"max_hp_loss":0,"event_name":"Forgotten Altar","floor":27,"gold_loss":0,"cards_obtained":["Decay"]}],"is_beta":false,"boss_relics":[{"not_picked":["Black Star","Coffee Dripper","Calling Bell"]}],"items_purged_floors":[12],"is_endless":false,"potions_floor_spawned":[1,3,10,13,14,16,18,21,23,25],"killed_by":"Snecko","ascension_level":0}