{"gold_per_floor":[116,116,129,143,93,119,44,56,108,138,208,208,208,220,220,220],"floor_reached":16,"playtime":417,"items_purged":["Strike_R"],"score":100,"play_id":"d8882a0b-a45c-47fb-9d66-974df630c226","local_time":"20190422125851","is_ascension_mode":false,"campfire_choices":[{"data":"Clash","floor":13,"key":"SMITH"},{"data":"Combust","floor":15,"key":"SMITH"}],"neow_cost":"NONE","seed_source_timestamp":634499797701179,"circlet_count":0,"master_deck":["Strike_R","Strike_R","Strike_R","Defend_R","Defend_R","Defend_R","Defend_R","Bash","Inflame","Evolve","Thunderclap","Burning Pact","Clash+1","Reaper","Combust+1"],"relics":["Burning Blood","NeowsBlessing","NlothsMask","Meat on the Bone","Odd Mushroom","Darkstone Periapt","Blue Candle"],"potions_floor_usage":[6,6,16,16],"damage_taken":[{"damage":0,"enemies":"Small Slimes","floor":1,"turns":1},{"damage":0,"enemies":"Cultist","floor":3,"turns":1},{"damage":0,"enemies":"2 Louse","floor":4,"turns":1},{"damage":28,"enemies":"Gremlin Nob","floor":6,"turns":4},{"damage":26,"enemies":"Large Slime","floor":8,"turns":8},{"damage":22,"enemies":"The Mushroom Lair","floor":10,"turns":4},{"damage":12,"enemies":"Blue Slaver","floor":14,"turns":3},{"damage":59,"enemies":"The Guardian","floor":16,"turns":10}],"seed_played":"6257509409948964411","potions_obtained":[{"floor":1,"key":"Poison Potion"},{"floor":4,"key":"Swift Potion"},{"floor":10,"key":"Block Potion"},{"floor":14,"key":"SpeedPotion"}],"is_trial":false,"path_per_floor":["M","?","M","M","?","E","$","M","T","?","T","T","R","M","R","B"],"character_chosen":"IRONCLAD","items_purchased":[],"campfire_rested":0,"item_purchase_floors":[],"current_hp_per_floor":[80,80,80,80,80,58,58,50,50,46,46,46,46,52,52,0],"gold":220,"neow_bonus":"THREE_ENEMY_KILL","is_prod":false,"is_daily":false,"chose_seed":false,"campfire_upgraded":2,"win_rate":0,"timestamp":1555930731,"path_taken":["M","?","M","?","?","E","$","M","T","?","?","?","R","?","R","BOSS"],"build_version":"2019-01-23","purchased_purges":1,"victory":false,"max_hp_per_floor":[80,80,80,80,80,80,80,80,80,80,80,80,80,80,80,80],"card_choices":[{"not_picked":["Twin Strike","Disarm"],"picked":"Inflame","floor":1},{"not_picked":["Sever Soul","Armaments"],"picked":"Evolve","floor":3},{"not_picked":["Uppercut","Iron Wave"],"picked":"Thunderclap","floor":4},{"not_picked":["Dual Wield","Ghostly Armor"],"picked":"Burning Pact","floor":6},{"not_picked":["Wild Strike","Pommel Strike"],"picked":"Clash","floor":8},{"not_picked":["Corruption","Body Slam"],"picked":"Reaper","floor":10},{"not_picked":["Iron Wave","Pummel"],"picked":"Combust","floor":14}],"player_experience":255513,"relics_obtained":[{"floor":6,"key":"Meat on the Bone"},{"floor":10,"key":"Odd Mushroom"},{"floor":11,"key":"Darkstone Periapt"},{"floor":12,"key":"Blue Candle"}],"event_choices":[{"damage_healed":0,"gold_gain":0,"player_choice":"Trade","damage_taken":0,"relics_obtained":["NlothsMask"],"max_hp_gain":0,"max_hp_loss":0,"event_name":"FaceTrader","floor":2,"gold_loss":0},{"cards_removed":["Strike_R"],"damage_healed":0,"gold_gain":0,"player_choice":"Card Removal","damage_taken":0,"max_hp_gain":0,"max_hp_loss":0,"event_name":"The Cleric","floor":5,"gold_loss":50},{"damage_healed":0,"gold_gain":0,"player_choice":"Fought Mushrooms","damage_taken":0,"max_hp_gain":0,"max_hp_loss":0,"event_name":"Mushrooms","floor":10,"gold_loss":0}],"is_beta":false,"boss_relics":[],"items_purged_floors":[7],"is_endless":false,"potions_floor_spawned":[1,4,10,14],"killed_by":"The Guardian","ascension_level":0}