{"gold_per_floor":[117,188,113,38,58,69,69,80,134,134,134,134,160,174,174,174],"floor_reached":16,"playtime":2273,"items_purged":["Strike_B"],"score":195,"play_id":"e42a1e9e-0411-4aeb-b6a6-5eff3c6f694b","local_time":"20190601095326","is_ascension_mode":true,"campfire_choices":[{"data":"Genetic Algorithm","floor":7,"key":"SMITH"},{"data":"Zap","floor":10,"key":"SMITH"},{"floor":15,"key":"REST"}],"neow_cost":"PERCENT_DAMAGE","seed_source_timestamp":3318782384400,"circlet_count":0,"master_deck":["AscendersBane","Defend_B","Defend_B","Defend_B","Zap+1","Dualcast","Storm","Heatsinks","Reinforced Body","Genetic Algorithm+1","Ball Lightning","Cold Snap","Go for the Eyes"],"relics":["Cracked Core","Matryoshka","Pear","Tiny Chest","SsserpentHead","Bottled Lightning"],"potions_floor_usage":[13,13],"damage_taken":[{"damage":6,"enemies":"Cultist","floor":1,"turns":3},{"damage":6,"enemies":"Jaw Worm","floor":5,"turns":6},{"damage":7,"enemies":"Small Slimes","floor":6,"turns":5},{"damage":6,"enemies":"3 Louse","floor":8,"turns":3},{"damage":36,"enemies":"Gremlin Nob","floor":13,"turns":4},{"damage":2,"enemies":"Red Slaver","floor":14,"turns":3},{"damage":31,"enemies":"Hexaghost","floor":16,"turns":9}],"seed_played":"7811114321603926206","potions_obtained":[{"floor":5,"key":"Swift Potion"},{"floor":8,"key":"Regen Potion"}],"is_trial":false,"path_per_floor":["M","T","?","$","M","M","R","M","T","R","?","?","E","M","R","B"],"character_chosen":"DEFECT","items_purchased":[],"campfire_rested":1,"item_purchase_floors":[],"current_hp_per_floor":[40,40,40,40,34,27,27,21,31,31,31,31,7,5,29,0],"gold":174,"neow_bonus":"TRANSFORM_TWO_CARDS","is_prod":false,"is_daily":false,"chose_seed":false,"campfire_upgraded":2,"win_rate":0,"timestamp":1559408006,"path_taken":["M","?","?","?","?","M","R","M","T","R","?","?","E","M","R","BOSS"],"build_version":"2019-01-23","purchased_purges":1,"victory":false,"max_hp_per_floor":[71,71,71,71,71,71,71,71,81,81,81,81,81,81,81,81],"card_choices":[{"not_picked":["Turbo","Genetic Algorithm"],"picked":"Reinforced Body","floor":1},{"not_picked":["Go for the Eyes","Turbo"],"picked":"Genetic Algorithm","floor":5},{"not_picked":["Go for the Eyes","Leap"],"picked":"Ball Lightning","floor":6},{"not_picked":["Steam","Compile Driver"],"picked":"Cold Snap","floor":8},{"not_picked":["Consume","Compile Driver","Stack"],"picked":"SKIP","floor":13},{"not_picked":["Aggregate","Hyperbeam"],"picked":"Go for the Eyes","floor":14}],"player_experience":802887,"relics_obtained":[{"floor":2,"key":"Matryoshka"},{"floor":9,"key":"Pear"},{"floor":9,"key":"Tiny Chest"},{"floor":13,"key":"Bottled Lightning"}],"event_choices":[{"cards_removed":["Strike_B"],"damage_healed":0,"gold_gain":0,"player_choice":"Card Removal","damage_taken":0,"max_hp_gain":0,"max_hp_loss":0,"event_name":"The Cleric","floor":3,"gold_loss":75},{"cards_removed":["Defend_B"],"damage_healed":0,"gold_gain":0,"player_choice":"Forget","damage_taken":0,"max_hp_gain":0,"max_hp_loss":0,"event_name":"Living Wall","floor":11,"gold_loss":0},{"damage_healed":0,"gold_gain":0,"player_choice":"Trade","damage_taken":0,"relics_obtained":["SsserpentHead"],"max_hp_gain":0,"max_hp_loss":0,"event_name":"FaceTrader","floor":12,"gold_loss":0}],"is_beta":false,"boss_relics":[],"items_purged_floors":[4],"is_endless":false,"potions_floor_spawned":[5,8],"killed_by":"Hexaghost","ascension_level":19}