{"gold_per_floor":[119,130,143,73,100,100,100,114,165,178,178,22,34,57,69,179,191,213,225,237,268,296,341,353,383,395,407,334,380,406,49,49,151,151,162,162,38,38,53,53,53,72,129,148,168,197,103,113,113,113],"floor_reached":50,"playtime":2007,"items_purged":["Strike_G","Strike_G"],"score":709,"play_id":"1d05b45c-5dde-4bf5-a98e-ebbfe134b2ea","local_time":"20180720232117","daily_mods":["Brewmaster","Heirloom","Allstar","Time Dilation"],"is_ascension_mode":false,"campfire_choices":[{"data":"Venomology","floor":7,"key":"SMITH"},{"data":"Glass Knife","floor":11,"key":"SMITH"},{"data":"Setup","floor":15,"key":"SMITH"},{"data":"RitualDagger","floor":24,"key":"SMITH"},{"data":"Venomology","floor":27,"key":"SMITH"},{"data":"Venomology","floor":32,"key":"SMITH"},{"data":"Slice","floor":40,"key":"SMITH"},{"floor":49,"key":"REST"}],"neow_cost":"","seed_source_timestamp":0,"circlet_count":0,"master_deck":["Defend_G","Defend_G","Defend_G","Defend_G","Defend_G","Strike_G+1","Strike_G","Survivor","Neutralize","Venomology+1","Venomology+1","Venomology+1","Venomology","Venomology+1","Enlightenment","Secret Technique","Enlightenment","Magnetism","Panache","Dagger Spray","Backflip","Slice+1","Blur","Glass Knife+1","Corpse Explosion","Slice+1","RitualDagger+1","Finisher","Backstab+1","Slice","Slice+1","Acrobatics+1","Concentrate+1","Madness+1","Apotheosis+1","Die Die Die","Slice+1","Slice+1","Madness+1","Madness+1","Deflect+1","Dodge and Roll+1","Slice+1","Slice+1","Panacea+1","Setup+1"],"relics":["Ring of the Snake","Thread and Needle","White Beast Statue","Whetstone","Strawberry","MawBank","Black Star","Ancient Tea Set","Art of War","Juzu Bracelet","Bronze Scales","Toxic Egg 2","Red Mask","WristBlade","Tiny Chest","Blood Vial","Lantern"],"potions_floor_usage":[1,1,1,1,1,1,2,2,2,2,3,3,3,8,8,8,8,10,10,10,10,14,14,14,14,14,14,16,16,16,16,16,16,18,18,21,21,21,22,22,22,22,22,23,23,23,23,23,23,25,25,25,25,29,29,29,29,30,30,30,33,33,33,33,33,33,33,33,39,42,42,42,42,42,44,44,44,44,44,44,44,45,45,45,45,45,45,46,46,46,48,48,50,50,50,50,50,50],"damage_taken":[{"damage":0,"enemies":"Cultist","floor":1,"turns":3},{"damage":0,"enemies":"Jaw Worm","floor":2,"turns":3},{"damage":0,"enemies":"Small Slimes","floor":3,"turns":4},{"damage":0,"enemies":"Red Slaver","floor":8,"turns":1},{"damage":0,"enemies":"Exordium Thugs","floor":10,"turns":3},{"damage":0,"enemies":"Looter","floor":14,"turns":3},{"damage":4,"enemies":"The Guardian","floor":16,"turns":6},{"damage":8,"enemies":"2 Thieves","floor":18,"turns":3},{"damage":6,"enemies":"3 Byrds","floor":21,"turns":2},{"damage":5,"enemies":"Centurion and Healer","floor":22,"turns":6},{"damage":13,"enemies":"Gremlin Leader","floor":23,"turns":6},{"damage":0,"enemies":"3 Cultists","floor":25,"turns":4},{"damage":1,"floor":29,"turns":3},{"damage":1,"enemies":"Cultist and Chosen","floor":30,"turns":2},{"damage":24,"enemies":"Automaton","floor":33,"turns":8},{"damage":1,"enemies":"3 Shapes","floor":35,"turns":1},{"damage":0,"enemies":"Orb Walker","floor":39,"turns":2},{"damage":7,"enemies":"3 Darklings","floor":42,"turns":3},{"damage":0,"enemies":"Sphere and 2 Shapes","floor":44,"turns":3},{"damage":16,"enemies":"Maw","floor":45,"turns":7},{"damage":23,"enemies":"2 Orb Walkers","floor":46,"turns":3},{"damage":6,"enemies":"3 Darklings","floor":48,"turns":4},{"damage":59,"enemies":"Donu and Deca","floor":50,"turns":4}],"seed_played":"-3592950759991044980","potions_obtained":[{"floor":1,"key":"Regen Potion"},{"floor":2,"key":"Fire Potion"},{"floor":3,"key":"Poison Potion"},{"floor":8,"key":"Fire Potion"},{"floor":10,"key":"EntropicBrew"},{"floor":14,"key":"FearPotion"},{"floor":16,"key":"AttackPotion"},{"floor":18,"key":"Dexterity Potion"},{"floor":22,"key":"EssenceOfSteel"},{"floor":23,"key":"Strength Potion"},{"floor":25,"key":"LiquidBronze"},{"floor":29,"key":"LiquidBronze"},{"floor":30,"key":"Explosive Potion"},{"floor":33,"key":"Dexterity Potion"},{"floor":35,"key":"GamblersBrew"},{"floor":42,"key":"AttackPotion"},{"floor":44,"key":"Poison Potion"},{"floor":45,"key":"Dexterity Potion"},{"floor":46,"key":"Ancient Potion"},{"floor":48,"key":"AttackPotion"}],"is_trial":true,"path_per_floor":["M","M","M","$","T","?","R","M","T","M","R","$","?","M","R","B",null,"M","?","?","M","M","E","R","M","T","R","?","?","M","$","R","B",null,"M","?","$","?","M","R","?","M","T","M","M","E","$","M","R"],"character_chosen":"THE_SILENT","items_purchased":["Blur","MawBank","Madness+1","Apotheosis+1","Slice","Panacea+1"],"campfire_rested":1,"item_purchase_floors":[4,12,31,31,37,47],"current_hp_per_floor":[70,70,70,70,70,70,70,70,77,77,77,77,77,77,77,73,77,69,63,63,62,57,44,44,44,44,44,44,43,42,42,42,18,77,76,76,76,66,66,66,66,59,59,59,43,20,20,16,39,0],"gold":113,"neow_bonus":"","is_prod":false,"is_daily":false,"chose_seed":false,"campfire_upgraded":7,"win_rate":0,"timestamp":1532096477,"path_taken":["M","M","M","$","?","?","R","M","T","?","R","$","?","M","R","BOSS","M","?","?","?","M","E","R","M","T","R","?","?","M","$","R","BOSS","M","?","$","?","M","R","?","M","T","M","M","E","$","M","R","BOSS"],"build_version":"2018-07-19v2","purchased_purges":2,"victory":false,"max_hp_per_floor":[70,70,70,70,70,70,70,70,77,77,77,77,77,77,77,77,77,77,77,77,77,77,77,77,77,77,77,77,77,77,77,77,77,77,77,77,77,77,77,77,77,77,77,77,77,77,77,77,77,77],"card_choices":[{"not_picked":["Eviscerate","Underhanded Strike"],"picked":"Dagger Spray","floor":1},{"not_picked":["All Out Attack","Eviscerate"],"picked":"Backflip","floor":2},{"not_picked":["Cloak And Dagger","Poisoned Stab"],"picked":"Slice","floor":3},{"not_picked":["Quick Slash","Heel Hook","Outmaneuver"],"picked":"SKIP","floor":8},{"not_picked":["Tactician","Acrobatics"],"picked":"Glass Knife","floor":10},{"not_picked":["Endless Agony","Flying Knee"],"picked":"Setup","floor":14},{"not_picked":["Wraith Form v2","Phantasmal Killer"],"picked":"Corpse Explosion","floor":16},{"not_picked":["Dagger Spray+1","Dodge and Roll+1"],"picked":"Slice+1","floor":18},{"not_picked":["Bane","Acrobatics"],"picked":"Finisher","floor":21},{"not_picked":["Slice","Bane"],"picked":"Backstab+1","floor":22},{"not_picked":["Noxious Fumes","Masterful Stab"],"picked":"Slice","floor":23},{"not_picked":["Dodge and Roll+1","Deadly Poison"],"picked":"Slice+1","floor":25},{"not_picked":["Heel Hook","Cloak And Dagger+1"],"picked":"Acrobatics+1","floor":29},{"not_picked":["Slice+1","Blade Dance+1"],"picked":"Concentrate+1","floor":30},{"not_picked":["Storm of Steel+1","Wraith Form v2"],"picked":"Die Die Die","floor":33},{"not_picked":["Poisoned Stab+1","Concentrate+1"],"picked":"Slice+1","floor":35},{"not_picked":["Deadly Poison+1","Quick Slash"],"picked":"Deflect+1","floor":39},{"not_picked":["Acrobatics+1","Grand Finale"],"picked":"Dodge and Roll+1","floor":42},{"not_picked":["Underhanded Strike+1","Dagger Spray"],"picked":"Slice+1","floor":44},{"not_picked":["Underhanded Strike","Concentrate+1","Eviscerate"],"picked":"SKIP","floor":45},{"not_picked":["Grand Finale","Dagger Throw+1"],"picked":"Slice+1","floor":46},{"not_picked":["Prepared+1","Acrobatics+1"],"picked":"Setup+1","floor":48}],"player_experience":216753,"relics_obtained":[{"floor":5,"key":"Whetstone"},{"floor":9,"key":"Strawberry"},{"floor":23,"key":"Art of War"},{"floor":23,"key":"Juzu Bracelet"},{"floor":26,"key":"Bronze Scales"},{"floor":29,"key":"Red Mask"},{"floor":43,"key":"Tiny Chest"},{"floor":46,"key":"Blood Vial"},{"floor":46,"key":"Lantern"}],"event_choices":[{"event_name":"Upgrade Shrine","player_choice":"Upgraded","floor":6,"damage_taken":0},{"event_name":"Purifier","player_choice":"One Purge","floor":13,"damage_taken":0},{"event_name":"Nest","player_choice":"Joined the Cult","floor":19,"damage_taken":0},{"event_name":"The Mausoleum","player_choice":"Yes","floor":20,"damage_taken":0},{"event_name":"Addict","player_choice":"Obtained Relic","floor":28,"damage_taken":0},{"event_name":"Masked Bandits","player_choice":"Fought over 346 gold","floor":29,"damage_taken":0},{"event_name":"Fountain of Cleansing","player_choice":"Removed Curse","floor":36,"damage_taken":0},{"event_name":"Winding Halls","player_choice":"Embrace Madness","floor":38,"damage_taken":0},{"event_name":"Falling","player_choice":"Removed Skill","floor":41,"damage_taken":0}],"is_beta":false,"boss_relics":[{"not_picked":["Ring of the Serpent","Snecko Eye"],"picked":"Black Star"},{"not_picked":["Calling Bell","Fusion Hammer"],"picked":"WristBlade"}],"items_purged_floors":[31,37],"is_endless":true,"potions_floor_spawned":[1,2,3,8,10,14,16,18,21,22,23,25,29,30,33,35,39,42,44,45,46,48],"killed_by":"Donu and Deca","ascension_level":0}