{"gold_per_floor":[115,132,132,132,147,147,170,170,170,205,220,264,264,285,285,408,408,422,422,337,462,485,485,519,539,539,539,539,563,563,587,587,706,706,721,721,737,756,802,802,1024,1357,1357,1357,118,137,156,172,172,172,172,172,3,31,31],"floor_reached":55,"playtime":2431,"items_purged":["Accuracy+1","Regret"],"score":679,"play_id":"58afc02e-5216-4711-bd72-96666babc940","local_time":"20190319185740","is_ascension_mode":false,"campfire_choices":[{"floor":6.0,"key":"RECALL"},{"floor":13.0,"key":"REST"},{"floor":15.0,"key":"REST"},{"data":"Bouncing Flask","floor":23.0,"key":"SMITH"},{"floor":27.0,"key":"REST"},{"data":"Neutralize","floor":30.0,"key":"SMITH"},{"floor":32.0,"key":"REST"},{"data":"Catalyst","floor":40.0,"key":"SMITH"},{"data":"Deadly Poison","floor":44.0,"key":"SMITH"},{"floor":49.0,"key":"REST"},{"data":"Calculated Gamble","floor":52,"key":"SMITH"}],"neow_cost":"NONE","seed_source_timestamp":507914126504479,"circlet_count":0,"master_deck":["Survivor","Neutralize+1","Deadly Poison+1","Dagger Spray","Deadly Poison","Bane","Poisoned Stab","Bouncing Flask+1","Malaise+1","Crippling Poison+1","Deadly Poison","Caltrops","Backflip+1","Skewer","Corpse Explosion","Well Laid Plans+1","Endless Agony","Catalyst+1","Blade Dance","Bane","Backflip","All Out Attack","Backflip","Calculated Gamble+1","Regret","Blind","Secret Technique","Bullet Time","Wraith Form v2+1","Noxious Fumes+1","Slice+1"],"special_seed":0,"relics":["Ring of the Snake","NeowsBlessing","Peace Pipe","Art of War","Bottled Flame","Cursed Key","Thread and Needle","StoneCalendar","Mercury Hourglass","Red Mask","Frozen Egg 2","Pandora\u0027s Box","War Paint","Unceasing Top","ClockworkSouvenir","Blue Candle","Meat on the Bone","Ornamental Fan"],"potions_floor_usage":[50,50,54],"damage_taken":[{"damage":0.0,"enemies":"Cultist","floor":1.0,"turns":1.0},{"damage":0.0,"enemies":"Small Slimes","floor":2.0,"turns":1.0},{"damage":0.0,"enemies":"2 Louse","floor":5.0,"turns":1.0},{"damage":0.0,"enemies":"Blue Slaver","floor":7.0,"turns":4.0},{"damage":13.0,"enemies":"Lagavulin","floor":10.0,"turns":6.0},{"damage":8.0,"enemies":"2 Fungi Beasts","floor":11.0,"turns":3.0},{"damage":12.0,"enemies":"Gremlin Nob","floor":12.0,"turns":3.0},{"damage":12.0,"enemies":"3 Louse","floor":14.0,"turns":3.0},{"damage":44.0,"enemies":"Hexaghost","floor":16.0,"turns":7.0},{"damage":6.0,"enemies":"3 Byrds","floor":18.0,"turns":4.0},{"damage":6.0,"enemies":"Colosseum Slavers","floor":21.0,"turns":4.0},{"damage":9.0,"enemies":"Colosseum Nobs","floor":21.0,"turns":5.0},{"damage":12.0,"enemies":"2 Thieves","floor":22.0,"turns":3.0},{"damage":11.0,"enemies":"Masked Bandits","floor":24.0,"turns":4.0},{"damage":15.0,"enemies":"Shelled Parasite and Fungi","floor":25.0,"turns":4.0},{"damage":7.0,"enemies":"Centurion and Healer","floor":29.0,"turns":5.0},{"damage":2.0,"enemies":"Snake Plant","floor":31.0,"turns":4.0},{"damage":31.0,"enemies":"Champ","floor":33.0,"turns":10.0},{"damage":5.0,"enemies":"3 Shapes","floor":35.0,"turns":2.0},{"damage":7.0,"enemies":"Orb Walker","floor":37.0,"turns":2.0},{"damage":9.0,"enemies":"Sphere and 2 Shapes","floor":38.0,"turns":4.0},{"damage":14.0,"enemies":"3 Darklings","floor":46.0,"turns":2.0},{"damage":1.0,"enemies":"Spire Growth","floor":47.0,"turns":5.0},{"damage":8.0,"enemies":"4 Shapes","floor":48.0,"turns":2.0},{"damage":39,"enemies":"Donu and Deca","floor":50,"turns":4},{"damage":31,"enemies":"Shield and Spear","floor":54,"turns":4},{"damage":54,"enemies":"The Heart","floor":55,"turns":5}],"seed_played":"-444951148227512345","potions_obtained":[{"floor":2.0,"key":"EssenceOfSteel"},{"floor":10.0,"key":"Poison Potion"},{"floor":12.0,"key":"AttackPotion"},{"floor":16.0,"key":"LiquidBronze"},{"floor":22.0,"key":"FearPotion"},{"floor":24.0,"key":"FearPotion"},{"floor":25.0,"key":"FearPotion"},{"floor":31.0,"key":"SkillPotion"},{"floor":33.0,"key":"Poison Potion"},{"floor":37.0,"key":"Swift Potion"},{"floor":47.0,"key":"GhostInAJar"}],"is_trial":false,"path_per_floor":["M","M","?","?","M","R","M","?","T","E","M","E","R","M","R","B",null,"M","?","?","?","M","R","?","M","T","R","?","M","R","M","R","B",null,"M","?","M","M","T","R","?","?","T","R","$","M","M","M","R","B",null,"R","$","E","B"],"character_chosen":"THE_SILENT","items_purchased":["ClockworkSouvenir","Blue Candle","Meat on the Bone","Blind","Secret Technique","SkillPotion","Block Potion","Bullet Time","Noxious Fumes+1"],"campfire_rested":5,"item_purchase_floors":[45,45,45,45,45,45,45,45,53],"current_hp_per_floor":[70,70,53,46,46,46,46,51,51,38,30,18,40,28,50,6,75,69,69,69,54,42,42,31,16,16,38,38,31,31,29,51,20,75,70,70,63,54,54,54,54,54,54,54,54,40,39,43,65,38,75,75,75,44,0],"gold":31,"neow_bonus":"THREE_ENEMY_KILL","is_prod":false,"is_daily":false,"chose_seed":false,"campfire_upgraded":5,"win_rate":0,"timestamp":1552989460,"path_taken":["M","M","?","?","M","R","M","?","T","E","M","E","R","M","R","BOSS","M","?","?","?","M","R","?","M","T","R","?","M","R","M","R","BOSS","M","?","?","M","?","R","?","?","T","R","$","M","M","M","R","BOSS","R","$","E","BOSS"],"build_version":"2019-01-23","purchased_purges":2,"victory":false,"max_hp_per_floor":[70,70,70,70,70,70,70,75,75,75,75,75,75,75,75,75,75,75,75,75,75,75,75,75,75,75,75,75,75,75,75,75,75,75,75,75,75,75,75,75,75,75,75,75,75,75,75,75,75,75,75,75,75,75,75],"card_choices":[{"not_picked":["Sucker Punch","Deflect"],"picked":"Deadly Poison","floor":1.0},{"not_picked":["Prepared","Heel Hook"],"picked":"Dagger Spray","floor":2.0},{"not_picked":["Masterful Stab","Outmaneuver"],"picked":"Deadly Poison","floor":5.0},{"not_picked":["Heel Hook","Finisher"],"picked":"Bane","floor":7.0},{"not_picked":["Quick Slash","Backstab"],"picked":"Poisoned Stab","floor":10.0},{"not_picked":["Endless Agony","Grand Finale","PiercingWail"],"picked":"SKIP","floor":11.0},{"not_picked":["Caltrops","Quick Slash"],"picked":"Bouncing Flask","floor":12.0},{"not_picked":["Cloak And Dagger","Choke","Blade Dance"],"picked":"SKIP","floor":14.0},{"not_picked":["After Image","Grand Finale"],"picked":"Malaise","floor":16.0},{"not_picked":["Flying Knee","Quick Slash"],"picked":"Crippling Poison+1","floor":18.0},{"not_picked":["Underhanded Strike","Calculated Gamble"],"picked":"Deadly Poison","floor":21.0},{"not_picked":["Dagger Throw","Deflect","Terror"],"picked":"SKIP","floor":22.0},{"not_picked":["Tactician","Deadly Poison"],"picked":"Caltrops","floor":24.0},{"not_picked":["Cloak And Dagger+1","Underhanded Strike"],"picked":"Backflip","floor":25.0},{"not_picked":["Poisoned Stab","Dagger Throw+1","Flying Knee"],"picked":"SKIP","floor":29.0},{"not_picked":["Slice","Predator"],"picked":"Well Laid Plans+1","floor":31.0},{"not_picked":["All Out Attack","Flying Knee+1"],"picked":"Calculated Gamble","floor":35.0},{"not_picked":["Reflex","Setup","Acrobatics+1"],"picked":"SKIP","floor":37.0},{"not_picked":["Quick Slash+1","Concentrate+1","Cloak And Dagger"],"picked":"SKIP","floor":38.0},{"not_picked":["Outmaneuver","Dagger Spray+1"],"picked":"Wraith Form v2+1","floor":46.0},{"not_picked":["Dagger Spray+1","Bane+1","Concentrate"],"picked":"SKIP","floor":47.0},{"not_picked":["Dodge and Roll","Underhanded Strike+1","Flying Knee+1"],"picked":"SKIP","floor":48.0},{"not_picked":["Predator","Unload"],"picked":"Slice+1","floor":54}],"player_experience":326128,"relics_obtained":[{"floor":10.0,"key":"Art of War"},{"floor":12.0,"key":"Bottled Flame"},{"floor":21.0,"key":"StoneCalendar"},{"floor":21.0,"key":"Mercury Hourglass"},{"floor":24.0,"key":"Red Mask"},{"floor":26.0,"key":"Frozen Egg 2"},{"floor":39.0,"key":"War Paint"},{"floor":43.0,"key":"Unceasing Top"},{"floor":54,"key":"Ornamental Fan"}],"event_choices":[{"damage_healed":0.0,"max_hp_gain":0.0,"max_hp_loss":0.0,"gold_gain":0.0,"event_name":"Golden Idol","player_choice":"Take Damage","floor":3.0,"gold_loss":0.0,"damage_taken":17.0,"relics_obtained":["Golden Idol"]},{"damage_healed":0.0,"max_hp_gain":0.0,"max_hp_loss":0.0,"gold_gain":0.0,"event_name":"Scrap Ooze","player_choice":"Success","floor":4.0,"gold_loss":0.0,"damage_taken":7.0,"relics_obtained":["Peace Pipe"]},{"damage_healed":0.0,"max_hp_gain":5.0,"max_hp_loss":0.0,"gold_gain":0.0,"event_name":"Big Fish","player_choice":"Donut","floor":8.0,"gold_loss":0.0,"damage_taken":0.0},{"damage_healed":0.0,"max_hp_gain":0.0,"max_hp_loss":0.0,"gold_gain":0.0,"event_name":"Cursed Tome","player_choice":"Ignored","floor":19.0,"gold_loss":0.0,"damage_taken":0.0},{"damage_healed":0.0,"max_hp_gain":0.0,"max_hp_loss":0.0,"gold_gain":0.0,"event_name":"Addict","player_choice":"Obtained Relic","floor":20.0,"gold_loss":85.0,"damage_taken":0.0,"relics_obtained":["Thread and Needle"]},{"damage_healed":0.0,"max_hp_gain":0.0,"max_hp_loss":0.0,"gold_gain":0.0,"event_name":"Colosseum","player_choice":"Fight","floor":21.0,"gold_loss":0.0,"damage_taken":0.0},{"damage_healed":0.0,"max_hp_gain":0.0,"max_hp_loss":0.0,"gold_gain":0.0,"event_name":"Colosseum","player_choice":"Fought Nobs","floor":21.0,"gold_loss":0.0,"damage_taken":0.0},{"damage_healed":0.0,"max_hp_gain":0.0,"max_hp_loss":0.0,"gold_gain":0.0,"event_name":"Masked Bandits","player_choice":"Fought Bandits","floor":24.0,"gold_loss":0.0,"damage_taken":0.0},{"damage_healed":0.0,"max_hp_gain":0.0,"max_hp_loss":0.0,"gold_gain":0.0,"cards_transformed":["Strike_G","Strike_G"],"event_name":"Drug Dealer","player_choice":"Became Test Subject","floor":28.0,"gold_loss":0.0,"damage_taken":0.0,"cards_obtained":["Skewer","Corpse Explosion"]},{"cards_removed":["Writhe"],"damage_healed":0.0,"max_hp_gain":0.0,"max_hp_loss":0.0,"gold_gain":0.0,"event_name":"Fountain of Cleansing","player_choice":"Removed Curses","floor":36.0,"gold_loss":0.0,"damage_taken":0.0},{"damage_healed":0.0,"max_hp_gain":0.0,"max_hp_loss":0.0,"gold_gain":222.0,"event_name":"Tomb of Lord Red Mask","player_choice":"Wore Mask","floor":41.0,"gold_loss":0.0,"damage_taken":0.0},{"damage_healed":0.0,"max_hp_gain":0.0,"max_hp_loss":0.0,"gold_gain":333.0,"event_name":"The Moai Head","player_choice":"Gave Idol","floor":42.0,"relics_lost":["Golden Idol"],"gold_loss":0.0,"damage_taken":0.0}],"is_beta":false,"boss_relics":[{"not_picked":["Busted Crown","Fusion Hammer"],"picked":"Cursed Key"},{"not_picked":["Orrery","WristBlade"],"picked":"Pandora\u0027s Box"}],"items_purged_floors":[45,53],"is_endless":false,"potions_floor_spawned":[2,10,12,16,22,24,25,31,33,37,38,47],"killed_by":"The Heart","ascension_level":0}