{"gold_per_floor":[119,133,147,158,158,192,205,239,264,283,283,283,283,296,296,395,425,436,436,449,466,476,476,491,491],"floor_reached":25,"playtime":919,"items_purged":[],"score":219,"play_id":"1da3b431-add4-41b9-9651-8ef8c1cbec80","local_time":"20180704172140","daily_mods":["Diverse"],"is_ascension_mode":false,"campfire_choices":[{"floor":11,"key":"REST"},{"data":"Auto Shields","floor":13,"key":"SMITH"},{"data":"Bash","floor":15,"key":"SMITH"},{"data":"Armaments","floor":23,"key":"SMITH"}],"neow_cost":"","seed_source_timestamp":194686224024991,"circlet_count":0,"master_deck":["Strike_R","Strike_R","Strike_R","Strike_R","Strike_R","Defend_R","Defend_R","Defend_R","Bash+1","Flying Knee","FTL","Iron Wave","Auto Shields+1","Backflip+1","Venomology","Spot Weakness","Glass Knife","Storm","Conserve Battery","Beam Cell","Heavy Blade+1","Cleave","Armaments+1","Footwork"],"relics":["Burning Blood","Ancient Tea Set","Singing Bowl","Regal Pillow","Tiny House"],"potions_floor_usage":[6,8,14,16,16,18,18,18,20,21,21,22,24,25,25],"damage_taken":[{"damage":7,"enemies":"2 Louse","floor":1,"turns":3},{"damage":3,"enemies":"Jaw Worm","floor":2,"turns":4},{"damage":0,"enemies":"Cultist","floor":3,"turns":2},{"damage":5,"enemies":"Looter","floor":4,"turns":2},{"damage":15,"enemies":"Lagavulin","floor":6,"turns":5},{"damage":3,"enemies":"2 Fungi Beasts","floor":7,"turns":4},{"damage":41,"enemies":"Gremlin Nob","floor":8,"turns":5},{"damage":23,"enemies":"3 Louse","floor":10,"turns":4},{"damage":0,"enemies":"Blue Slaver","floor":14,"turns":4},{"damage":33,"enemies":"Slime Boss","floor":16,"turns":11},{"damage":27,"enemies":"2 Thieves","floor":18,"turns":4},{"damage":11,"enemies":"Shell Parasite","floor":20,"turns":4},{"damage":29,"enemies":"Snake Plant","floor":21,"turns":6},{"damage":36,"enemies":"3 Cultists","floor":22,"turns":5},{"damage":3,"enemies":"Chosen and Byrds","floor":24,"turns":6},{"damage":37,"enemies":"Cultist and Chosen","floor":25,"turns":4}],"seed_played":"7840204676709289527","potions_obtained":[{"floor":4,"key":"Poison Potion"},{"floor":6,"key":"SteroidPotion"},{"floor":7,"key":"SpeedPotion"},{"floor":8,"key":"SkillPotion"},{"floor":14,"key":"LiquidBronze"},{"floor":17,"key":"SkillPotion"},{"floor":18,"key":"Ancient Potion"},{"floor":20,"key":"Strength Potion"},{"floor":22,"key":"Dexterity Potion"}],"is_trial":true,"path_per_floor":["M","M","M","M","$","E","M","E","T","M","R","?","R","M","R","B",null,"M","?","M","M","M","R","M"],"character_chosen":"IRONCLAD","items_purchased":[],"campfire_rested":1,"item_purchase_floors":[],"current_hp_per_floor":[79,80,80,80,80,71,74,39,39,24,63,56,56,64,64,37,89,76,76,71,63,33,33,36,0],"gold":491,"neow_bonus":"","is_prod":false,"is_daily":false,"chose_seed":false,"campfire_upgraded":3,"win_rate":0,"timestamp":1530717700,"path_taken":["M","M","M","M","$","E","M","E","T","M","R","?","R","M","R","BOSS","M","?","M","M","M","R","M","M"],"build_version":"2018-06-28","purchased_purges":0,"victory":false,"max_hp_per_floor":[80,80,80,80,80,80,80,80,80,82,82,82,82,84,84,84,89,89,89,89,89,89,89,89,89],"card_choices":[{"not_picked":["Underhanded Strike","PiercingWail"],"picked":"Flying Knee","floor":1},{"not_picked":["Sword Boomerang","Blizzard"],"picked":"FTL","floor":2},{"not_picked":["Sever Soul","Compile Driver"],"picked":"Iron Wave","floor":3},{"not_picked":["FTL","Cold Snap"],"picked":"Auto Shields","floor":4},{"not_picked":["Steam","Evolve"],"picked":"Backflip","floor":6},{"not_picked":["Sword Boomerang","Glacier"],"picked":"Venomology","floor":7},{"not_picked":["Acrobatics","Poisoned Stab"],"picked":"Spot Weakness","floor":8},{"not_picked":["Dagger Throw","Iron Wave","Leap"],"picked":"Singing Bowl","floor":10},{"not_picked":["Stack","Double Energy","Evolve"],"picked":"Singing Bowl","floor":14},{"not_picked":["Night Terror","Doppelganger"],"picked":"Glass Knife","floor":16},{"not_picked":["Cloak And Dagger","Poisoned Stab"],"picked":"Storm","floor":17},{"not_picked":["Reinforced Body","PiercingWail"],"picked":"Conserve Battery","floor":18},{"not_picked":["Scrape+1","Crippling Poison"],"picked":"Heavy Blade+1","floor":20},{"not_picked":["Redo","Consume"],"picked":"Cleave","floor":21},{"not_picked":["Iron Wave","Undo"],"picked":"Armaments","floor":22},{"not_picked":["Consume+1","Hologram"],"picked":"Footwork","floor":24}],"player_experience":67772,"relics_obtained":[{"floor":6,"key":"Ancient Tea Set"},{"floor":8,"key":"Singing Bowl"},{"floor":9,"key":"Regal Pillow"}],"event_choices":[{"event_name":"Golden Wing","player_choice":"Card Removal","floor":12,"damage_taken":0},{"event_name":"The Library","player_choice":"Read","floor":19,"damage_taken":0}],"boss_relics":[{"not_picked":["Ectoplasm","Runic Cube"],"picked":"Tiny House"}],"items_purged_floors":[],"is_endless":false,"potions_floor_spawned":[4,6,7,8,14,18,20,22],"killed_by":"Cultist and Chosen","ascension_level":0}