{"path_per_floor":["M","T","$","?","T","M","?","M","T","M","E","?","R","M","R","B",null,"M","?","$","?","M","E","M","R","T","M","M","M","M","M","R"],"character_chosen":"IRONCLAD","items_purchased":[],"gold_per_floor":[116,140,140,140,140,156,156,168,168,185,216,216,216,231,231,327,327,338,338,338,338,358,392,412,412,412,424,443,462,472,489,489,489],"floor_reached":33,"campfire_rested":2,"playtime":1059,"current_hp_per_floor":[80,80,80,85,85,80,80,79,79,85,59,59,59,59,59,32,85,70,70,70,70,66,12,7,47,47,23,29,19,11,12,52,0],"items_purged":[],"gold":489,"score":271,"play_id":"18516db8-3832-43bb-b98f-0de8fe8a2911","local_time":"20180414005720","is_prod":false,"is_daily":false,"chose_seed":false,"is_ascension_mode":false,"campfire_upgraded":2,"timestamp":1523635040,"path_taken":["M","?","?","?","?","?","?","M","T","M","E","?","R","M","R","BOSS","M","?","$","?","M","E","M","R","T","M","M","M","M","M","R","BOSS"],"build_version":"2018-04-12","seed_source_timestamp":187664213207221,"purchased_purges":1,"victory":false,"master_deck":["Strike_R+1","Strike_R","Strike_R","Defend_R","Defend_R","Bash+1","Combust","Whirlwind+1","Seeing Red","Inflame","Madness","Corruption+1","Offering","Brutality+1","Power Through+1","Rampage+1","Flex+1","Dark Embrace","Sword Boomerang+1","Evolve+1","Shockwave+1","Flex+1"],"max_hp_per_floor":[80,80,80,85,85,85,85,85,85,85,85,85,85,85,85,85,85,85,85,85,85,85,85,85,85,85,85,85,85,85,85,85,85],"relics":["Burning Blood","Whetstone","Centennial Puzzle","Regal Pillow","Mercury Hourglass","Astrolabe","Orichalcum","Kunai","Bronze Scales"],"card_choices":[{"not_picked":["Body Slam","Headbutt"],"picked":"Whirlwind","floor":6.0},{"not_picked":["Sever Soul","Iron Wave"],"picked":"Seeing Red","floor":10.0},{"not_picked":["Pommel Strike","Armaments"],"picked":"Inflame","floor":11.0},{"not_picked":["Havoc","Metallicize"],"picked":"Corruption","floor":14.0},{"not_picked":["Immolate","Reaper"],"picked":"Offering","floor":16.0},{"not_picked":["Perfected Strike","Infernal Blade"],"picked":"Flex","floor":18.0},{"not_picked":["Entrench","Pommel Strike"],"picked":"Sword Boomerang","floor":23},{"not_picked":["Perfected Strike","Burning Pact"],"picked":"Evolve","floor":24},{"not_picked":["Anger","Shrug It Off"],"picked":"Shockwave","floor":27},{"not_picked":["Whirlwind","Sword Boomerang"],"picked":"Flex","floor":30}],"player_experience":124695,"potions_floor_usage":[23,33,33,33],"damage_taken":[{"damage":6.0,"enemies":"Cultist","floor":1.0,"turns":3.0},{"damage":11.0,"enemies":"Jaw Worm","floor":6.0,"turns":2.0},{"damage":7.0,"enemies":"2 Louse","floor":8.0,"turns":2.0},{"damage":0.0,"enemies":"Lots of Slimes","floor":10.0,"turns":1.0},{"damage":32.0,"enemies":"Gremlin Nob","floor":11.0,"turns":4.0},{"damage":6.0,"enemies":"Exordium Wildlife","floor":14.0,"turns":3.0},{"damage":33.0,"enemies":"The Guardian","floor":16.0,"turns":6.0},{"damage":21.0,"enemies":"Shell Parasite","floor":18.0,"turns":4.0},{"damage":10,"enemies":"3 Byrds","floor":22,"turns":2},{"damage":60,"enemies":"Book of Stabbing","floor":23,"turns":6},{"damage":11,"enemies":"3 Cultists","floor":24,"turns":4},{"damage":30,"enemies":"Slaver and Parasite","floor":27,"turns":5},{"damage":0,"enemies":"Cultist and Chosen","floor":28,"turns":4},{"damage":16,"enemies":"Snake Plant","floor":29,"turns":3},{"damage":14,"enemies":"Snecko","floor":30,"turns":4},{"damage":5,"enemies":"Centurion and Healer","floor":31,"turns":2},{"damage":57,"enemies":"Champ","floor":33,"turns":7}],"event_choices":[{"event_name":"Big Fish","player_choice":"Donut","floor":4.0,"damage_taken":0.0},{"event_name":"The Lab","player_choice":"Got Potions","floor":7.0,"damage_taken":0.0},{"event_name":"Match and Keep!","player_choice":"1 cards matched","floor":12.0,"damage_taken":0.0},{"event_name":"Match and Keep!","player_choice":"1 cards matched","floor":19.0,"damage_taken":0.0},{"event_name":"The Mausoleum","player_choice":"Yes","floor":21,"damage_taken":0}],"boss_relics":[],"potions_floor_spawned":[1,11,14,16,18,27,28,29,30,31],"seed_played":"3355936532219736847","killed_by":"Champ","ascension_level":0,"is_trial":false}