{"gold_per_floor":[117,129,304,254,268,301,313,359,371,383,423,435,447,475,487,499],"floor_reached":16,"playtime":877,"items_purged":[],"score":130,"play_id":"86240c5d-546a-475e-8449-85e8375a26c5","local_time":"20190524182816","is_ascension_mode":true,"campfire_choices":[{"data":"Armaments","floor":7.0,"key":"SMITH"},{"floor":10.0,"key":"REST"},{"floor":13,"key":"REST"},{"data":"Twin Strike","floor":15,"key":"SMITH"}],"neow_cost":"NONE","seed_source_timestamp":264682945951399,"circlet_count":0,"master_deck":["Strike_R","Strike_R","Strike_R","Strike_R","Strike_R","Defend_R","Defend_R","Defend_R","Defend_R","Bash","Heavy Blade","Armaments+1","Twin Strike+1","Disarm+1"],"special_seed":0,"relics":["Burning Blood","MawBank","Charon\u0027s Ashes","Toxic Egg 2","Ice Cream"],"potions_floor_usage":[11,11],"damage_taken":[{"damage":6.0,"enemies":"Jaw Worm","floor":1.0,"turns":5.0},{"damage":0.0,"enemies":"Small Slimes","floor":2.0,"turns":3.0},{"damage":0.0,"enemies":"2 Louse","floor":5.0,"turns":2.0},{"damage":38.0,"enemies":"Gremlin Nob","floor":6.0,"turns":5.0},{"damage":29.0,"enemies":"3 Sentries","floor":8.0,"turns":11.0},{"damage":50,"enemies":"Lagavulin","floor":11,"turns":13},{"damage":7,"enemies":"2 Fungi Beasts","floor":14,"turns":6},{"damage":36,"enemies":"Hexaghost","floor":16,"turns":8}],"seed_played":"-6363619525658669773","potions_obtained":[{"floor":5.0,"key":"Swift Potion"},{"floor":6.0,"key":"Fruit Juice"},{"floor":11,"key":"Energy Potion"}],"is_trial":false,"path_per_floor":["M","M","?","?","M","E","R","E","T","R","E","?","R","M","R","B"],"character_chosen":"IRONCLAD","items_purchased":[],"campfire_rested":2,"item_purchase_floors":[],"current_hp_per_floor":[80,80,80,80,80,48,48,25,25,49,10,10,35,34,34,0],"gold":499,"neow_bonus":"THREE_CARDS","is_prod":false,"is_daily":false,"chose_seed":false,"campfire_upgraded":2,"win_rate":0,"timestamp":1558747696,"path_taken":["M","M","?","?","M","E","R","E","T","R","E","?","R","M","R","BOSS"],"build_version":"2019-01-23","purchased_purges":0,"victory":false,"max_hp_per_floor":[80,80,80,80,80,80,80,80,80,80,85,85,85,85,85,85],"card_choices":[{"not_picked":["Feel No Pain","Flex"],"picked":"Heavy Blade","floor":0.0},{"not_picked":["Flex","Corruption","Warcry"],"picked":"SKIP","floor":1.0},{"not_picked":["Flex","Heavy Blade","Ghostly Armor"],"picked":"SKIP","floor":2.0},{"not_picked":["Searing Blow","Demon Form"],"picked":"Armaments","floor":5.0},{"not_picked":["Flex","Anger","Rupture"],"picked":"SKIP","floor":6.0},{"not_picked":["Warcry","Flex"],"picked":"Twin Strike","floor":8.0},{"not_picked":["Anger","Perfected Strike","Second Wind+1"],"picked":"SKIP","floor":11},{"not_picked":["Clothesline","True Grit+1"],"picked":"Disarm+1","floor":14}],"player_experience":70924,"relics_obtained":[{"floor":6.0,"key":"MawBank"},{"floor":8.0,"key":"Charon\u0027s Ashes"},{"floor":9.0,"key":"Toxic Egg 2"},{"floor":11,"key":"Ice Cream"}],"event_choices":[{"damage_healed":0.0,"max_hp_gain":0.0,"max_hp_loss":0.0,"gold_gain":175.0,"event_name":"Liars Game","player_choice":"AGREE","floor":3.0,"gold_loss":0.0,"damage_taken":0.0,"cards_obtained":["Doubt"]},{"cards_removed":["Doubt"],"damage_healed":0.0,"max_hp_gain":0.0,"max_hp_loss":0.0,"gold_gain":0.0,"event_name":"The Cleric","player_choice":"Card Removal","floor":4.0,"gold_loss":50.0,"damage_taken":0.0},{"damage_healed":0,"gold_gain":0,"player_choice":"Ignored","damage_taken":0,"max_hp_gain":0,"max_hp_loss":0,"event_name":"Shining Light","floor":12,"gold_loss":0}],"is_beta":false,"boss_relics":[],"items_purged_floors":[],"is_endless":false,"potions_floor_spawned":[5,6,11],"killed_by":"Hexaghost","ascension_level":2}