{"gold_per_floor":[119,119,138,138,154,180,180,199,199,228,228,248,20,46,46,149,199,218,233,233,252,252,277,277,304,304,304,304,304,304,320,320,424,424,434,447,447,59,85,85,114,114,114,164,439,18,18,32,32,32],"floor_reached":51,"playtime":2823,"items_purged":["Strike_R","Writhe","Regret"],"score":945,"play_id":"e5700f0f-7565-412c-a200-877be761dd5b","local_time":"20190525004205","is_ascension_mode":true,"campfire_choices":[{"data":"Infernal Blade","floor":7.0,"key":"SMITH"},{"data":"Shrug It Off","floor":11.0,"key":"SMITH"},{"floor":15.0,"key":"REST"},{"floor":24.0,"key":"REST"},{"floor":28.0,"key":"REST"},{"data":"Barricade","floor":30.0,"key":"SMITH"},{"floor":32.0,"key":"REST"},{"data":"Body Slam","floor":40.0,"key":"SMITH"},{"data":"Cleave","floor":42.0,"key":"SMITH"},{"data":"Flame Barrier","floor":47.0,"key":"SMITH"},{"floor":49.0,"key":"REST"}],"neow_cost":"NONE","seed_source_timestamp":284552753237200,"circlet_count":0,"master_deck":["Strike_R","Strike_R","Strike_R","Defend_R","Defend_R","Defend_R","Defend_R","Bash","Twin Strike+1","Twin Strike+1","Shrug It Off+1","Infernal Blade+1","Feed","Flame Barrier+1","Pommel Strike","Cleave+1","Seeing Red","Metallicize+1","Shrug It Off","Entrench+1","Shrug It Off","Carnage+1","Barricade+1","Headbutt","Clash+1","Searing Blow+1","Shrug It Off+1","Body Slam+1","Rage+1","Flame Barrier+1","Armaments+1"],"special_seed":0,"relics":["Burning Blood","Bronze Scales","Regal Pillow","Kunai","Dream Catcher","Lantern","Tiny House","MutagenicStrength","Red Skull","Ancient Tea Set","Shuriken","Gambling Chip","Runic Cube","Nunchaku","Bag of Preparation","Shovel","Pocketwatch","StoneCalendar","Toy Ornithopter"],"potions_floor_usage":[50,50,50,50,50,50,50],"damage_taken":[{"damage":8.0,"enemies":"2 Louse","floor":1.0,"turns":3.0},{"damage":1.0,"enemies":"Cultist","floor":3.0,"turns":3.0},{"damage":6.0,"enemies":"Small Slimes","floor":5.0,"turns":3.0},{"damage":31.0,"enemies":"Gremlin Nob","floor":6.0,"turns":4.0},{"damage":1.0,"enemies":"Exordium Wildlife","floor":8.0,"turns":2.0},{"damage":35.0,"enemies":"Lagavulin","floor":10.0,"turns":10.0},{"damage":2.0,"enemies":"3 Louse","floor":12.0,"turns":3.0},{"damage":10.0,"enemies":"3 Sentries","floor":14.0,"turns":4.0},{"damage":48.0,"enemies":"The Guardian","floor":16.0,"turns":17.0},{"damage":7.0,"enemies":"Chosen","floor":18.0,"turns":2.0},{"damage":15.0,"enemies":"2 Thieves","floor":19.0,"turns":3.0},{"damage":57.0,"enemies":"Shelled Parasite and Fungi","floor":21.0,"turns":10.0},{"damage":39.0,"enemies":"Slavers","floor":23.0,"turns":7.0},{"damage":45.0,"enemies":"Book of Stabbing","floor":25.0,"turns":6.0},{"damage":16.0,"enemies":"Snake Plant","floor":31.0,"turns":2.0},{"damage":84.0,"enemies":"Collector","floor":33.0,"turns":15.0},{"damage":43.0,"enemies":"3 Darklings","floor":35.0,"turns":7.0},{"damage":14.0,"enemies":"Orb Walker","floor":36.0,"turns":7.0},{"damage":12.0,"enemies":"Reptomancer","floor":41.0,"turns":9.0},{"damage":14.0,"enemies":"2 Orb Walkers","floor":44.0,"turns":5.0},{"damage":31.0,"enemies":"Jaw Worm Horde","floor":48.0,"turns":3.0},{"damage":31,"enemies":"Time Eater","floor":50,"turns":12}],"seed_played":"1157397344390569115","potions_obtained":[{"floor":3.0,"key":"Dexterity Potion"},{"floor":5.0,"key":"AttackPotion"},{"floor":12.0,"key":"BloodPotion"},{"floor":14.0,"key":"Block Potion"},{"floor":16.0,"key":"SpeedPotion"},{"floor":17.0,"key":"AttackPotion"},{"floor":18.0,"key":"LiquidBronze"},{"floor":19.0,"key":"Block Potion"},{"floor":25.0,"key":"AttackPotion"},{"floor":33.0,"key":"EssenceOfSteel"},{"floor":35.0,"key":"Explosive Potion"},{"floor":44.0,"key":"EssenceOfSteel"}],"is_trial":false,"path_per_floor":["M","?","M","?","M","E","R","M","T","E","R","M","$","E","R","B",null,"M","M","?","M","?","E","R","E","T","T","R","?","R","M","R","B",null,"M","M","?","$","T","R","E","R","T","?","?","$","R","M","R","B",null],"character_chosen":"IRONCLAD","items_purchased":["Dream Catcher","Nunchaku","Toy Ornithopter","EntropicBrew"],"campfire_rested":5,"item_purchase_floors":[13,38,46,46],"current_hp_per_floor":[78,78,80,80,80,55,55,63,63,37,37,44,44,43,85,43,97,96,87,87,39,39,16,61,25,25,25,70,70,70,60,103,25,103,66,58,84,84,84,84,78,78,78,70,70,70,70,45,90,98],"gold":32,"neow_bonus":"THREE_CARDS","is_prod":false,"is_daily":false,"chose_seed":false,"campfire_upgraded":6,"win_rate":0,"timestamp":1558770125,"path_taken":["M","?","M","?","M","E","R","?","T","E","R","M","$","E","R","BOSS","BOSS","M","M","?","?","?","E","R","E","T","?","R","?","R","M","R","BOSS","M","M","?","$","?","R","E","R","T","?","?","$","R","?","R","BOSS"],"build_version":"2019-01-23","purchased_purges":3,"victory":true,"max_hp_per_floor":[80,80,80,80,80,80,80,83,83,86,86,89,89,92,92,92,97,97,97,97,100,100,100,100,103,103,103,103,103,103,103,103,103,103,103,103,103,103,103,103,103,103,103,103,103,103,103,103,103,103],"card_choices":[{"not_picked":["Warcry","Entrench"],"picked":"Twin Strike","floor":0.0},{"not_picked":["Armaments","Anger"],"picked":"Twin Strike","floor":1.0},{"not_picked":["Entrench","Rampage"],"picked":"Shrug It Off","floor":3.0},{"not_picked":["Sword Boomerang","Heavy Blade"],"picked":"Infernal Blade","floor":5.0},{"not_picked":["Wild Strike","Rupture"],"picked":"Feed","floor":6.0},{"not_picked":["Clash","Searing Blow"],"picked":"Flame Barrier","floor":8.0},{"not_picked":["Dark Embrace","Clash"],"picked":"Pommel Strike","floor":10.0},{"not_picked":["Dropkick","Searing Blow"],"picked":"Cleave","floor":12.0},{"not_picked":["Sword Boomerang","Wild Strike","Flex"],"picked":"SKIP","floor":14.0},{"not_picked":["Headbutt","Havoc"],"picked":"Seeing Red","floor":15.0},{"not_picked":["Dual Wield","Iron Wave"],"picked":"Metallicize","floor":17.0},{"not_picked":["Anger","Thunderclap"],"picked":"Shrug It Off","floor":18.0},{"not_picked":["Flex+1","Cleave"],"picked":"Entrench+1","floor":19.0},{"not_picked":["Searing Blow","Body Slam"],"picked":"Shrug It Off","floor":21.0},{"not_picked":["Uppercut","Sword Boomerang","Anger"],"picked":"SKIP","floor":23.0},{"not_picked":["Inflame","Cleave"],"picked":"Carnage+1","floor":24.0},{"not_picked":["Whirlwind","Dual Wield"],"picked":"Barricade","floor":25.0},{"not_picked":["Thunderclap","Bloodletting"],"picked":"Headbutt","floor":28.0},{"not_picked":["True Grit","Armaments"],"picked":"Clash+1","floor":31.0},{"not_picked":["Infernal Blade","Whirlwind"],"picked":"Searing Blow+1","floor":32.0},{"not_picked":["Combust","Wild Strike"],"picked":"Shrug It Off+1","floor":35.0},{"not_picked":["Cleave","Fire Breathing"],"picked":"Body Slam","floor":36.0},{"not_picked":["Whirlwind","Rupture+1"],"picked":"Rage+1","floor":41.0},{"not_picked":["Intimidate+1","Anger+1"],"picked":"Flame Barrier+1","floor":44.0},{"not_picked":["Anger+1","Perfected Strike+1"],"picked":"Armaments+1","floor":48.0}],"player_experience":84286,"relics_obtained":[{"floor":6.0,"key":"Bronze Scales"},{"floor":9.0,"key":"Regal Pillow"},{"floor":10.0,"key":"Kunai"},{"floor":14.0,"key":"Lantern"},{"floor":23.0,"key":"Red Skull"},{"floor":25.0,"key":"Ancient Tea Set"},{"floor":26.0,"key":"Shuriken"},{"floor":27.0,"key":"Gambling Chip"},{"floor":39.0,"key":"Bag of Preparation"},{"floor":41.0,"key":"Shovel"},{"floor":43.0,"key":"Pocketwatch"},{"floor":44.0,"key":"StoneCalendar"}],"event_choices":[{"damage_healed":0.0,"max_hp_gain":0.0,"max_hp_loss":0.0,"gold_gain":0.0,"event_name":"Living Wall","player_choice":"Grow","floor":2.0,"gold_loss":0.0,"damage_taken":0.0,"cards_upgraded":["Twin Strike"]},{"cards_removed":["Strike_R"],"damage_healed":0.0,"max_hp_gain":0.0,"max_hp_loss":0.0,"gold_gain":0.0,"event_name":"Purifier","player_choice":"Purged","floor":4.0,"gold_loss":0.0,"damage_taken":0.0},{"damage_healed":0.0,"max_hp_gain":0.0,"max_hp_loss":0.0,"gold_gain":0.0,"event_name":"Upgrade Shrine","player_choice":"Upgraded","floor":20.0,"gold_loss":0.0,"damage_taken":0.0,"cards_upgraded":["Metallicize"]},{"damage_healed":0.0,"max_hp_gain":0.0,"max_hp_loss":0.0,"gold_gain":0.0,"event_name":"Drug Dealer","player_choice":"Inject Mutagens","floor":22.0,"gold_loss":0.0,"damage_taken":0.0,"relics_obtained":["MutagenicStrength"]},{"damage_healed":0.0,"max_hp_gain":0.0,"max_hp_loss":0.0,"gold_gain":0.0,"event_name":"Ghosts","player_choice":"Ignored","floor":29.0,"gold_loss":0.0,"damage_taken":0.0},{"damage_healed":26.0,"max_hp_gain":0.0,"max_hp_loss":0.0,"gold_gain":0.0,"event_name":"Winding Halls","player_choice":"Writhe","floor":37.0,"gold_loss":0.0,"damage_taken":0.0,"cards_obtained":["Writhe"]},{"damage_healed":0.0,"max_hp_gain":0.0,"max_hp_loss":0.0,"gold_gain":0.0,"event_name":"Mysterious Sphere","player_choice":"Fight","floor":44.0,"gold_loss":0.0,"damage_taken":0.0},{"damage_healed":0.0,"max_hp_gain":0.0,"max_hp_loss":0.0,"gold_gain":275.0,"event_name":"Golden Shrine","player_choice":"Desecrate","floor":45.0,"gold_loss":0.0,"damage_taken":0.0,"cards_obtained":["Regret"]}],"is_beta":false,"boss_relics":[{"not_picked":["Empty Cage","Coffee Dripper"],"picked":"Tiny House"},{"not_picked":["Cursed Key","Runic Pyramid"],"picked":"Runic Cube"}],"items_purged_floors":[13,38,46],"is_endless":false,"potions_floor_spawned":[3,5,12,14,16,18,19,25,33,35,44,48],"ascension_level":4}