{"gold_per_floor":[111,122,122,142,159,159,194,194,194,228,238,268,268,332,332,435,435,435,390,39,39,39,39,1,1,1,1,1,1,1,1,1,1,1,1,1,1],"floor_reached":37,"playtime":3683,"items_purged":["Strike_R"],"score":619,"play_id":"8c3e696d-541b-49b2-be18-0ec975bbbf68","local_time":"20190311034634","is_ascension_mode":true,"campfire_choices":[{"data":"Bash","floor":6,"key":"SMITH"},{"data":"True Grit","floor":8,"key":"SMITH"},{"floor":15,"key":"REST"},{"data":"Demon Form","floor":23,"key":"SMITH"},{"data":"Evolve","floor":29,"key":"SMITH"},{"data":"True Grit","floor":32,"key":"SMITH"}],"neow_cost":"NONE","seed_source_timestamp":1157023783495392,"circlet_count":0,"master_deck":["Strike_R","Defend_R","Defend_R","Defend_R","Defend_R","Bash+1","Body Slam","Dropkick","Headbutt","True Grit+1","Battle Trance","Rage","True Grit+1","Inflame","Impervious","Demon Form+1","Feel No Pain+1","Entrench","RitualDagger","Shockwave","Battle Trance","Intimidate","Evolve+1","Writhe","Immolate","Limit Break","Thunderclap+1"],"relics":["Burning Blood","Paper Frog","Mummified Hand","Self Forming Clay","Matryoshka","Potion Belt","Ectoplasm","Ornamental Fan","Smiling Mask","Kunai","Bronze Scales","Strawberry","Runic Cube"],"potions_floor_usage":[7,14,14,21,31,33],"damage_taken":[{"damage":1,"enemies":"Cultist","floor":1,"turns":4},{"damage":6,"enemies":"Small Slimes","floor":2,"turns":6},{"damage":7,"enemies":"Jaw Worm","floor":4,"turns":3},{"damage":20,"enemies":"Large Slime","floor":5,"turns":7},{"damage":0,"enemies":"Lagavulin","floor":7,"turns":5},{"damage":28,"enemies":"3 Sentries","floor":10,"turns":11},{"damage":11,"enemies":"Looter","floor":11,"turns":2},{"damage":28,"enemies":"Gremlin Nob","floor":12,"turns":4},{"damage":23,"enemies":"3 Sentries","floor":14,"turns":11},{"damage":41,"enemies":"Slime Boss","floor":16,"turns":15},{"damage":19,"enemies":"3 Byrds","floor":18,"turns":5},{"damage":13,"enemies":"2 Thieves","floor":19,"turns":4},{"damage":19,"enemies":"Centurion and Healer","floor":21,"turns":7},{"damage":8,"enemies":"3 Cultists","floor":27,"turns":4},{"damage":1,"enemies":"Snecko","floor":28,"turns":5},{"damage":5,"enemies":"Book of Stabbing","floor":31,"turns":4},{"damage":39,"enemies":"Automaton","floor":33,"turns":10},{"damage":22,"enemies":"3 Darklings","floor":35,"turns":4},{"damage":101,"enemies":"Time Eater","floor":37,"turns":7}],"seed_played":"2802397881370398955","potions_obtained":[{"floor":5,"key":"SkillPotion"},{"floor":10,"key":"Block Potion"},{"floor":11,"key":"BloodPotion"},{"floor":12,"key":"FairyPotion"},{"floor":16,"key":"EssenceOfSteel"},{"floor":19,"key":"Regen Potion"},{"floor":31,"key":"FearPotion"},{"floor":33,"key":"Energy Potion"}],"is_trial":false,"path_per_floor":["M","M","?","M","M","R","E","R","T","E","M","E","?","?","R","B",null,"M","M","$","M","?","R","$","?","T","M","M","R","?","E","R","B",null,"M","?","B"],"character_chosen":"IRONCLAD","items_purchased":["Ornamental Fan","Entrench","Shockwave"],"campfire_rested":1,"item_purchase_floors":[20,20,24],"current_hp_per_floor":[85,85,78,77,63,63,69,69,69,47,42,20,20,11,37,14,70,57,50,50,51,45,45,45,45,45,43,48,48,48,56,56,23,77,61,61,0],"gold":1,"neow_bonus":"TEN_PERCENT_HP_BONUS","is_prod":false,"is_daily":false,"chose_seed":false,"campfire_upgraded":5,"win_rate":0,"timestamp":1552290394,"path_taken":["M","M","?","M","M","R","E","R","T","E","M","E","?","?","R","BOSS","M","M","$","M","?","R","$","?","T","M","M","R","?","E","R","BOSS","M","?","BOSS"],"build_version":"2019-01-23","purchased_purges":1,"victory":false,"max_hp_per_floor":[88,88,88,88,88,88,88,88,88,88,88,88,88,88,88,88,88,88,88,88,88,88,88,88,88,88,88,88,88,88,95,95,95,95,95,95,95],"card_choices":[{"not_picked":["Iron Wave","Carnage"],"picked":"Body Slam","floor":1},{"not_picked":["Hemokinesis","Wild Strike"],"picked":"Dropkick","floor":2},{"not_picked":["Disarm","Armaments"],"picked":"Headbutt","floor":4},{"not_picked":["Headbutt","Heavy Blade"],"picked":"True Grit","floor":5},{"not_picked":["Whirlwind","Cleave"],"picked":"Battle Trance","floor":7},{"not_picked":["Perfected Strike","Twin Strike"],"picked":"Rage","floor":10},{"not_picked":["Second Wind","Heavy Blade"],"picked":"True Grit","floor":11},{"not_picked":["Uppercut","Ghostly Armor"],"picked":"Inflame","floor":12},{"not_picked":["Rupture","Clash"],"picked":"Impervious","floor":14},{"not_picked":["Offering","Exhume"],"picked":"Demon Form","floor":16},{"not_picked":["Havoc","Perfected Strike"],"picked":"Feel No Pain+1","floor":18},{"not_picked":["Second Wind","Iron Wave","Clash"],"picked":"SKIP","floor":19},{"not_picked":["Headbutt","Dual Wield","Rampage+1"],"picked":"SKIP","floor":21},{"not_picked":["Rage","Warcry"],"picked":"Evolve","floor":27},{"not_picked":["Armaments","Twin Strike","Immolate"],"picked":"SKIP","floor":28},{"not_picked":["Shrug It Off+1","Flame Barrier+1"],"picked":"Immolate","floor":31},{"not_picked":["Exhume","Double Tap"],"picked":"Limit Break","floor":33},{"not_picked":["Sever Soul","Body Slam+1"],"picked":"Thunderclap+1","floor":35}],"player_experience":215451,"relics_obtained":[{"floor":7,"key":"Paper Frog"},{"floor":9,"key":"Mummified Hand"},{"floor":10,"key":"Self Forming Clay"},{"floor":12,"key":"Matryoshka"},{"floor":14,"key":"Potion Belt"},{"floor":26,"key":"Smiling Mask"},{"floor":26,"key":"Kunai"},{"floor":31,"key":"Strawberry"}],"event_choices":[{"cards_removed":["Strike_R"],"damage_healed":0,"gold_gain":0,"player_choice":"Card Removal","damage_taken":7,"max_hp_gain":0,"max_hp_loss":0,"event_name":"Golden Wing","floor":3,"gold_loss":0},{"damage_healed":0,"gold_gain":0,"player_choice":"Ignored","damage_taken":0,"max_hp_gain":0,"max_hp_loss":0,"event_name":"Liars Game","floor":13,"gold_loss":0},{"damage_healed":0,"gold_gain":0,"player_choice":"Searched \u00272\u0027 times","damage_taken":0,"max_hp_gain":0,"max_hp_loss":0,"event_name":"Dead Adventurer","floor":14,"gold_loss":0},{"damage_healed":0,"gold_gain":0,"player_choice":"Joined the Cult","damage_taken":6,"max_hp_gain":0,"max_hp_loss":0,"event_name":"Nest","floor":22,"gold_loss":0,"cards_obtained":["RitualDagger"]},{"damage_healed":0,"gold_gain":0,"cards_transformed":["Strike_R","Strike_R"],"player_choice":"Became Test Subject","damage_taken":0,"max_hp_gain":0,"max_hp_loss":0,"event_name":"Drug Dealer","floor":25,"gold_loss":0,"cards_obtained":["Battle Trance","Intimidate"]},{"damage_healed":0,"gold_gain":0,"player_choice":"Opened","damage_taken":0,"relics_obtained":["Bronze Scales"],"max_hp_gain":0,"max_hp_loss":0,"event_name":"The Mausoleum","floor":30,"gold_loss":0,"cards_obtained":["Writhe"]},{"damage_healed":0,"gold_gain":0,"player_choice":"Took Portal","damage_taken":0,"max_hp_gain":0,"max_hp_loss":0,"event_name":"SecretPortal","floor":36,"gold_loss":0}],"is_beta":false,"boss_relics":[{"not_picked":["Coffee Dripper","Snecko Eye"],"picked":"Ectoplasm"},{"not_picked":["Lizard Tail","Calling Bell"],"picked":"Runic Cube"}],"items_purged_floors":[20],"is_endless":false,"potions_floor_spawned":[5,10,11,12,16,19,31,33],"killed_by":"Time Eater","ascension_level":6}