{"gold_per_floor":[110,17,32,43,61,61,95,60,137,137,151,151,151,170,170,170],"floor_reached":16,"playtime":692,"items_purged":[],"score":194,"play_id":"8eb5b198-3e7d-4636-88c6-e753ced6a6bc","local_time":"20190527164723","is_ascension_mode":true,"campfire_choices":[{"data":"Sunder","floor":6,"key":"SMITH"},{"data":"Hyperbeam","floor":10,"key":"SMITH"},{"data":"Machine Learning","floor":12,"key":"SMITH"},{"data":"Fusion","floor":15,"key":"SMITH"}],"neow_cost":"PERCENT_DAMAGE","seed_source_timestamp":227618589643296,"circlet_count":0,"master_deck":["AscendersBane","Strike_B","Strike_B","Strike_B","Strike_B","Defend_B","Defend_B","Defend_B","Defend_B","Zap","Dualcast","Machine Learning+1","Self Repair","Fusion+1","Steam","Sunder+1","Steam","Hyperbeam+1","Coolheaded+1","Redo+1"],"relics":["Cracked Core","WingedGreaves","Toxic Egg 2"],"potions_floor_usage":[4,14,16],"damage_taken":[{"damage":10,"enemies":"Small Slimes","floor":1,"turns":3},{"damage":8,"enemies":"2 Louse","floor":3,"turns":2},{"damage":2,"enemies":"Jaw Worm","floor":4,"turns":4},{"damage":7,"enemies":"Exordium Wildlife","floor":5,"turns":3},{"damage":29,"enemies":"Lagavulin","floor":7,"turns":7},{"damage":0,"enemies":"Looter","floor":11,"turns":2},{"damage":7,"enemies":"Exordium Thugs","floor":14,"turns":3},{"damage":32,"enemies":"Hexaghost","floor":16,"turns":9}],"seed_played":"7830289133336184216","potions_obtained":[{"floor":1,"key":"PowerPotion"},{"floor":4,"key":"Weak Potion"},{"floor":7,"key":"AttackPotion"},{"floor":11,"key":"Fire Potion"}],"is_trial":false,"path_per_floor":["M","$","M","M","M","R","E","?","T","R","M","R","?","M","R","B"],"character_chosen":"DEFECT","items_purchased":["Fusion","Steam"],"campfire_rested":0,"item_purchase_floors":[2,2],"current_hp_per_floor":[36,36,28,33,33,33,11,28,28,28,28,28,28,28,28,0],"gold":170,"neow_bonus":"THREE_RARE_CARDS","is_prod":false,"is_daily":false,"chose_seed":false,"campfire_upgraded":4,"win_rate":0,"timestamp":1559000843,"path_taken":["M","$","M","M","M","R","E","?","T","R","M","R","?","M","R","BOSS"],"build_version":"2019-01-23","purchased_purges":0,"victory":false,"max_hp_per_floor":[71,71,71,71,71,71,71,71,71,71,71,71,71,71,71,71],"card_choices":[{"not_picked":["Reboot","Amplify"],"picked":"Machine Learning","floor":0},{"not_picked":["Coolheaded","Cold Snap"],"picked":"Self Repair","floor":1},{"not_picked":["Conserve Battery","Aggregate"],"picked":"Sunder","floor":3},{"not_picked":["Leap","Redo"],"picked":"Steam","floor":4},{"not_picked":["FTL","Gash","Go for the Eyes"],"picked":"SKIP","floor":5},{"not_picked":["Ball Lightning","Barrage"],"picked":"Hyperbeam","floor":7},{"not_picked":["Storm","Redo+1"],"picked":"Coolheaded+1","floor":11},{"not_picked":["Storm","Coolheaded+1"],"picked":"Redo+1","floor":14}],"player_experience":767706,"relics_obtained":[{"floor":7,"key":"WingedGreaves"},{"floor":9,"key":"Toxic Egg 2"}],"event_choices":[{"damage_healed":17,"gold_gain":0,"player_choice":"Healed","damage_taken":0,"max_hp_gain":0,"max_hp_loss":0,"event_name":"The Cleric","floor":8,"gold_loss":35},{"damage_healed":0,"gold_gain":0,"player_choice":"Ignored","damage_taken":0,"max_hp_gain":0,"max_hp_loss":0,"event_name":"Liars Game","floor":13,"gold_loss":0}],"is_beta":false,"boss_relics":[],"items_purged_floors":[],"is_endless":false,"potions_floor_spawned":[1,4,7,11],"killed_by":"Hexaghost","ascension_level":18}