{"gold_per_floor":[115,26,41,61,11,11,30,30,54,68,68,102,102,118,118,218,218,228,228,242,261,279,279,290,290,290,389,405,405,118,133,133,133],"floor_reached":33,"playtime":2137,"items_purged":["Strike_B"],"score":314,"play_id":"b08fe676-8e85-4903-8f42-1a42456feb71","local_time":"20190505100048","is_ascension_mode":true,"campfire_choices":[{"data":"Zap","floor":6,"key":"SMITH"},{"data":"Dualcast","floor":8,"key":"SMITH"},{"data":"Go for the Eyes","floor":13,"key":"SMITH"},{"data":"Beam Cell","floor":15,"key":"SMITH"},{"floor":23,"key":"REST"},{"floor":25,"key":"REST"},{"data":"Machine Learning","floor":32,"key":"SMITH"}],"neow_cost":"NONE","seed_source_timestamp":237578472724724,"circlet_count":0,"master_deck":["Strike_B","Strike_B","Defend_B","Defend_B+1","Defend_B","Defend_B","Zap+1","Dualcast+1","All For One","Go for the Eyes+1","Swift Strike","Beam Cell+1","Steam+1","Self Repair","Machine Learning+1","Double Energy","Scrape","White Noise+1","Hologram","Apotheosis","Gash","Steam"],"relics":["Cracked Core","PreservedInsect","War Paint","Nuclear Battery","Ginger","Pantograph"],"potions_floor_usage":[16,24,31],"damage_taken":[{"damage":4,"enemies":"Jaw Worm","floor":1,"turns":4},{"damage":0,"enemies":"2 Louse","floor":3,"turns":2},{"damage":0,"enemies":"Small Slimes","floor":4,"turns":2},{"damage":4,"enemies":"Blue Slaver","floor":7,"turns":2},{"damage":0,"enemies":"Large Slime","floor":10,"turns":2},{"damage":14,"enemies":"3 Sentries","floor":12,"turns":5},{"damage":0,"enemies":"Gremlin Gang","floor":14,"turns":3},{"damage":27,"enemies":"The Guardian","floor":16,"turns":12},{"damage":9,"enemies":"Chosen","floor":18,"turns":4},{"damage":19,"enemies":"Shell Parasite","floor":20,"turns":4},{"damage":24,"enemies":"Snake Plant","floor":21,"turns":4},{"damage":11,"enemies":"Sentry and Sphere","floor":22,"turns":4},{"damage":14,"enemies":"Shelled Parasite and Fungi","floor":24,"turns":3},{"damage":19,"enemies":"Snake Plant","floor":28,"turns":4},{"damage":17,"enemies":"3 Cultists","floor":31,"turns":5},{"damage":75,"enemies":"Automaton","floor":33,"turns":8}],"seed_played":"3688881531044572806","potions_obtained":[{"floor":4,"key":"SmokeBomb"},{"floor":7,"key":"PowerPotion"},{"floor":10,"key":"AttackPotion"},{"floor":18,"key":"Swift Potion"}],"is_trial":false,"path_per_floor":["M","$","M","M","?","R","M","R","T","M","?","E","R","M","R","B",null,"M","?","M","M","M","R","M","R","T","?","M","?","$","M","R","B"],"character_chosen":"DEFECT","items_purchased":["Swift Strike","Apotheosis","Gash"],"campfire_rested":2,"item_purchase_floors":[2,30,30],"current_hp_per_floor":[71,71,71,71,71,71,67,67,67,67,67,60,60,67,67,47,68,66,66,54,37,33,55,48,70,70,70,58,58,58,48,48,0],"gold":133,"neow_bonus":"ONE_RANDOM_RARE_CARD","is_prod":false,"is_daily":false,"chose_seed":false,"campfire_upgraded":5,"win_rate":0,"timestamp":1557075648,"path_taken":["M","$","M","M","?","R","M","R","T","M","?","E","R","M","R","BOSS","M","?","M","M","M","R","M","R","T","?","M","?","$","M","R","BOSS"],"build_version":"2019-01-23","purchased_purges":1,"victory":false,"max_hp_per_floor":[75,75,75,75,75,75,75,75,75,75,75,75,75,75,75,75,75,75,75,75,75,75,75,75,75,75,75,75,75,75,75,75,75],"card_choices":[{"not_picked":["Reprogram","Blizzard"],"picked":"Go for the Eyes","floor":1},{"not_picked":["Hologram","Ball Lightning"],"picked":"Beam Cell","floor":3},{"not_picked":["Force Field","Sweeping Beam"],"picked":"Steam","floor":4},{"not_picked":["Streamline","Recycle","Cold Snap"],"picked":"SKIP","floor":7},{"not_picked":["Leap","Barrage"],"picked":"Self Repair","floor":10},{"not_picked":["Redo","Rebound","Stack"],"picked":"SKIP","floor":12},{"not_picked":["Genetic Algorithm","Coolheaded","Sweeping Beam"],"picked":"SKIP","floor":14},{"not_picked":["Multi-Cast","Biased Cognition"],"picked":"Machine Learning","floor":16},{"not_picked":["Ball Lightning","Blizzard"],"picked":"Double Energy","floor":18},{"not_picked":["Hello World","Capacitor+1","Redo"],"picked":"SKIP","floor":20},{"not_picked":["Coolheaded+1","Conserve Battery"],"picked":"White Noise+1","floor":21},{"not_picked":["Rebound+1","Compile Driver","Ball Lightning"],"picked":"SKIP","floor":22},{"not_picked":["Double Energy","Leap"],"picked":"Hologram","floor":24},{"not_picked":["Sweeping Beam","Sunder","Heatsinks"],"picked":"SKIP","floor":28},{"not_picked":["Leap","White Noise"],"picked":"Steam","floor":31}],"player_experience":263778,"relics_obtained":[{"floor":9,"key":"PreservedInsect"},{"floor":12,"key":"War Paint"},{"floor":26,"key":"Ginger"}],"event_choices":[{"cards_removed":["Strike_B"],"damage_healed":0,"gold_gain":0,"player_choice":"Card Removal","damage_taken":0,"max_hp_gain":0,"max_hp_loss":0,"event_name":"The Cleric","floor":5,"gold_loss":50},{"damage_healed":0,"gold_gain":0,"player_choice":"Ignored","damage_taken":0,"max_hp_gain":0,"max_hp_loss":0,"event_name":"Shining Light","floor":11,"gold_loss":0},{"damage_healed":0,"gold_gain":0,"player_choice":"Read","damage_taken":0,"max_hp_gain":0,"max_hp_loss":0,"event_name":"The Library","floor":19,"gold_loss":0,"cards_obtained":["Scrape"]},{"damage_healed":0,"gold_gain":99,"player_choice":"Stole From Cult","damage_taken":0,"max_hp_gain":0,"max_hp_loss":0,"event_name":"Nest","floor":27,"gold_loss":0},{"damage_healed":0,"gold_gain":0,"player_choice":"Opened","damage_taken":0,"relics_obtained":["Pantograph"],"max_hp_gain":0,"max_hp_loss":0,"event_name":"The Mausoleum","floor":29,"gold_loss":0}],"is_beta":false,"boss_relics":[{"not_picked":["Busted Crown","Tiny House"],"picked":"Nuclear Battery"}],"items_purged_floors":[30],"is_endless":false,"potions_floor_spawned":[4,7,10,18,20],"killed_by":"Automaton","ascension_level":5}