{"gold_per_floor":[116,66,66,66,76,76,86,86,110,126,141,175,175,194,194,297,297,309,234,234,246,258,271,288,213,240,266,281,281,110,110,110,213,213,225,19,119,47,57,57,75,92,138,138,69,69,87,100,100,100],"floor_reached":50,"playtime":1931,"items_purged":["Strike_R","Doubt","Strike_R+1"],"score":566,"play_id":"a13167b2-cf49-42d6-b26e-f13d7e5db06f","local_time":"20190413193157","is_ascension_mode":false,"campfire_choices":[{"floor":6.0,"key":"RECALL"},{"data":"Bouncing Flask","floor":8.0,"key":"SMITH"},{"data":"Armaments","floor":13.0,"key":"SMITH"},{"data":"Ghostly Armor","floor":15.0,"key":"SMITH"},{"data":"Barricade","floor":29.0,"key":"SMITH"},{"data":"Body Slam","floor":32.0,"key":"SMITH"},{"data":"Entrench","floor":40.0,"key":"SMITH"},{"data":"Disarm","floor":46.0,"key":"SMITH"},{"floor":49.0,"key":"REST"}],"neow_cost":"NONE","seed_source_timestamp":100939502037642,"circlet_count":0,"master_deck":["Defend_R+1","Defend_R+1","Defend_R+1","Defend_R+1","Bouncing Flask+1","Armaments+1","Ghostly Armor+1","Pommel Strike+1","Shrug It Off","Barricade+1","Cleave+1","Body Slam+1","Body Slam+1","Clothesline","Metallicize","Exhume","Seeing Red+1","Entrench+1","Disarm+1","Doubt","Intimidate","Entrench"],"special_seed":0,"relics":["Burning Blood","NeowsBlessing","Pear","Cursed Key","Whetstone","Ornamental Fan","Sozu","Magic Flower","Ancient Tea Set"],"potions_floor_usage":[50,50],"damage_taken":[{"damage":0.0,"enemies":"Small Slimes","floor":1.0,"turns":1.0},{"damage":0.0,"enemies":"2 Louse","floor":5.0,"turns":1.0},{"damage":0.0,"enemies":"Cultist","floor":7.0,"turns":1.0},{"damage":5.0,"enemies":"Looter","floor":10.0,"turns":3.0},{"damage":7.0,"enemies":"Blue Slaver","floor":11.0,"turns":3.0},{"damage":42.0,"enemies":"Gremlin Nob","floor":12.0,"turns":5.0},{"damage":16.0,"enemies":"Gremlin Gang","floor":14.0,"turns":8.0},{"damage":21.0,"enemies":"Hexaghost","floor":16.0,"turns":9.0},{"damage":4.0,"enemies":"3 Byrds","floor":18.0,"turns":7.0},{"damage":11.0,"enemies":"Spheric Guardian","floor":21.0,"turns":6.0},{"damage":0.0,"enemies":"Snake Plant","floor":22.0,"turns":4.0},{"damage":15.0,"enemies":"Centurion and Healer","floor":23.0,"turns":8.0},{"damage":2.0,"enemies":"Chosen and Byrds","floor":24.0,"turns":7.0},{"damage":0.0,"enemies":"Gremlin Leader","floor":27.0,"turns":8.0},{"damage":4.0,"enemies":"Snake Plant","floor":28.0,"turns":5.0},{"damage":0.0,"enemies":"Champ","floor":33.0,"turns":9.0},{"damage":21.0,"enemies":"3 Darklings","floor":35.0,"turns":7.0},{"damage":0.0,"enemies":"Mind Bloom Boss Battle","floor":37.0,"turns":4.0},{"damage":0.0,"enemies":"Orb Walker","floor":39.0,"turns":5.0},{"damage":2.0,"enemies":"Maw","floor":41.0,"turns":6.0},{"damage":31.0,"enemies":"Spire Growth","floor":42.0,"turns":7.0},{"damage":41.0,"enemies":"4 Shapes","floor":47.0,"turns":7.0},{"damage":0.0,"enemies":"Sphere and 2 Shapes","floor":48.0,"turns":6.0},{"damage":86,"enemies":"Donu and Deca","floor":50,"turns":11}],"seed_played":"-7462999821645192077","potions_obtained":[{"floor":1.0,"key":"Poison Potion"},{"floor":5.0,"key":"Dexterity Potion"},{"floor":11.0,"key":"Swift Potion"},{"floor":14.0,"key":"Block Potion"},{"floor":18.0,"key":"Fire Potion"},{"floor":22.0,"key":"Poison Potion"},{"floor":24.0,"key":"BloodPotion"},{"floor":27.0,"key":"Weak Potion"}],"is_trial":false,"path_per_floor":["M","?","?","?","M","R","M","R","T","M","M","E","R","M","R","B",null,"M","?","?","M","M","M","M","$","T","E","M","R","$","?","R","B",null,"M","$","?","$","M","R","M","M","T","?","$","R","M","M","R","B"],"character_chosen":"IRONCLAD","items_purchased":["Metallicize","Entrench","Disarm","Intimidate"],"campfire_rested":1,"item_purchase_floors":[30,36,38,45],"current_hp_per_floor":[80,80,73,73,79,79,80,80,80,80,79,53,53,43,43,28,90,90,90,90,85,90,81,85,85,85,90,90,90,90,90,90,90,90,75,75,81,81,90,90,90,68,68,68,68,68,50,59,86,0],"gold":100,"neow_bonus":"THREE_ENEMY_KILL","is_prod":false,"is_daily":false,"chose_seed":false,"campfire_upgraded":7,"win_rate":0,"timestamp":1555176717,"path_taken":["M","?","?","?","M","R","M","R","T","M","?","E","R","M","R","BOSS","M","?","?","?","M","M","M","?","T","E","M","R","$","?","R","BOSS","M","$","?","$","M","R","M","M","T","?","$","R","M","M","R","BOSS"],"build_version":"2019-01-23","purchased_purges":3,"victory":false,"max_hp_per_floor":[80,80,80,80,80,80,80,80,80,80,80,90,90,90,90,90,90,90,90,90,90,90,90,90,90,90,90,90,90,90,90,90,90,90,90,90,90,90,90,90,90,90,90,90,90,90,90,90,90,90],"card_choices":[{"not_picked":["Reckless Charge","True Grit","Dual Wield"],"picked":"SKIP","floor":1.0},{"not_picked":["Seeing Red","Spot Weakness"],"picked":"Inflame","floor":5.0},{"not_picked":["Twin Strike","Power Through"],"picked":"Armaments","floor":7.0},{"not_picked":["Seeing Red","Burning Pact","Thunderclap"],"picked":"SKIP","floor":10.0},{"not_picked":["Cleave","Havoc"],"picked":"Ghostly Armor","floor":11.0},{"not_picked":["Double Tap","Twin Strike"],"picked":"Pommel Strike","floor":12.0},{"not_picked":["Fire Breathing","Pommel Strike"],"picked":"Shrug It Off","floor":14.0},{"not_picked":["Impervious","Reaper"],"picked":"Barricade","floor":16.0},{"not_picked":["Sword Boomerang","Inflame","Reckless Charge+1"],"picked":"SKIP","floor":18.0},{"not_picked":["Cleave","Sentinel","Perfected Strike"],"picked":"SKIP","floor":21.0},{"not_picked":["Armaments","Perfected Strike","Pommel Strike"],"picked":"SKIP","floor":22.0},{"not_picked":["Wild Strike","Heavy Blade"],"picked":"Body Slam+1","floor":23.0},{"not_picked":["Intimidate","Wild Strike","Cleave"],"picked":"SKIP","floor":24.0},{"not_picked":["Inflame+1","Burning Pact"],"picked":"Body Slam","floor":27.0},{"not_picked":["Sever Soul+1","Twin Strike+1"],"picked":"Clothesline","floor":28.0},{"not_picked":["Feed","Limit Break"],"picked":"Exhume","floor":33.0},{"not_picked":["Havoc","Hemokinesis"],"picked":"Seeing Red+1","floor":35.0},{"not_picked":["Evolve","Armaments+1","Power Through+1"],"picked":"SKIP","floor":39.0},{"not_picked":["Fire Breathing","True Grit","Bloodletting+1"],"picked":"SKIP","floor":41.0},{"not_picked":["Iron Wave","Clash+1","Body Slam+1"],"picked":"SKIP","floor":42.0},{"not_picked":["Havoc","Dual Wield"],"picked":"Entrench","floor":47.0},{"not_picked":["Headbutt+1","Reckless Charge","Pommel Strike"],"picked":"SKIP","floor":48.0}],"player_experience":243905,"relics_obtained":[{"floor":12.0,"key":"Pear"},{"floor":26.0,"key":"Whetstone"},{"floor":27.0,"key":"Ornamental Fan"},{"floor":37.0,"key":"Magic Flower"},{"floor":43.0,"key":"Ancient Tea Set"}],"event_choices":[{"cards_removed":["Strike_R"],"damage_healed":0.0,"max_hp_gain":0.0,"max_hp_loss":0.0,"gold_gain":0.0,"event_name":"The Cleric","player_choice":"Card Removal","floor":2.0,"gold_loss":50.0,"damage_taken":0.0},{"cards_removed":["Strike_R"],"damage_healed":0.0,"max_hp_gain":0.0,"max_hp_loss":0.0,"gold_gain":0.0,"event_name":"Golden Wing","player_choice":"Card Removal","floor":3.0,"gold_loss":0.0,"damage_taken":7.0},{"cards_removed":["Bash"],"damage_healed":0.0,"max_hp_gain":0.0,"max_hp_loss":0.0,"gold_gain":0.0,"event_name":"NoteForYourself","player_choice":"Took Card","floor":4.0,"gold_loss":0.0,"damage_taken":0.0,"cards_obtained":["Bouncing Flask"]},{"cards_removed":["Strike_R"],"damage_healed":0.0,"max_hp_gain":0.0,"max_hp_loss":0.0,"gold_gain":0.0,"event_name":"Beggar","player_choice":"Gave Gold","floor":19.0,"gold_loss":75.0,"damage_taken":0.0},{"damage_healed":0.0,"max_hp_gain":0.0,"max_hp_loss":0.0,"gold_gain":0.0,"cards_transformed":["Inflame"],"event_name":"Transmorgrifier","player_choice":"Transformed","floor":20.0,"gold_loss":0.0,"damage_taken":0.0,"cards_obtained":["Cleave"]},{"damage_healed":0.0,"max_hp_gain":0.0,"max_hp_loss":0.0,"gold_gain":0.0,"event_name":"Back to Basics","player_choice":"Simplicity","floor":31.0,"gold_loss":0.0,"damage_taken":0.0,"cards_upgraded":["Strike_R","Defend_R","Defend_R","Defend_R","Defend_R"]},{"damage_healed":0.0,"max_hp_gain":0.0,"max_hp_loss":0.0,"gold_gain":0.0,"event_name":"MindBloom","player_choice":"Fight","floor":37.0,"gold_loss":0.0,"damage_taken":0.0},{"damage_healed":0.0,"max_hp_gain":0.0,"max_hp_loss":0.0,"gold_gain":0.0,"event_name":"Tomb of Lord Red Mask","player_choice":"Ignored","floor":44.0,"gold_loss":0.0,"damage_taken":0.0}],"is_beta":false,"boss_relics":[{"not_picked":["Coffee Dripper","Lizard Tail"],"picked":"Cursed Key"},{"not_picked":["Fusion Hammer","Tiny House"],"picked":"Sozu"}],"items_purged_floors":[25,30,36],"is_endless":false,"potions_floor_spawned":[1,5,11,14,18,22,24,27,35,41,48],"killed_by":"Donu and Deca","ascension_level":0}