{"gold_per_floor":[365,365,38,54,67,67,83,109,163,163,189,201,126,126,126,126],"floor_reached":16,"playtime":632,"items_purged":[],"score":218,"play_id":"57434874-4ff3-4055-8d15-e18e3421900d","local_time":"20190528183707","is_ascension_mode":true,"campfire_choices":[{"data":"Doom and Gloom","floor":6,"key":"SMITH"},{"data":"Zap","floor":10,"key":"SMITH"},{"data":"Steam","floor":15,"key":"SMITH"}],"neow_cost":"CURSE","seed_source_timestamp":262122324789614,"circlet_count":0,"master_deck":["AscendersBane","Strike_B","Strike_B","Strike_B","Defend_B","Defend_B","Defend_B","Defend_B","Zap+1","Dualcast","Doom and Gloom+1","Undo","Ball Lightning","Self Repair","Steam+1","Cold Snap"],"relics":["Cracked Core","Thread and Needle","Pear","Anchor","Omamori"],"potions_floor_usage":[14,16],"damage_taken":[{"damage":4,"enemies":"Jaw Worm","floor":1,"turns":4},{"damage":0,"enemies":"Cultist","floor":4,"turns":4},{"damage":14,"enemies":"Small Slimes","floor":5,"turns":3},{"damage":5,"enemies":"3 Louse","floor":7,"turns":2},{"damage":11,"enemies":"Lagavulin","floor":8,"turns":5},{"damage":19,"enemies":"3 Sentries","floor":11,"turns":7},{"damage":7,"enemies":"Lots of Slimes","floor":12,"turns":3},{"damage":0,"enemies":"Exordium Wildlife","floor":14,"turns":1},{"damage":22,"enemies":"Hexaghost","floor":16,"turns":7}],"seed_played":"1336404254527371312","potions_obtained":[{"floor":5,"key":"SmokeBomb"},{"floor":8,"key":"FearPotion"}],"is_trial":false,"path_per_floor":["M","?","$","M","M","R","M","E","T","R","E","M","?","M","R","B"],"character_chosen":"DEFECT","items_purchased":["Thread and Needle"],"campfire_rested":0,"item_purchase_floors":[3],"current_hp_per_floor":[60,60,60,60,46,46,41,47,47,47,28,21,21,21,21,0],"gold":126,"neow_bonus":"TWO_FIFTY_GOLD","is_prod":false,"is_daily":false,"chose_seed":false,"campfire_upgraded":3,"win_rate":0,"timestamp":1559093827,"path_taken":["M","?","$","M","M","R","?","E","T","R","E","M","?","M","R","BOSS"],"build_version":"2019-01-23","purchased_purges":0,"victory":false,"max_hp_per_floor":[71,71,71,71,71,71,71,81,81,81,81,81,81,81,81,81],"card_choices":[{"not_picked":["Stack","Compile Driver"],"picked":"Doom and Gloom","floor":1},{"not_picked":["Cold Snap","Gash"],"picked":"Undo","floor":4},{"not_picked":["Gash","Go for the Eyes"],"picked":"Ball Lightning","floor":5},{"not_picked":["Go for the Eyes","Rebound"],"picked":"Self Repair","floor":7},{"not_picked":["Redo","Streamline"],"picked":"Steam","floor":8},{"not_picked":["Meteor Strike","Steam"],"picked":"Cold Snap","floor":11},{"not_picked":["Redo","Loop","Go for the Eyes"],"picked":"SKIP","floor":12}],"player_experience":800385,"relics_obtained":[{"floor":8,"key":"Pear"},{"floor":9,"key":"Anchor"},{"floor":11,"key":"Omamori"}],"event_choices":[{"cards_removed":["Clumsy"],"damage_healed":0,"gold_gain":0,"player_choice":"Purged","damage_taken":0,"max_hp_gain":0,"max_hp_loss":0,"event_name":"Purifier","floor":2,"gold_loss":0},{"cards_removed":["Strike_B"],"damage_healed":0,"gold_gain":0,"player_choice":"Card Removal","damage_taken":0,"max_hp_gain":0,"max_hp_loss":0,"event_name":"The Cleric","floor":13,"gold_loss":75}],"is_beta":false,"boss_relics":[],"items_purged_floors":[],"is_endless":false,"potions_floor_spawned":[5,8,12],"killed_by":"Hexaghost","ascension_level":19}