{"gold_per_floor":[18,31,44,44,44,44,58,70,70,83,83,83,101,101,101,232,232,247,266,287,287],"floor_reached":21,"playtime":1113,"items_purged":[],"score":219,"play_id":"049075b2-a841-49cf-b277-2b51f9759bf2","local_time":"20190504115254","is_ascension_mode":true,"campfire_choices":[{"data":"Machine Learning","floor":6,"key":"SMITH"},{"floor":12,"key":"REST"},{"floor":15,"key":"REST"}],"neow_cost":"NO_GOLD","seed_source_timestamp":233933426111847,"circlet_count":0,"master_deck":["Strike_B","Strike_B","Strike_B","Defend_B","Defend_B","Defend_B","Defend_B","Zap","Dualcast","Machine Learning+1","Sweeping Beam","Ball Lightning","Go for the Eyes+1","Glacier","BootSequence","Core Surge","Cold Snap","Cold Snap"],"relics":["Cracked Core","Symbiotic Virus","Golden Idol","Philosopher\u0027s Stone"],"potions_floor_usage":[],"damage_taken":[{"damage":0,"enemies":"2 Louse","floor":1,"turns":3},{"damage":1,"enemies":"Cultist","floor":2,"turns":3},{"damage":1,"enemies":"Jaw Worm","floor":3,"turns":4},{"damage":8,"enemies":"Large Slime","floor":7,"turns":4},{"damage":9,"enemies":"Looter","floor":8,"turns":3},{"damage":7,"enemies":"Exordium Wildlife","floor":10,"turns":3},{"damage":22,"enemies":"Lots of Slimes","floor":13,"turns":3},{"damage":28,"enemies":"Slime Boss","floor":16,"turns":8},{"damage":14,"enemies":"2 Thieves","floor":18,"turns":4},{"damage":25,"enemies":"3 Byrds","floor":19,"turns":5},{"damage":13,"enemies":"Centurion and Healer","floor":20,"turns":5},{"damage":21,"enemies":"Snecko","floor":21,"turns":3}],"seed_played":"-2534595033221694450","potions_obtained":[{"floor":2,"key":"SteroidPotion"},{"floor":3,"key":"SkillPotion"},{"floor":13,"key":"Weak Potion"}],"is_trial":false,"path_per_floor":["M","M","M","?","$","R","M","M","T","M","?","R","M","?","R","B",null,"M","M","M","M"],"character_chosen":"DEFECT","items_purchased":[],"campfire_rested":2,"item_purchase_floors":[],"current_hp_per_floor":[75,74,73,73,73,73,65,56,56,49,49,71,49,49,69,41,62,48,23,10,0],"gold":287,"neow_bonus":"THREE_RARE_CARDS","is_prod":false,"is_daily":false,"chose_seed":false,"campfire_upgraded":1,"win_rate":0,"timestamp":1556995974,"path_taken":["M","M","M","?","?","R","?","M","T","M","?","R","?","?","R","BOSS","M","M","M","M"],"build_version":"2019-01-23","purchased_purges":0,"victory":false,"max_hp_per_floor":[75,75,75,75,75,75,75,75,75,75,75,75,75,69,69,69,69,69,69,69,69],"card_choices":[{"not_picked":["Hyperbeam","Reboot"],"picked":"Machine Learning","floor":0},{"not_picked":["Force Field","Rebound"],"picked":"Sweeping Beam","floor":1},{"not_picked":["Tempest","Steam Power","Loop"],"picked":"SKIP","floor":2},{"not_picked":["Redo","Glacier"],"picked":"Ball Lightning","floor":3},{"not_picked":["Stack","Gash"],"picked":"Go for the Eyes","floor":7},{"not_picked":["Barrage","Hologram","Rebound"],"picked":"SKIP","floor":8},{"not_picked":["Turbo","Gash"],"picked":"Glacier","floor":10},{"not_picked":["Self Repair","Go for the Eyes"],"picked":"BootSequence","floor":13},{"not_picked":["Creative AI","All For One"],"picked":"Core Surge","floor":16},{"not_picked":["Rip and Tear","Compile Driver","Tempest"],"picked":"SKIP","floor":18},{"not_picked":["Sweeping Beam","Compile Driver"],"picked":"Cold Snap","floor":19},{"not_picked":["Darkness+1","Gash"],"picked":"Cold Snap","floor":20}],"player_experience":260279,"relics_obtained":[{"floor":9,"key":"Symbiotic Virus"}],"event_choices":[{"cards_removed":["Strike_B"],"damage_healed":0,"gold_gain":0,"player_choice":"Purged","damage_taken":0,"max_hp_gain":0,"max_hp_loss":0,"event_name":"Purifier","floor":4,"gold_loss":0},{"damage_healed":0,"gold_gain":0,"player_choice":"Upgraded","damage_taken":0,"max_hp_gain":0,"max_hp_loss":0,"event_name":"Upgrade Shrine","floor":11,"gold_loss":0,"cards_upgraded":["Go for the Eyes"]},{"damage_healed":0,"gold_gain":0,"player_choice":"Lose Max HP","damage_taken":0,"relics_obtained":["Golden Idol"],"max_hp_gain":0,"max_hp_loss":6,"event_name":"Golden Idol","floor":14,"gold_loss":0}],"is_beta":false,"boss_relics":[{"not_picked":["Busted Crown","Runic Dome"],"picked":"Philosopher\u0027s Stone"}],"items_purged_floors":[],"is_endless":false,"potions_floor_spawned":[2,3,13,19,20],"killed_by":"Snecko","ascension_level":5}