{"gold_per_floor":[110,110,130,130,144,144,158,175,175,175,188,188,201,219,219,319,319,334,351,351,363,363,363,388,388,388,415,429,429,445,459,459,560,560,577,349,364,364,384,384,384,414,414,431,89,124,124,143,143,143,143,143,68,101,101],"floor_reached":55,"playtime":1794,"items_purged":["Pain"],"score":913,"play_id":"5a021244-9b72-4a9d-a70d-f9f5a1e72d4e","local_time":"20190525002925","is_ascension_mode":false,"campfire_choices":[{"data":"Coolheaded","floor":6.0,"key":"SMITH"},{"data":"Conserve Battery","floor":10.0,"key":"SMITH"},{"data":"Dualcast","floor":12.0,"key":"SMITH"},{"data":"Coolheaded","floor":15.0,"key":"SMITH"},{"data":"Fission","floor":23.0,"key":"SMITH"},{"data":"Recycle","floor":29.0,"key":"SMITH"},{"floor":32.0,"key":"REST"},{"data":"Defragment","floor":40.0,"key":"SMITH"},{"data":"Scrape","floor":47.0,"key":"SMITH"},{"floor":49.0,"key":"RECALL"},{"data":"Forethought","floor":52.0,"key":"SMITH"}],"neow_cost":"NONE","seed_source_timestamp":546686162877936,"circlet_count":0,"master_deck":["Zap+1","Gash+1","Rip and Tear+1","Coolheaded+1","Chill","Conserve Battery+1","Scrape+1","All For One","Fission+1","Gash","Beam Cell","Turbo","Hologram+1","Recycle+1","Gash+1","Defragment+1","Seek","Coolheaded+1","Reprogram","Glacier+1","Go for the Eyes","Forethought+1","Dark Shackles","Panacea","Gash+1","Finesse","Coolheaded+1","Writhe"],"special_seed":0,"relics":["Pandora\u0027s Box","Art of War","Orrery","FaceOfCleric","PreservedInsect","Letter Opener","Sundial","energizedSpire:CursedPentagram","Centennial Puzzle","Ginger","Shuriken","Ornamental Fan"],"potions_floor_usage":[55,55],"damage_taken":[{"damage":3.0,"enemies":"Small Slimes","floor":1.0,"turns":3.0},{"damage":7.0,"enemies":"2 Louse","floor":3.0,"turns":2.0},{"damage":0.0,"enemies":"Cultist","floor":5.0,"turns":2.0},{"damage":0.0,"enemies":"Exordium Thugs","floor":7.0,"turns":3.0},{"damage":3.0,"enemies":"Red Slaver","floor":8.0,"turns":2.0},{"damage":2.0,"enemies":"Large Slime","floor":11.0,"turns":3.0},{"damage":0.0,"enemies":"Lots of Slimes","floor":13.0,"turns":3.0},{"damage":2.0,"enemies":"2 Fungi Beasts","floor":14.0,"turns":3.0},{"damage":0.0,"enemies":"Hexaghost","floor":16.0,"turns":5.0},{"damage":16.0,"enemies":"2 Thieves","floor":18.0,"turns":3.0},{"damage":0.0,"enemies":"Shell Parasite","floor":19.0,"turns":1.0},{"damage":0.0,"enemies":"Snecko","floor":21.0,"turns":2.0},{"damage":9.0,"enemies":"Slavers","floor":24.0,"turns":3.0},{"damage":10.0,"enemies":"Book of Stabbing","floor":27.0,"turns":2.0},{"damage":9.0,"enemies":"Snake Plant","floor":28.0,"turns":3.0},{"damage":0.0,"enemies":"3 Cultists","floor":30.0,"turns":3.0},{"damage":0.0,"enemies":"Cultist and Chosen","floor":31.0,"turns":3.0},{"damage":0.0,"enemies":"Automaton","floor":33.0,"turns":4.0},{"damage":0.0,"enemies":"3 Shapes","floor":35.0,"turns":2.0},{"damage":0.0,"enemies":"Orb Walker","floor":37.0,"turns":2.0},{"damage":0.0,"enemies":"Jaw Worm Horde","floor":39.0,"turns":2.0},{"damage":3.0,"enemies":"Reptomancer","floor":42.0,"turns":3.0},{"damage":18.0,"enemies":"Sphere and 2 Shapes","floor":44.0,"turns":4.0},{"damage":10.0,"enemies":"Nemesis","floor":46.0,"turns":3.0},{"damage":2.0,"enemies":"Spire Growth","floor":48.0,"turns":3.0},{"damage":15.0,"enemies":"Donu and Deca","floor":50.0,"turns":6.0},{"damage":12,"enemies":"Shield and Spear","floor":54,"turns":4},{"damage":88,"enemies":"The Heart","floor":55,"turns":6}],"seed_played":"7577878268732873450","potions_obtained":[{"floor":7.0,"key":"Poison Potion"},{"floor":13.0,"key":"PowerPotion"},{"floor":14.0,"key":"SkillPotion"},{"floor":16.0,"key":"EssenceOfSteel"},{"floor":18.0,"key":"SteroidPotion"},{"floor":21.0,"key":"FearPotion"},{"floor":31.0,"key":"Strength Potion"},{"floor":39.0,"key":"FearPotion"},{"floor":44.0,"key":"SmokeBomb"},{"floor":54,"key":"Swift Potion"}],"is_trial":false,"path_per_floor":["M","?","M","?","M","R","M","M","T","R","M","R","M","M","R","B",null,"M","M","?","M","?","R","E","?","T","E","M","R","M","M","R","B",null,"M","$","M","?","M","R","?","E","T","M","$","E","R","M","R","B",null,"R","$","E","B"],"character_chosen":"DEFECT","items_purchased":["Reprogram","Centennial Puzzle","Shuriken","Finesse"],"campfire_rested":1,"item_purchase_floors":[36,36,45,45],"current_hp_per_floor":[72,57,50,50,50,50,50,47,47,47,45,45,45,43,43,43,75,59,59,59,60,46,46,38,38,38,29,21,21,22,23,48,49,87,88,88,89,89,90,90,80,78,78,61,61,52,52,51,51,37,95,95,95,84,0],"gold":101,"neow_bonus":"BOSS_RELIC","is_prod":false,"is_daily":false,"chose_seed":false,"campfire_upgraded":9,"win_rate":0,"timestamp":1558711765,"path_taken":["M","?","M","?","M","R","M","?","T","R","M","R","M","M","R","BOSS","M","M","?","?","?","R","E","?","T","E","?","R","M","M","R","BOSS","M","$","M","?","M","R","?","E","T","M","$","E","R","M","R","BOSS","R","$","E","BOSS"],"build_version":"2019-01-23","purchased_purges":1,"victory":false,"max_hp_per_floor":[75,75,75,75,75,75,75,75,75,75,75,75,75,75,75,75,75,75,75,75,76,81,81,82,82,82,83,84,84,85,86,86,87,87,88,88,89,89,90,90,90,91,91,92,92,93,93,94,94,95,95,95,95,96,96],"card_choices":[{"not_picked":["Redo","Stack"],"picked":"Gash","floor":1.0},{"not_picked":["Go for the Eyes","Sweeping Beam"],"picked":"Rip and Tear","floor":3.0},{"not_picked":["Fusion","Barrage"],"picked":"Coolheaded","floor":5.0},{"not_picked":["Undo","Sweeping Beam"],"picked":"Chill","floor":7.0},{"not_picked":["Compile Driver","Hologram"],"picked":"Conserve Battery","floor":8.0},{"not_picked":["Hyperbeam","Doom and Gloom","Turbo"],"picked":"SKIP","floor":11.0},{"not_picked":["Rip and Tear","Streamline"],"picked":"Scrape","floor":13.0},{"not_picked":["Redo","FTL"],"picked":"Coolheaded","floor":14.0},{"not_picked":["Core Surge","Hyperbeam"],"picked":"All For One","floor":16.0},{"not_picked":["Beam Cell","Chaos"],"picked":"Fission","floor":17.0},{"not_picked":["Tempest","Skim"],"picked":"Gash","floor":17.0},{"not_picked":["Conserve Battery","Hello World"],"picked":"Beam Cell","floor":17.0},{"not_picked":["Coolheaded","Compile Driver"],"picked":"Turbo","floor":17.0},{"not_picked":["Stack+1","Doom and Gloom","Beam Cell"],"picked":"SKIP","floor":18.0},{"not_picked":["Coolheaded","Leap","Stack"],"picked":"SKIP","floor":19.0},{"not_picked":["Auto Shields","Capacitor"],"picked":"Hologram+1","floor":21.0},{"not_picked":["Auto Shields","Aggregate","Beam Cell"],"picked":"SKIP","floor":24.0},{"not_picked":["Turbo","All For One"],"picked":"Recycle","floor":27.0},{"not_picked":["Sweeping Beam","Fusion","Lockon"],"picked":"SKIP","floor":28.0},{"not_picked":["Hologram+1","White Noise"],"picked":"Gash+1","floor":30.0},{"not_picked":["Sweeping Beam+1","Cold Snap+1"],"picked":"Defragment","floor":31.0},{"not_picked":["Electrodynamics","Machine Learning"],"picked":"Seek","floor":33.0},{"not_picked":["Darkness+1","Conserve Battery+1"],"picked":"Coolheaded+1","floor":35.0},{"not_picked":["Compile Driver+1","Sweeping Beam+1"],"picked":"Glacier+1","floor":37.0},{"not_picked":["Redo","Tempest"],"picked":"Go for the Eyes","floor":39.0},{"not_picked":["Impatience","Transmutation"],"picked":"Forethought","floor":41.0},{"not_picked":["Secret Technique","Impatience"],"picked":"Dark Shackles","floor":41.0},{"not_picked":["Swift Strike","Apotheosis"],"picked":"Panacea","floor":41.0},{"not_picked":["Hologram","Meteor Strike"],"picked":"Gash+1","floor":42.0},{"not_picked":["Conserve Battery","Beam Cell","Barrage+1"],"picked":"SKIP","floor":44.0},{"not_picked":["Scrape+1","Hello World+1","Core Surge"],"picked":"SKIP","floor":46.0},{"not_picked":["Streamline+1","Ball Lightning","Leap+1"],"picked":"SKIP","floor":48.0},{"not_picked":["Ball Lightning+1","Streamline+1"],"picked":"Coolheaded+1","floor":54}],"player_experience":459100,"relics_obtained":[{"floor":9.0,"key":"Art of War"},{"floor":24.0,"key":"PreservedInsect"},{"floor":26.0,"key":"Letter Opener"},{"floor":27.0,"key":"Sundial"},{"floor":42.0,"key":"Ginger"},{"floor":54,"key":"Ornamental Fan"}],"event_choices":[{"damage_healed":0.0,"max_hp_gain":0.0,"max_hp_loss":0.0,"gold_gain":0.0,"event_name":"Shining Light","player_choice":"Entered Light","floor":2.0,"gold_loss":0.0,"damage_taken":15.0,"cards_upgraded":["Gash","Zap"]},{"damage_healed":0.0,"max_hp_gain":0.0,"max_hp_loss":0.0,"gold_gain":0.0,"event_name":"Accursed Blacksmith","player_choice":"Forge","floor":4.0,"gold_loss":0.0,"damage_taken":0.0,"cards_upgraded":["Rip and Tear"]},{"damage_healed":0.0,"max_hp_gain":0.0,"max_hp_loss":0.0,"gold_gain":0.0,"event_name":"FaceTrader","player_choice":"Trade","floor":20.0,"gold_loss":0.0,"damage_taken":0.0,"relics_obtained":["FaceOfCleric"]},{"damage_healed":0.0,"max_hp_gain":5.0,"max_hp_loss":0.0,"gold_gain":0.0,"event_name":"Forgotten Altar","player_choice":"Shed Blood","floor":22.0,"gold_loss":0.0,"damage_taken":19.0},{"cards_removed":["Dualcast"],"damage_healed":0.0,"max_hp_gain":0.0,"max_hp_loss":0.0,"gold_gain":0.0,"event_name":"Bonfire Elementals","player_choice":"Offered Basic","floor":25.0,"gold_loss":0.0,"damage_taken":0.0},{"cards_removed":["Coolheaded"],"damage_healed":0.0,"max_hp_gain":0.0,"max_hp_loss":0.0,"gold_gain":0.0,"event_name":"Falling","player_choice":"Removed Skill","floor":38.0,"gold_loss":0.0,"damage_taken":0.0},{"damage_healed":0.0,"max_hp_gain":0.0,"max_hp_loss":0.0,"gold_gain":0.0,"event_name":"SensoryStone","player_choice":"Memory 3","floor":41.0,"gold_loss":0.0,"damage_taken":10.0}],"is_beta":false,"boss_relics":[{"not_picked":["energizedSpire:OgreHead","Tiny House"],"picked":"Orrery"},{"not_picked":["energizedSpire:EnergizedDie","Black Star"],"picked":"energizedSpire:CursedPentagram"}],"items_purged_floors":[53],"is_endless":false,"potions_floor_spawned":[7,13,14,16,18,21,31,33,39,44,54],"killed_by":"The Heart","ascension_level":0}