{"gold_per_floor":[117,117,132,132,147,147,147,147,173,191,156,172,189,204,204,307,307,320,320,320,41,56,56,73,87,87,87],"floor_reached":27,"playtime":1665,"items_purged":["Strike_B"],"score":259,"play_id":"8a12d590-fff3-4b82-8c25-e8c2a40ca6d7","local_time":"20190504123451","is_ascension_mode":true,"campfire_choices":[{"data":"White Noise","floor":6,"key":"SMITH"},{"data":"Defragment","floor":8,"key":"SMITH"},{"floor":15,"key":"REST"},{"floor":23,"key":"REST"}],"neow_cost":"NONE","seed_source_timestamp":235901141140737,"circlet_count":0,"master_deck":["Strike_B","Strike_B","Strike_B","Defend_B","Defend_B","Defend_B","Defend_B","Zap","Dualcast","White Noise+1","Defragment+1","Conserve Battery","Ball Lightning","Coolheaded","Go for the Eyes","Leap","Echo Form","Blizzard","Defragment","Finesse","Go for the Eyes+1"],"relics":["Inserter","Vajra","Runic Pyramid","MutagenicStrength","Blue Candle"],"potions_floor_usage":[14,16,16],"damage_taken":[{"damage":1,"enemies":"Cultist","floor":1,"turns":4},{"damage":5,"enemies":"Small Slimes","floor":3,"turns":4},{"damage":11,"enemies":"2 Louse","floor":5,"turns":4},{"damage":10,"enemies":"Large Slime","floor":10,"turns":4},{"damage":1,"enemies":"2 Fungi Beasts","floor":12,"turns":3},{"damage":12,"enemies":"Exordium Wildlife","floor":13,"turns":4},{"damage":10,"enemies":"Exordium Thugs","floor":14,"turns":3},{"damage":32,"enemies":"Slime Boss","floor":16,"turns":10},{"damage":6,"enemies":"Spheric Guardian","floor":18,"turns":6},{"damage":9,"enemies":"Shell Parasite","floor":22,"turns":8},{"damage":21,"enemies":"Centurion and Healer","floor":24,"turns":9},{"damage":20,"enemies":"Snake Plant","floor":25,"turns":5},{"damage":45,"enemies":"Book of Stabbing","floor":27,"turns":8}],"seed_played":"-7321972394132859888","potions_obtained":[{"floor":5,"key":"Swift Potion"},{"floor":10,"key":"Dexterity Potion"},{"floor":12,"key":"Explosive Potion"},{"floor":13,"key":"Explosive Potion"},{"floor":24,"key":"PowerPotion"}],"is_trial":false,"path_per_floor":["M","?","M","?","M","R","?","R","T","M","?","M","M","M","R","B",null,"M","?","?","$","M","R","M","M","T","E"],"character_chosen":"DEFECT","items_purchased":["Blizzard","Defragment","Finesse"],"campfire_rested":2,"item_purchase_floors":[21,21,21],"current_hp_per_floor":[74,74,69,74,63,63,63,63,63,53,73,72,60,50,74,42,71,65,65,65,65,56,80,59,39,39,0],"gold":87,"neow_bonus":"BOSS_RELIC","is_prod":false,"is_daily":false,"chose_seed":false,"campfire_upgraded":2,"win_rate":0,"timestamp":1556998491,"path_taken":["M","?","M","?","M","R","?","R","T","M","?","M","M","M","R","BOSS","M","?","?","?","M","R","M","M","T","E"],"build_version":"2019-01-23","purchased_purges":1,"victory":false,"max_hp_per_floor":[75,75,75,80,80,80,80,80,80,80,80,80,80,80,80,80,80,80,80,80,80,80,80,80,80,80,80],"card_choices":[{"not_picked":["Gash","Sunder"],"picked":"White Noise","floor":1},{"not_picked":["Streamline","Aggregate"],"picked":"Defragment","floor":3},{"not_picked":["Gash","Doom and Gloom"],"picked":"Conserve Battery","floor":5},{"not_picked":["Stack","Rebound"],"picked":"Ball Lightning","floor":10},{"not_picked":["Fusion","Barrage"],"picked":"Coolheaded","floor":12},{"not_picked":["Scrape","Loop"],"picked":"Go for the Eyes","floor":13},{"not_picked":["Melter","Skim"],"picked":"Leap","floor":14},{"not_picked":["Multi-Cast","Reboot"],"picked":"Echo Form","floor":16},{"not_picked":["Streamline+1","Rip and Tear","Force Field"],"picked":"SKIP","floor":18},{"not_picked":["Stack","Consume"],"picked":"Go for the Eyes+1","floor":22},{"not_picked":["Go for the Eyes","Compile Driver","Reprogram"],"picked":"SKIP","floor":24},{"not_picked":["Redo","Heatsinks","Genetic Algorithm+1"],"picked":"SKIP","floor":25}],"player_experience":262113,"relics_obtained":[{"floor":9,"key":"Vajra"},{"floor":26,"key":"Blue Candle"}],"event_choices":[{"damage_healed":0,"gold_gain":0,"player_choice":"Ignored","damage_taken":0,"max_hp_gain":0,"max_hp_loss":0,"event_name":"Shining Light","floor":2,"gold_loss":0},{"damage_healed":0,"gold_gain":0,"player_choice":"Donut","damage_taken":0,"max_hp_gain":5,"max_hp_loss":0,"event_name":"Big Fish","floor":4,"gold_loss":0},{"damage_healed":0,"gold_gain":0,"player_choice":"Ignored","damage_taken":0,"max_hp_gain":0,"max_hp_loss":0,"event_name":"Liars Game","floor":7,"gold_loss":0},{"damage_healed":20,"gold_gain":0,"player_choice":"Healed","damage_taken":0,"max_hp_gain":0,"max_hp_loss":0,"event_name":"The Cleric","floor":11,"gold_loss":35},{"damage_healed":0,"gold_gain":0,"player_choice":"Ignored","damage_taken":0,"max_hp_gain":0,"max_hp_loss":0,"event_name":"Ghosts","floor":19,"gold_loss":0},{"damage_healed":0,"gold_gain":0,"player_choice":"Inject Mutagens","damage_taken":0,"relics_obtained":["MutagenicStrength"],"max_hp_gain":0,"max_hp_loss":0,"event_name":"Drug Dealer","floor":20,"gold_loss":0}],"is_beta":false,"boss_relics":[{"not_picked":["Philosopher\u0027s Stone","White Beast Statue"],"picked":"Runic Pyramid"}],"items_purged_floors":[21],"is_endless":false,"potions_floor_spawned":[5,10,12,13,24],"killed_by":"Book of Stabbing","ascension_level":5}