{"gold_per_floor":[109,109,109,124,124,124,140,140,140,154,173,201,218,233,233,333,333,348,367,367],"floor_reached":20,"playtime":1564,"items_purged":[],"score":205,"play_id":"657079ec-63d0-4c45-b824-bd1c9e196001","local_time":"20190429180844","is_ascension_mode":true,"campfire_choices":[{"data":"Ball Lightning","floor":6,"key":"SMITH"},{"data":"Redo","floor":8,"key":"SMITH"},{"floor":15,"key":"REST"}],"neow_cost":"NONE","seed_source_timestamp":63411191385804,"circlet_count":0,"master_deck":["Strike_B","Strike_B","Strike_B","Strike_B","Defend_B","Defend_B","Defend_B","Defend_B","Zap+1","Dualcast","Ball Lightning+1","Redo+1","Coolheaded","Go for the Eyes","Chaos","Self Repair","Buffer","Sweeping Beam+1","Cold Snap"],"relics":["Cracked Core","Blood Vial","Shuriken","Boot","Nuclear Battery"],"potions_floor_usage":[12,12],"damage_taken":[{"damage":2,"enemies":"Small Slimes","floor":1,"turns":4},{"damage":1,"enemies":"Cultist","floor":4,"turns":3},{"damage":1,"enemies":"2 Louse","floor":7,"turns":2},{"damage":20,"enemies":"Exordium Thugs","floor":10,"turns":4},{"damage":8,"enemies":"Exordium Wildlife","floor":11,"turns":3},{"damage":15,"enemies":"Lagavulin","floor":12,"turns":5},{"damage":0,"enemies":"3 Louse","floor":13,"turns":2},{"damage":5,"enemies":"Blue Slaver","floor":14,"turns":3},{"damage":45,"enemies":"Slime Boss","floor":16,"turns":9},{"damage":34,"enemies":"3 Byrds","floor":18,"turns":4},{"damage":40,"enemies":"2 Thieves","floor":19,"turns":4},{"damage":25,"enemies":"Chosen and Byrds","floor":20,"turns":4}],"seed_played":"-5074703880365293963","potions_obtained":[{"floor":7,"key":"Block Potion"},{"floor":10,"key":"PowerPotion"},{"floor":12,"key":"Weak Potion"},{"floor":16,"key":"GamblersBrew"}],"is_trial":false,"path_per_floor":["M","?","?","M","?","R","M","R","T","M","M","E","M","M","R","B",null,"M","M","M"],"character_chosen":"DEFECT","items_purchased":[],"campfire_rested":1,"item_purchase_floors":[],"current_hp_per_floor":[73,73,73,74,74,74,74,74,74,55,49,36,38,35,57,21,75,48,17,0],"gold":367,"neow_bonus":"RANDOM_COMMON_RELIC","is_prod":false,"is_daily":false,"chose_seed":false,"campfire_upgraded":2,"win_rate":0,"timestamp":1556586524,"path_taken":["M","?","?","?","?","R","M","R","T","M","M","E","M","M","R","BOSS","M","M","?"],"build_version":"2019-01-23","purchased_purges":0,"victory":false,"max_hp_per_floor":[75,75,75,75,75,75,75,75,75,75,75,75,75,75,75,75,75,75,75,75],"card_choices":[{"not_picked":["Barrage","Force Field","Compile Driver"],"picked":"SKIP","floor":1},{"not_picked":["Turbo","Redo"],"picked":"Ball Lightning","floor":4},{"not_picked":["Barrage","Compile Driver"],"picked":"Redo","floor":7},{"not_picked":["Redo","Doom and Gloom"],"picked":"Coolheaded","floor":10},{"not_picked":["Turbo","Fusion"],"picked":"Go for the Eyes","floor":11},{"not_picked":["Reboot","Sweeping Beam"],"picked":"Chaos","floor":12},{"not_picked":["Rebound","Recycle"],"picked":"Self Repair","floor":13},{"not_picked":["Redo","Streamline","Go for the Eyes"],"picked":"SKIP","floor":14},{"not_picked":["Biased Cognition","Thunder Strike"],"picked":"Buffer","floor":16},{"not_picked":["Gash","Leap"],"picked":"Sweeping Beam+1","floor":18},{"not_picked":["Force Field","Hologram+1"],"picked":"Cold Snap","floor":19}],"player_experience":186832,"relics_obtained":[{"floor":9,"key":"Shuriken"},{"floor":12,"key":"Boot"}],"event_choices":[{"damage_healed":0,"gold_gain":0,"player_choice":"Ignored","damage_taken":0,"max_hp_gain":0,"max_hp_loss":0,"event_name":"Shining Light","floor":2,"gold_loss":0},{"damage_healed":0,"gold_gain":0,"player_choice":"Leave","damage_taken":0,"max_hp_gain":0,"max_hp_loss":0,"event_name":"FaceTrader","floor":3,"gold_loss":0},{"damage_healed":0,"gold_gain":0,"player_choice":"Upgraded","damage_taken":0,"max_hp_gain":0,"max_hp_loss":0,"event_name":"Upgrade Shrine","floor":5,"gold_loss":0,"cards_upgraded":["Zap"]}],"is_beta":false,"boss_relics":[{"not_picked":["Velvet Choker","Empty Cage"],"picked":"Nuclear Battery"}],"items_purged_floors":[],"is_endless":false,"potions_floor_spawned":[7,10,12,16],"killed_by":"Chosen and Byrds","ascension_level":3}