{"gold_per_floor":[115,126,51,64,79,109,109,29,82,82,108,120,132,144,156,297,309,337,349,361,392,138,138,159,177,177,201,201,201,301,326,326,425,425,444,444,459,339,359,359,459,487,487,487,506,506,506,107,107,107],"floor_reached":51,"playtime":1516,"items_purged":["Injury","Defend_R","Injury","Wild Strike"],"score":776,"play_id":"11c1ae51-8e52-46c3-bd3e-1d835e71c4e7","local_time":"20190605213631","is_ascension_mode":false,"campfire_choices":[{"data":"Bash","floor":7.0,"key":"SMITH"},{"data":"Rage","floor":10,"key":"SMITH"},{"data":"Perfected Strike","floor":12,"key":"SMITH"},{"floor":15,"key":"REST"},{"data":"Barricade","floor":23,"key":"SMITH"},{"data":"Demon Form","floor":32,"key":"SMITH"},{"data":"Perfected Strike","floor":40,"key":"SMITH"},{"data":"Offering","floor":44,"key":"SMITH"},{"data":"Madness","floor":46,"key":"SMITH"},{"data":"Twin Strike","floor":49,"key":"SMITH"}],"neow_cost":"CURSE","seed_source_timestamp":45342954742137,"circlet_count":0,"master_deck":["Strike_R+1","Strike_R+1","Strike_R+1","Strike_R+1","Strike_R+1","Defend_R+1","Defend_R+1","Defend_R+1","Bash+1","Perfected Strike+1","Rage+1","Disarm+1","Perfected Strike+1","Demon Form+1","Madness+1","Barricade+1","Entrench+1","Twin Strike+1","Twin Strike+1","Offering+1","Perfected Strike+1","Perfected Strike+1"],"special_seed":0,"relics":["Burning Blood","Bird Faced Urn","The Courier","Anchor","MawBank","Bloody Idol","Black Star","Orichalcum","Lee\u0027s Waffle","Nunchaku","Torii","Pantograph","War Paint","Letter Opener","Eternal Feather","Calipers","Paper Frog","Oddly Smooth Stone","Toxic Egg 2","Lantern","Bag of Preparation","Cauldron","Red Skull"],"potions_floor_usage":[16,16,30,30,50,50,50,50,50,50],"damage_taken":[{"damage":6.0,"enemies":"Jaw Worm","floor":1.0,"turns":5.0},{"damage":0.0,"enemies":"Small Slimes","floor":2.0,"turns":3.0},{"damage":0.0,"enemies":"Cultist","floor":4.0,"turns":3.0},{"damage":10.0,"enemies":"Looter","floor":5.0,"turns":2.0},{"damage":22.0,"enemies":"Gremlin Nob","floor":6.0,"turns":4.0},{"damage":26,"enemies":"Lagavulin","floor":11,"turns":4},{"damage":28,"enemies":"The Guardian","floor":16,"turns":8},{"damage":22,"enemies":"2 Thieves","floor":18,"turns":4},{"damage":19,"enemies":"Shell Parasite","floor":21,"turns":7},{"damage":8,"enemies":"Centurion and Healer","floor":24,"turns":8},{"damage":16,"enemies":"Snake Plant","floor":25,"turns":4},{"damage":11,"enemies":"Cultist and Chosen","floor":27,"turns":8},{"damage":2,"enemies":"Colosseum Slavers","floor":30,"turns":3},{"damage":0,"enemies":"Colosseum Nobs","floor":30,"turns":4},{"damage":48,"enemies":"Gremlin Leader","floor":31,"turns":9},{"damage":2,"enemies":"Champ","floor":33,"turns":11},{"damage":16,"enemies":"3 Shapes","floor":35,"turns":7},{"damage":7,"enemies":"Orb Walker","floor":37,"turns":4},{"damage":28,"enemies":"Writhing Mass","floor":39,"turns":5},{"damage":6,"enemies":"Mind Bloom Boss Battle","floor":41,"turns":2},{"damage":37,"enemies":"Reptomancer","floor":42,"turns":6},{"damage":12,"enemies":"Sphere and 2 Shapes","floor":45,"turns":8},{"damage":69,"enemies":"Awakened One","floor":50,"turns":10}],"seed_played":"4603444751572222082","potions_obtained":[{"floor":4.0,"key":"Dexterity Potion"},{"floor":6.0,"key":"Energy Potion"},{"floor":11,"key":"Energy Potion"},{"floor":24,"key":"FearPotion"},{"floor":27,"key":"Energy Potion"},{"floor":33,"key":"Strength Potion"},{"floor":35,"key":"LiquidBronze"},{"floor":41,"key":"Strength Potion"},{"floor":48,"key":"EntropicBrew"},{"floor":48,"key":"AttackPotion"}],"is_trial":false,"path_per_floor":["M","M","$","M","M","E","R","$","T","R","E","R","?","?","R","B",null,"M","?","?","M","$","R","M","M","T","M","?","?","?","E","R","B",null,"M","?","M","$","M","R","?","E","T","R","M","R","T","$","R","B",null],"character_chosen":"IRONCLAD","items_purchased":["Lee\u0027s Waffle","Bag of Preparation","Cauldron","Red Skull"],"campfire_rested":1,"item_purchase_floors":[22,48,48,48],"current_hp_per_floor":[80,80,80,80,76,60,60,60,60,60,40,40,40,40,64,42,80,64,64,64,51,87,87,87,77,77,74,74,74,87,50,50,87,87,82,82,87,87,70,82,87,63,63,75,78,87,87,87,87,36],"gold":107,"neow_bonus":"ONE_RARE_RELIC","is_prod":false,"is_daily":false,"chose_seed":false,"campfire_upgraded":9,"win_rate":0,"timestamp":1559763391,"path_taken":["M","M","$","M","M","E","R","$","T","R","E","R","?","?","R","BOSS","M","?","?","M","$","R","M","?","T","M","?","?","?","E","R","BOSS","M","?","M","$","M","R","?","E","T","R","M","R","?","$","R","BOSS"],"build_version":"2019-01-23","purchased_purges":4,"victory":true,"max_hp_per_floor":[80,80,80,80,80,80,80,80,80,80,80,80,80,80,80,80,80,80,80,80,80,87,87,87,87,87,87,87,87,87,87,87,87,87,87,87,87,87,87,87,87,87,87,87,87,87,87,87,87,87],"card_choices":[{"not_picked":["Thunderclap","True Grit"],"picked":"Perfected Strike","floor":1.0},{"not_picked":["Cleave","Havoc"],"picked":"Rage","floor":2.0},{"not_picked":["Cleave","Anger"],"picked":"Wild Strike","floor":4.0},{"not_picked":["Sword Boomerang","Iron Wave","Second Wind"],"picked":"SKIP","floor":5.0},{"not_picked":["Sword Boomerang","Thunderclap"],"picked":"Disarm","floor":6.0},{"not_picked":["Whirlwind","Uppercut"],"picked":"Perfected Strike","floor":11},{"not_picked":["Berserk","Limit Break"],"picked":"Demon Form","floor":16},{"not_picked":["Evolve","Havoc","Battle Trance"],"picked":"SKIP","floor":18},{"not_picked":["Warcry","Inflame","Sentinel"],"picked":"SKIP","floor":21},{"not_picked":["Armaments","Heavy Blade"],"picked":"Entrench","floor":24},{"not_picked":["Anger","Cleave","Body Slam"],"picked":"SKIP","floor":25},{"not_picked":["Reckless Charge","Shrug It Off+1"],"picked":"Twin Strike","floor":27},{"not_picked":["Pommel Strike","Brutality"],"picked":"Twin Strike+1","floor":31},{"not_picked":["Fiend Fire","Double Tap"],"picked":"Offering","floor":33},{"not_picked":["Bloodletting","Headbutt"],"picked":"Perfected Strike+1","floor":35},{"not_picked":["Thunderclap","Shrug It Off+1"],"picked":"Perfected Strike","floor":37},{"not_picked":["Iron Wave","Pummel+1","Evolve"],"picked":"SKIP","floor":39},{"not_picked":["Sentinel+1","Clash+1","Feel No Pain+1"],"picked":"SKIP","floor":42},{"not_picked":["Sword Boomerang+1","Shockwave+1","Dual Wield+1"],"picked":"SKIP","floor":45}],"player_experience":317103,"relics_obtained":[{"floor":6.0,"key":"The Courier"},{"floor":9,"key":"Anchor"},{"floor":11,"key":"MawBank"},{"floor":26,"key":"Nunchaku"},{"floor":30,"key":"Torii"},{"floor":30,"key":"Pantograph"},{"floor":31,"key":"War Paint"},{"floor":31,"key":"Letter Opener"},{"floor":41,"key":"Calipers"},{"floor":42,"key":"Paper Frog"},{"floor":42,"key":"Oddly Smooth Stone"},{"floor":43,"key":"Toxic Egg 2"},{"floor":47,"key":"Lantern"}],"event_choices":[{"damage_healed":0,"gold_gain":0,"player_choice":"Take Wound","damage_taken":0,"relics_obtained":["Golden Idol"],"max_hp_gain":0,"max_hp_loss":0,"event_name":"Golden Idol","floor":13,"gold_loss":0,"cards_obtained":["Injury"]},{"damage_healed":0,"gold_gain":0,"player_choice":"Forge","damage_taken":0,"max_hp_gain":0,"max_hp_loss":0,"event_name":"Accursed Blacksmith","floor":14,"gold_loss":0,"cards_upgraded":["Perfected Strike"]},{"damage_healed":0,"gold_gain":0,"player_choice":"Opened","damage_taken":0,"relics_obtained":["Orichalcum"],"max_hp_gain":0,"max_hp_loss":0,"event_name":"The Mausoleum","floor":19,"gold_loss":0},{"damage_healed":0,"gold_gain":0,"player_choice":"2 cards matched","damage_taken":0,"max_hp_gain":0,"max_hp_loss":0,"event_name":"Match and Keep!","floor":20,"gold_loss":0,"cards_obtained":["Madness","Barricade"]},{"damage_healed":0,"gold_gain":0,"player_choice":"Gave Idol","damage_taken":0,"relics_obtained":["Bloody Idol"],"max_hp_gain":0,"max_hp_loss":0,"event_name":"Forgotten Altar","floor":28,"relics_lost":["Golden Idol"],"gold_loss":0},{"damage_healed":0,"gold_gain":0,"player_choice":"Simplicity","damage_taken":0,"max_hp_gain":0,"max_hp_loss":0,"event_name":"Back to Basics","floor":29,"gold_loss":0,"cards_upgraded":["Strike_R","Strike_R","Strike_R","Strike_R","Strike_R","Defend_R","Defend_R","Defend_R"]},{"damage_healed":0,"gold_gain":0,"player_choice":"Fight","damage_taken":0,"max_hp_gain":0,"max_hp_loss":0,"event_name":"Colosseum","floor":30,"gold_loss":0},{"damage_healed":0,"gold_gain":0,"player_choice":"Fought Nobs","damage_taken":0,"max_hp_gain":0,"max_hp_loss":0,"event_name":"Colosseum","floor":30,"gold_loss":0},{"damage_healed":0,"gold_gain":0,"player_choice":"Ignored","damage_taken":0,"max_hp_gain":0,"max_hp_loss":0,"event_name":"Tomb of Lord Red Mask","floor":36,"gold_loss":0},{"damage_healed":0,"gold_gain":0,"player_choice":"Fight","damage_taken":0,"max_hp_gain":0,"max_hp_loss":0,"event_name":"MindBloom","floor":41,"gold_loss":0}],"is_beta":false,"boss_relics":[{"not_picked":["Philosopher\u0027s Stone","Runic Cube"],"picked":"Black Star"},{"not_picked":["Calling Bell","Astrolabe"],"picked":"Eternal Feather"}],"items_purged_floors":[3,8,22,38],"is_endless":false,"potions_floor_spawned":[4,6,11,24,27,30,33,35,41,42],"ascension_level":0}