{"gold_per_floor":[111,111,64,64,75,75,75,75,75,75,104,122,147,171,171,268,268,285,285,285,305,245,245,345,364,364,127,127,127,127,137,137,233,233,249,52,52,72,125,125,125,125,151,151,170,70,89,104,104,204,204,222,194,213,213,288,288,320,320,320,339,339,304,304,235,235,331,331,343,359,116,31,31,31,31,45,71,71,89,89,188,188,188,285,285,297,297,297,397,415,415,434,370,400,800,853,853,865,877,877,975,975,992],"floor_reached":103,"playtime":3074,"items_purged":["Dodge and Roll","Dodge and Roll","Dagger Spray"],"score":2509,"play_id":"f24a63bd-1c7e-4954-b797-b44890447c8d","local_time":"20190401235346","daily_mods":["Draft","Heirloom","Flight"],"is_ascension_mode":false,"campfire_choices":[{"data":"Accuracy","floor":6.0,"key":"SMITH"},{"data":"Calculated Gamble","floor":7.0,"key":"SMITH"},{"data":"Blade Dance","floor":8.0,"key":"SMITH"},{"data":"Cloak And Dagger","floor":10.0,"key":"SMITH"},{"data":"1","floor":15.0,"key":"LIFT"},{"data":"2","floor":23,"key":"LIFT"},{"data":"3","floor":28,"key":"LIFT"},{"data":"Night Terror","floor":29,"key":"SMITH"},{"data":"Adrenaline","floor":30,"key":"SMITH"},{"data":"Blade Dance","floor":32,"key":"SMITH"},{"data":"After Image","floor":40,"key":"SMITH"},{"data":"Deflect","floor":42,"key":"SMITH"},{"data":"Slice","floor":49,"key":"SMITH"},{"data":"Accuracy","floor":57,"key":"SMITH"},{"floor":100,"key":"DIG"}],"neow_cost":"","seed_source_timestamp":957020221373677,"circlet_count":0,"master_deck":["Blade Dance+1","Escape Plan+1","Blade Dance+1","Terror+1","Backflip+1","Accuracy+1","Calculated Gamble+1","Slice+1","Deflect+1","Acrobatics+1","Cloak And Dagger+1","Night Terror+1","Adrenaline+1","Cloak And Dagger+1","Footwork+1","After Image+1","Blade Dance+1","Accuracy+1","Impatience+1","Storm of Steel+1","Writhe","Escape Plan+1","Blur+1","Adrenaline+1","Adrenaline+1","Panacea+1","Finesse+1","Secret Technique+1","Expertise+1","Blade Dance+1","Blade Dance+1","Phantasmal Killer+1"],"special_seed":0,"relics":["Ring of the Snake","Girya","Ornamental Fan","Thread and Needle","Odd Mushroom","Blood Vial","Calling Bell","War Paint","The Courier","Calipers","Toxic Egg 2","Happy Flower","Empty Cage","Shuriken","Incense Burner","Vajra","Spirit Poop","Coffee Dripper","Question Card","Philosopher\u0027s Stone","Nunchaku","Meat on the Bone","Potion Belt","Fusion Hammer","Old Coin","Shovel","Lantern","WristBlade"],"potions_floor_usage":[16,33,69],"damage_taken":[{"damage":0.0,"enemies":"Jaw Worm","floor":1.0,"turns":2.0},{"damage":0.0,"enemies":"Cultist","floor":5.0,"turns":2.0},{"damage":5.0,"enemies":"3 Sentries","floor":11.0,"turns":4.0},{"damage":0.0,"enemies":"2 Louse","floor":12.0,"turns":2.0},{"damage":1.0,"enemies":"The Mushroom Lair","floor":13.0,"turns":3.0},{"damage":0,"enemies":"Slime Boss","floor":16,"turns":3},{"damage":0,"enemies":"3 Byrds","floor":18,"turns":3},{"damage":0,"enemies":"Chosen","floor":21,"turns":2},{"damage":0,"enemies":"3 Cultists","floor":25,"turns":3},{"damage":0,"enemies":"Chosen and Byrds","floor":31,"turns":2},{"damage":0,"enemies":"Champ","floor":33,"turns":5},{"damage":0,"enemies":"3 Shapes","floor":35,"turns":2},{"damage":0,"enemies":"Orb Walker","floor":38,"turns":2},{"damage":3,"enemies":"2 Orb Walkers","floor":39,"turns":3},{"damage":1,"enemies":"Writhing Mass","floor":45,"turns":3},{"damage":0,"enemies":"Spire Growth","floor":47,"turns":2},{"damage":0,"enemies":"Transient","floor":48,"turns":4},{"damage":0,"enemies":"Donu and Deca","floor":50,"turns":3},{"damage":0,"enemies":"Jaw Worm","floor":52,"turns":1},{"damage":0,"enemies":"Cultist","floor":54,"turns":2},{"damage":0,"enemies":"Gremlin Nob","floor":58,"turns":2},{"damage":0,"enemies":"2 Louse","floor":61,"turns":1},{"damage":0,"enemies":"Slime Boss","floor":67,"turns":3},{"damage":7,"enemies":"3 Byrds","floor":69,"turns":2},{"damage":0,"enemies":"Spheric Guardian","floor":70,"turns":1},{"damage":0,"enemies":"3 Cultists","floor":76,"turns":2},{"damage":0,"enemies":"Slavers","floor":77,"turns":3},{"damage":0,"enemies":"Cultist and Chosen","floor":79,"turns":2},{"damage":0,"enemies":"Automaton","floor":84,"turns":3},{"damage":0,"enemies":"Orb Walker","floor":86,"turns":2},{"damage":0,"enemies":"3 Shapes","floor":90,"turns":3},{"damage":0,"enemies":"Transient","floor":92,"turns":3},{"damage":0,"enemies":"Giant Head","floor":94,"turns":2},{"damage":0,"enemies":"Mind Bloom Boss Battle","floor":95,"turns":1},{"damage":0,"enemies":"2 Orb Walkers","floor":96,"turns":2},{"damage":0,"enemies":"Spire Growth","floor":98,"turns":1},{"damage":6,"enemies":"Maw","floor":99,"turns":3},{"damage":0,"enemies":"Awakened One","floor":101,"turns":4},{"damage":0,"enemies":"Cultist","floor":103,"turns":2}],"seed_played":"-8932943531025178310","potions_obtained":[{"floor":1.0,"key":"SpeedPotion"},{"floor":11.0,"key":"Swift Potion"},{"floor":18,"key":"Regen Potion"},{"floor":25,"key":"Block Potion"},{"floor":33,"key":"Explosive Potion"},{"floor":35,"key":"FearPotion"},{"floor":69,"key":"GamblersBrew"},{"floor":92,"key":"Explosive Potion"},{"floor":94,"key":"Poison Potion"},{"floor":101,"key":"PowerPotion"}],"is_trial":true,"path_per_floor":["M","?","$","$","M","R","R","R","T","R","E","M","?","T","R","B",null,"M","?","?","M","$","R","?","M","T","$","R","R","R","M","R","B",null,"M","$","?","M","?","R","?","R","T","?","M","$","M","M","R","B",null,"M","$","M","?","?","R","E","?","T","M","?","?","?","$","R","B",null,"M","M","$","?","?","R","?","M","E","?","M","?","?","?","R","B",null,"M","?","?","?","M","$","M","$","E","?","?","$","M","M","R","B",null,"M"],"character_chosen":"THE_SILENT","items_purchased":["Cloak And Dagger","Cloak And Dagger+1","Happy Flower","Shuriken","Accuracy","Impatience+1","Nunchaku","Expertise+1"],"campfire_rested":0,"item_purchase_floors":[3,27,27,36,53,65,71,93],"current_hp_per_floor":[70,70,70,70,70,70,70,70,70,70,65,65,64,64,64,66,70,70,70,57,59,59,59,59,61,61,61,61,61,61,63,63,65,75,75,75,68,70,69,69,75,75,75,75,74,74,75,75,75,75,75,75,75,75,75,64,64,66,66,66,68,53,71,71,71,71,73,75,68,70,70,70,70,70,70,72,74,74,75,75,75,59,59,61,75,75,75,65,65,67,67,69,69,71,73,75,75,75,69,69,71,75,75],"gold":992,"neow_bonus":"","is_prod":false,"is_daily":false,"chose_seed":false,"campfire_upgraded":11,"win_rate":0,"timestamp":1554130426,"path_taken":["M","?","?","$","?","R","R","R","T","R","E","M","?","?","R","BOSS","M","?","?","M","$","R","?","?","T","$","R","R","R","M","R","BOSS","M","$","?","?","?","R","?","R","T","?","?","$","?","M","R","BOSS","M","$","?","?","?","R","E","?","T","?","?","?","?","$","R","BOSS","M","M","$","?","?","R","?","M","E","?","?","?","?","?","R","BOSS","M","?","?","?","M","$","?","$","E","?","?","?","?","?","R","BOSS","M"],"build_version":"2019-01-23","purchased_purges":3,"victory":false,"max_hp_per_floor":[70,70,70,70,70,70,70,70,70,70,70,70,70,70,70,70,70,70,70,75,75,75,75,75,75,75,75,75,75,75,75,75,75,75,75,75,75,75,75,75,75,75,75,75,75,75,75,75,75,75,75,75,75,75,75,75,75,75,75,75,75,75,75,75,75,75,75,75,75,75,75,75,75,75,75,75,75,75,75,75,75,75,75,75,75,75,75,75,75,75,75,75,75,75,75,75,75,75,75,75,75,75,75],"card_choices":[{"not_picked":["Setup","Prepared"],"picked":"Dodge and Roll","floor":0.0},{"not_picked":["Flying Knee","Deflect"],"picked":"Blade Dance","floor":0.0},{"not_picked":["Infinite Blades","Acrobatics"],"picked":"Escape Plan","floor":0.0},{"not_picked":["Tactician","Deadly Poison"],"picked":"Blade Dance","floor":0.0},{"not_picked":["Dodge and Roll","Dagger Throw"],"picked":"Well Laid Plans","floor":0.0},{"not_picked":["Outmaneuver","PiercingWail"],"picked":"Dodge and Roll","floor":0.0},{"not_picked":["Slice","Flying Knee"],"picked":"Dagger Throw","floor":0.0},{"not_picked":["Dagger Throw","Backstab"],"picked":"Terror","floor":0.0},{"not_picked":["Dagger Spray","Sucker Punch"],"picked":"Backflip","floor":0.0},{"not_picked":["Backstab","Expertise"],"picked":"Dodge and Roll","floor":0.0},{"not_picked":["All Out Attack","Deflect"],"picked":"Accuracy","floor":0.0},{"not_picked":["Prepared","Poisoned Stab"],"picked":"Calculated Gamble","floor":0.0},{"not_picked":["Deflect","Dodge and Roll"],"picked":"Slice","floor":0.0},{"not_picked":["Underhanded Strike","Outmaneuver"],"picked":"Deflect","floor":0.0},{"not_picked":["Underhanded Strike","Expertise"],"picked":"Dagger Spray","floor":0.0},{"not_picked":["Quick Slash","Choke"],"picked":"Acrobatics","floor":1.0},{"not_picked":["PiercingWail","Sucker Punch","Dash"],"picked":"SKIP","floor":5.0},{"not_picked":["Infinite Blades","Masterful Stab","Acrobatics"],"picked":"SKIP","floor":11.0},{"not_picked":["Flying Knee","Acrobatics","Heel Hook"],"picked":"SKIP","floor":12.0},{"not_picked":["Dodge and Roll","Tactician"],"picked":"Night Terror","floor":13.0},{"not_picked":["Storm of Steel","Doppelganger"],"picked":"Adrenaline","floor":16},{"not_picked":["Blade Dance","Dagger Throw","Poisoned Stab"],"picked":"SKIP","floor":18},{"not_picked":["Dagger Throw+1","Underhanded Strike","Eviscerate"],"picked":"SKIP","floor":21},{"not_picked":["Corpse Explosion","Backflip+1","Blade Dance"],"picked":"SKIP","floor":25},{"not_picked":["Bane","Cloak And Dagger+1"],"picked":"Footwork+1","floor":31},{"not_picked":["Storm of Steel+1","Venomology+1"],"picked":"After Image","floor":33},{"not_picked":["Outmaneuver+1","Predator+1","Dagger Spray"],"picked":"SKIP","floor":35},{"not_picked":["Cloak And Dagger+1","Expertise+1","Noxious Fumes"],"picked":"SKIP","floor":38},{"not_picked":["Acrobatics+1","Predator+1"],"picked":"Blade Dance+1","floor":39},{"not_picked":["Dagger Spray+1","Outmaneuver+1","Dagger Throw+1"],"picked":"SKIP","floor":45},{"not_picked":["Deflect+1","Blade Dance+1","Outmaneuver+1"],"picked":"SKIP","floor":47},{"not_picked":["Dagger Spray","Backflip+1","Skewer"],"picked":"SKIP","floor":48},{"not_picked":["Quick Slash","Dagger Throw","Bouncing Flask+1"],"picked":"SKIP","floor":52},{"not_picked":["Quick Slash","Backflip+1","Deadly Poison+1"],"picked":"SKIP","floor":54},{"not_picked":["Grand Finale","Quick Slash","Dagger Spray"],"picked":"SKIP","floor":58},{"not_picked":["Eviscerate","Well Laid Plans","Flying Knee","Leg Sweep+1"],"picked":"SKIP","floor":61},{"not_picked":["Die Die Die","Envenom","Venomology+1"],"picked":"Storm of Steel+1","floor":67},{"not_picked":["Dodge and Roll+1","Slice","Acrobatics+1","Dagger Throw"],"picked":"SKIP","floor":69},{"not_picked":["Noxious Fumes","Backflip+1","PiercingWail+1","Bullet Time+1"],"picked":"SKIP","floor":70},{"not_picked":["Noxious Fumes","Acrobatics+1","Caltrops"],"picked":"Blur+1","floor":76},{"not_picked":["Quick Slash","Crippling Poison+1","Bane","PiercingWail+1"],"picked":"SKIP","floor":77},{"not_picked":["Choke","Outmaneuver+1","Acrobatics+1","Reflex+1"],"picked":"SKIP","floor":79},{"not_picked":["Bullet Time+1","Malaise+1","Envenom"],"picked":"Adrenaline+1","floor":84},{"not_picked":["Terror+1","Quick Slash","Blade Dance+1","Masterful Stab+1"],"picked":"SKIP","floor":86},{"not_picked":["Mind Blast","Jack Of All Trades+1","Flash of Steel"],"picked":"Panacea+1","floor":88},{"not_picked":["Secret Weapon+1","Enlightenment+1","Flash of Steel"],"picked":"Finesse+1","floor":88},{"not_picked":["Violence+1","Chrysalis+1","Apotheosis+1"],"picked":"Secret Technique+1","floor":88},{"not_picked":["Calculated Gamble+1","Deflect+1","Cloak And Dagger+1","Flying Knee+1"],"picked":"SKIP","floor":90},{"not_picked":["Outmaneuver+1","Underhanded Strike+1","Poisoned Stab","Flying Knee+1"],"picked":"SKIP","floor":92},{"not_picked":["Dagger Spray+1","Terror+1","Wraith Form v2"],"picked":"Blade Dance+1","floor":94},{"not_picked":["Deflect+1","Poisoned Stab","Bane+1"],"picked":"Blade Dance+1","floor":96},{"not_picked":["Infinite Blades+1","Deflect+1","Cloak And Dagger+1","Reflex+1"],"picked":"SKIP","floor":98},{"not_picked":["Backflip+1","Skewer","Poisoned Stab+1","Crippling Poison+1"],"picked":"SKIP","floor":99},{"not_picked":["Corpse Explosion+1","Envenom","Storm of Steel+1"],"picked":"Phantasmal Killer+1","floor":101},{"not_picked":["Endless Agony","PiercingWail+1","Calculated Gamble+1","Bouncing Flask+1"],"picked":"SKIP","floor":103}],"player_experience":377926,"relics_obtained":[{"floor":9.0,"key":"Ornamental Fan"},{"floor":11.0,"key":"Thread and Needle"},{"floor":13.0,"key":"Odd Mushroom"},{"floor":14.0,"key":"Blood Vial"},{"floor":17,"key":"War Paint"},{"floor":17,"key":"The Courier"},{"floor":17,"key":"Calipers"},{"floor":26,"key":"Toxic Egg 2"},{"floor":39,"key":"Incense Burner"},{"floor":43,"key":"Vajra"},{"floor":60,"key":"Question Card"},{"floor":95,"key":"Old Coin"},{"floor":96,"key":"Shovel"},{"floor":100,"key":"Lantern"}],"event_choices":[{"damage_healed":0.0,"max_hp_gain":0.0,"max_hp_loss":0.0,"gold_gain":0.0,"event_name":"Accursed Blacksmith","player_choice":"Forge","floor":2.0,"gold_loss":0.0,"damage_taken":0.0,"cards_upgraded":["Terror"]},{"damage_healed":0.0,"max_hp_gain":0.0,"max_hp_loss":0.0,"gold_gain":0.0,"event_name":"Mushrooms","player_choice":"Fought Mushrooms","floor":13.0,"gold_loss":0.0,"damage_taken":0.0},{"damage_healed":0,"gold_gain":0,"player_choice":"Ignored","damage_taken":0,"max_hp_gain":0,"max_hp_loss":0,"event_name":"Vampires","floor":19,"gold_loss":0},{"damage_healed":0,"gold_gain":0,"player_choice":"Shed Blood","damage_taken":18,"max_hp_gain":5,"max_hp_loss":0,"event_name":"Forgotten Altar","floor":20,"gold_loss":0},{"damage_healed":0,"gold_gain":100,"player_choice":"Pray","damage_taken":0,"max_hp_gain":0,"max_hp_loss":0,"event_name":"Golden Shrine","floor":24,"gold_loss":0},{"damage_healed":0,"gold_gain":0,"player_choice":"Damaged","damage_taken":7,"max_hp_gain":0,"max_hp_loss":0,"event_name":"Wheel of Change","floor":37,"gold_loss":0},{"damage_healed":0,"gold_gain":0,"player_choice":"Fight","damage_taken":0,"max_hp_gain":0,"max_hp_loss":0,"event_name":"Mysterious Sphere","floor":39,"gold_loss":0},{"damage_healed":19,"gold_gain":0,"player_choice":"Writhe","damage_taken":0,"max_hp_gain":0,"max_hp_loss":0,"event_name":"Winding Halls","floor":41,"gold_loss":0,"cards_obtained":["Writhe"]},{"cards_removed":["Writhe"],"damage_healed":0,"gold_gain":0,"player_choice":"Offered Curse","damage_taken":0,"relics_obtained":["Spirit Poop"],"max_hp_gain":0,"max_hp_loss":0,"event_name":"Bonfire Elementals","floor":44,"gold_loss":0},{"damage_healed":0,"gold_gain":0,"player_choice":"Ignored","damage_taken":0,"max_hp_gain":0,"max_hp_loss":0,"event_name":"Liars Game","floor":55,"gold_loss":0},{"damage_healed":0,"gold_gain":75,"player_choice":"Gather Gold","damage_taken":11,"max_hp_gain":0,"max_hp_loss":0,"event_name":"World of Goop","floor":56,"gold_loss":0},{"cards_removed":["Well Laid Plans"],"damage_healed":0,"gold_gain":0,"player_choice":"Card Removal","damage_taken":0,"max_hp_gain":0,"max_hp_loss":0,"event_name":"Wheel of Change","floor":59,"gold_loss":0},{"damage_healed":0,"gold_gain":0,"player_choice":"Entered Light","damage_taken":15,"max_hp_gain":0,"max_hp_loss":0,"event_name":"Shining Light","floor":62,"gold_loss":0,"cards_upgraded":["Backflip"]},{"damage_healed":18,"gold_gain":0,"player_choice":"Healed","damage_taken":0,"max_hp_gain":0,"max_hp_loss":0,"event_name":"The Cleric","floor":63,"gold_loss":35},{"damage_healed":0,"gold_gain":0,"player_choice":"Bought 0 Potions","damage_taken":0,"max_hp_gain":0,"max_hp_loss":0,"event_name":"The Woman in Blue","floor":64,"gold_loss":0},{"damage_healed":0,"gold_gain":0,"player_choice":"Obtained Relic","damage_taken":0,"relics_obtained":["Meat on the Bone"],"max_hp_gain":0,"max_hp_loss":0,"event_name":"Addict","floor":72,"gold_loss":85},{"damage_healed":0,"gold_gain":0,"player_choice":"Opened","damage_taken":0,"relics_obtained":["Potion Belt"],"max_hp_gain":0,"max_hp_loss":0,"event_name":"The Mausoleum","floor":73,"gold_loss":0,"cards_obtained":["Writhe"]},{"damage_healed":0,"gold_gain":0,"player_choice":"Read","damage_taken":0,"max_hp_gain":0,"max_hp_loss":0,"event_name":"The Library","floor":75,"gold_loss":0,"cards_obtained":["Escape Plan"]},{"damage_healed":0,"gold_gain":0,"player_choice":"Copied","damage_taken":0,"max_hp_gain":0,"max_hp_loss":0,"event_name":"Duplicator","floor":78,"gold_loss":0,"cards_obtained":["Adrenaline"]},{"damage_healed":0,"gold_gain":0,"player_choice":"Ignored","damage_taken":0,"max_hp_gain":0,"max_hp_loss":0,"event_name":"Beggar","floor":80,"gold_loss":0},{"damage_healed":0,"gold_gain":99,"player_choice":"Stole From Cult","damage_taken":0,"max_hp_gain":0,"max_hp_loss":0,"event_name":"Nest","floor":81,"gold_loss":0},{"damage_healed":0,"gold_gain":0,"player_choice":"Obtained Book","damage_taken":16,"max_hp_gain":0,"max_hp_loss":0,"event_name":"Cursed Tome","floor":82,"gold_loss":0},{"damage_healed":0,"gold_gain":0,"player_choice":"Ignored","damage_taken":0,"max_hp_gain":0,"max_hp_loss":0,"event_name":"Tomb of Lord Red Mask","floor":87,"gold_loss":0},{"damage_healed":0,"gold_gain":0,"player_choice":"Memory 3","damage_taken":10,"max_hp_gain":0,"max_hp_loss":0,"event_name":"SensoryStone","floor":88,"gold_loss":0},{"damage_healed":0,"gold_gain":100,"player_choice":"Pray","damage_taken":0,"max_hp_gain":0,"max_hp_loss":0,"event_name":"Golden Shrine","floor":89,"gold_loss":0},{"damage_healed":0,"gold_gain":0,"player_choice":"Fight","damage_taken":0,"max_hp_gain":0,"max_hp_loss":0,"event_name":"MindBloom","floor":95,"gold_loss":0},{"damage_healed":0,"gold_gain":0,"player_choice":"Fight","damage_taken":0,"max_hp_gain":0,"max_hp_loss":0,"event_name":"Mysterious Sphere","floor":96,"gold_loss":0}],"is_beta":false,"boss_relics":[{"not_picked":["Orrery","Velvet Choker"],"picked":"Calling Bell"},{"not_picked":["Eternal Feather","Cursed Key"],"picked":"Empty Cage"},{"not_picked":["Runic Pyramid","Sozu"],"picked":"Coffee Dripper"},{"not_picked":["Lizard Tail","White Beast Statue"],"picked":"Philosopher\u0027s Stone"},{"not_picked":["Cursed Key","Black Star"],"picked":"Fusion Hammer"},{"not_picked":["Snecko Eye","Sozu"],"picked":"WristBlade"}],"items_purged_floors":[22,27,46],"is_endless":true,"potions_floor_spawned":[1,11,18,25,33,35,48,54,58,67,69,70,92,94,98,99,101],"killed_by":"Cultist","ascension_level":0}