{"gold_per_floor":[10,10,29,29,43,43,58,58,109,120,120,134,134,18,18,92,92,109,9,9,23,23,23,34,34,34,34,48,48,48,60,60,60],"floor_reached":33,"playtime":2054,"items_purged":["Strike_B","Strike_B"],"score":462,"play_id":"8306ea81-0537-4ffc-a183-dcc3e7c88035","local_time":"20190601202701","is_ascension_mode":true,"campfire_choices":[{"data":"Dualcast","floor":6,"key":"SMITH"},{"data":"Doom and Gloom","floor":8,"key":"SMITH"},{"data":"Hologram","floor":11,"key":"SMITH"},{"data":"Auto Shields","floor":15,"key":"SMITH"},{"data":"Melter","floor":23,"key":"SMITH"},{"floor":25,"key":"REST"},{"data":"Steam","floor":27,"key":"SMITH"},{"data":"RitualDagger","floor":32,"key":"SMITH"}],"neow_cost":"NO_GOLD","seed_source_timestamp":8928185529093,"circlet_count":0,"master_deck":["AscendersBane","Strike_B+1","Defend_B","Defend_B","Defend_B","Defend_B","Zap+1","Dualcast+1","All For One+1","Steam","Gash","Doom and Gloom+1","BootSequence","Hologram+1","Auto Shields+1","Melter+1","Go for the Eyes","Steam+1","Core Surge","RitualDagger+1","Steam+1"],"relics":["Cracked Core","Whetstone","Nuclear Battery","Bottled Flame","Sundial"],"potions_floor_usage":[16,16,33],"damage_taken":[{"damage":6,"enemies":"Jaw Worm","floor":1,"turns":5},{"damage":0,"enemies":"Cultist","floor":3,"turns":3},{"damage":2,"enemies":"Small Slimes","floor":5,"turns":2},{"damage":0,"enemies":"Red Slaver","floor":7,"turns":3},{"damage":0,"enemies":"Large Slime","floor":10,"turns":4},{"damage":0,"enemies":"Exordium Thugs","floor":12,"turns":2},{"damage":19,"enemies":"The Guardian","floor":16,"turns":10},{"damage":19,"enemies":"2 Thieves","floor":18,"turns":3},{"damage":0,"enemies":"Spheric Guardian","floor":21,"turns":3},{"damage":20,"enemies":"Snake Plant","floor":24,"turns":3},{"damage":1,"enemies":"3 Cultists","floor":28,"turns":5},{"damage":3,"enemies":"Centurion and Healer","floor":31,"turns":6},{"damage":61,"enemies":"Champ","floor":33,"turns":9}],"seed_played":"5107910609239389008","potions_obtained":[{"floor":3,"key":"Swift Potion"},{"floor":5,"key":"SpeedPotion"},{"floor":12,"key":"EssenceOfSteel"},{"floor":31,"key":"GamblersBrew"}],"is_trial":false,"path_per_floor":["M","?","M","?","M","R","M","R","T","M","R","M","?","$","R","B",null,"M","$","?","M","T","R","M","R","T","R","M","?","?","M","R","B"],"character_chosen":"DEFECT","items_purchased":["Melter"],"campfire_rested":1,"item_purchase_floors":[14],"current_hp_per_floor":[58,58,58,58,56,56,56,56,56,56,56,56,56,56,56,37,63,44,44,44,44,44,44,24,45,45,45,44,44,38,35,35,0],"gold":60,"neow_bonus":"THREE_RARE_CARDS","is_prod":false,"is_daily":false,"chose_seed":false,"campfire_upgraded":7,"win_rate":0,"timestamp":1559446021,"path_taken":["M","?","?","?","M","R","M","R","T","M","R","?","?","?","R","BOSS","M","$","?","M","?","R","?","R","T","R","M","?","?","M","R","BOSS"],"build_version":"2019-01-23","purchased_purges":2,"victory":false,"max_hp_per_floor":[71,71,71,71,71,71,71,71,71,71,71,71,71,71,71,71,71,71,71,71,71,71,71,71,71,71,71,71,71,71,71,71,71],"card_choices":[{"not_picked":["Hyperbeam","Buffer"],"picked":"All For One","floor":0},{"not_picked":["Hologram","Streamline"],"picked":"Steam","floor":1},{"not_picked":["Go for the Eyes","Darkness"],"picked":"Gash","floor":3},{"not_picked":["Rip and Tear","Streamline"],"picked":"BootSequence","floor":5},{"not_picked":["Doom and Gloom","Leap","Rebound"],"picked":"SKIP","floor":7},{"not_picked":["Turbo","Leap"],"picked":"Hologram","floor":10},{"not_picked":["Genetic Algorithm","Streamline"],"picked":"Auto Shields","floor":12},{"not_picked":["Rebound","Ball Lightning"],"picked":"Go for the Eyes","floor":18},{"not_picked":["Coolheaded","Rip and Tear","Scrape"],"picked":"SKIP","floor":21},{"not_picked":["Redo","Ball Lightning"],"picked":"Steam","floor":24},{"not_picked":["Ball Lightning","Double Energy"],"picked":"Core Surge","floor":28},{"not_picked":["Reinforced Body","Cold Snap"],"picked":"Steam+1","floor":31}],"player_experience":807874,"relics_obtained":[{"floor":9,"key":"Whetstone"},{"floor":22,"key":"Bottled Flame"},{"floor":26,"key":"Sundial"}],"event_choices":[{"damage_healed":0,"gold_gain":0,"player_choice":"Upgraded","damage_taken":0,"max_hp_gain":0,"max_hp_loss":0,"event_name":"Upgrade Shrine","floor":2,"gold_loss":0,"cards_upgraded":["Zap"]},{"damage_healed":0,"gold_gain":0,"cards_transformed":["Strike_B"],"player_choice":"Transformed","damage_taken":0,"max_hp_gain":0,"max_hp_loss":0,"event_name":"Transmorgrifier","floor":4,"gold_loss":0,"cards_obtained":["Doom and Gloom"]},{"damage_healed":0,"gold_gain":0,"player_choice":"0 cards matched","damage_taken":0,"max_hp_gain":0,"max_hp_loss":0,"event_name":"Match and Keep!","floor":13,"gold_loss":0,"cards_obtained":[]},{"damage_healed":0,"gold_gain":0,"player_choice":"Ignored","damage_taken":0,"max_hp_gain":0,"max_hp_loss":0,"event_name":"Beggar","floor":20,"gold_loss":0},{"damage_healed":0,"gold_gain":0,"player_choice":"Ignored","damage_taken":0,"max_hp_gain":0,"max_hp_loss":0,"event_name":"The Mausoleum","floor":29,"gold_loss":0},{"damage_healed":0,"gold_gain":0,"player_choice":"Joined the Cult","damage_taken":6,"max_hp_gain":0,"max_hp_loss":0,"event_name":"Nest","floor":30,"gold_loss":0,"cards_obtained":["RitualDagger"]}],"is_beta":false,"boss_relics":[{"not_picked":["Lizard Tail","Orrery"],"picked":"Nuclear Battery"}],"items_purged_floors":[14,19],"is_endless":false,"potions_floor_spawned":[3,5,12,31],"killed_by":"Champ","ascension_level":19}