{"gold_per_floor":[119,194,194,194,209,209,219,219,219,92,110,124,156,156,156,252,252,272,272,79,79,179,179,207,207,207,226,226,255,271,319,319,419,419,433,453,453,471,45,45,371,371,371,405,405,405,405,505,505,505,505,505,13,47,47],"floor_reached":55,"playtime":3289,"items_purged":["Strike_R","Strike_R","Defend_R"],"score":867,"play_id":"56fc0e98-2317-4597-9fb8-f00927cc2c58","local_time":"20190203034401","is_ascension_mode":true,"campfire_choices":[{"data":"1","floor":6,"key":"LIFT"},{"data":"2","floor":8,"key":"LIFT"},{"data":"Limit Break","floor":15,"key":"SMITH"},{"data":"3","floor":23,"key":"LIFT"},{"data":"Evolve","floor":25,"key":"SMITH"},{"floor":28,"key":"REST"},{"floor":32,"key":"REST"},{"floor":40,"key":"RECALL"},{"floor":42,"key":"REST"},{"floor":47,"key":"REST"},{"floor":49,"key":"REST"},{"floor":52,"key":"REST"}],"neow_cost":"TEN_PERCENT_HP_LOSS","seed_source_timestamp":2036567738581303,"circlet_count":0,"master_deck":["Strike_R+1","Defend_R+1","Defend_R+1","Bash","Armaments","Cleave+1","True Grit","Dropkick+1","Limit Break+1","Demon Form","Heavy Blade+1","Headbutt","Power Through","Inflame","Evolve+1","Sword Boomerang","Heavy Blade","True Grit","Flex+1","Disarm+1","Shrug It Off","Writhe"],"relics":["Burning Blood","Nunchaku","Girya","PreservedInsect","Prayer Wheel","War Paint","Busted Crown","Pocketwatch","Sundial","Whetstone","Mercury Hourglass","Turnip","Vajra","Fusion Hammer","Molten Egg 2","Old Coin","Blue Candle","Sling","Bottled Lightning","Torii"],"potions_floor_usage":[16,44,54,54,55],"damage_taken":[{"damage":1,"enemies":"Cultist","floor":1,"turns":3},{"damage":0,"enemies":"2 Louse","floor":5,"turns":3},{"damage":4,"enemies":"Small Slimes","floor":7,"turns":3},{"damage":7,"enemies":"Looter","floor":11,"turns":3},{"damage":6,"enemies":"3 Louse","floor":12,"turns":2},{"damage":8,"enemies":"Gremlin Nob","floor":13,"turns":3},{"damage":47,"enemies":"Slime Boss","floor":16,"turns":10},{"damage":0,"enemies":"Spheric Guardian","floor":18,"turns":3},{"damage":5,"enemies":"Colosseum Slavers","floor":22,"turns":6},{"damage":23,"enemies":"Colosseum Nobs","floor":22,"turns":3},{"damage":18,"enemies":"Book of Stabbing","floor":24,"turns":4},{"damage":11,"enemies":"2 Thieves","floor":27,"turns":2},{"damage":15,"enemies":"Slavers","floor":29,"turns":3},{"damage":11,"enemies":"Snecko","floor":30,"turns":3},{"damage":12,"enemies":"Champ","floor":33,"turns":6},{"damage":4,"enemies":"3 Shapes","floor":35,"turns":2},{"damage":4,"enemies":"Orb Walker","floor":36,"turns":2},{"damage":0,"enemies":"3 Darklings","floor":38,"turns":2},{"damage":3,"enemies":"Giant Head","floor":41,"turns":5},{"damage":70,"enemies":"Nemesis","floor":44,"turns":5},{"damage":41,"enemies":"Awakened One","floor":50,"turns":7},{"damage":14,"enemies":"Shield and Spear","floor":54,"turns":3},{"damage":68,"enemies":"The Heart","floor":55,"turns":6}],"seed_played":"1294563050251883960","potions_obtained":[{"floor":7,"key":"Dexterity Potion"},{"floor":13,"key":"PowerPotion"},{"floor":16,"key":"GamblersBrew"},{"floor":22,"key":"Dexterity Potion"},{"floor":36,"key":"AttackPotion"}],"is_trial":false,"path_per_floor":["M","?","?","?","M","R","M","R","T","$","M","M","E","?","R","B",null,"M","?","$","?","?","R","E","R","T","M","R","E","M","T","R","B",null,"M","M","?","M","$","R","E","R","T","E","?","?","R","?","R","B",null,"R","$","E","B"],"character_chosen":"IRONCLAD","items_purchased":["True Grit","Evolve","Sword Boomerang","Molten Egg 2","Shrug It Off","Sling","Bottled Lightning","SkillPotion"],"campfire_rested":6,"item_purchase_floors":[10,20,20,39,39,53,53,53],"current_hp_per_floor":[72,61,47,47,53,53,55,55,55,55,54,54,52,49,49,8,72,72,72,72,72,55,55,43,43,43,38,59,50,45,45,66,60,72,72,72,72,72,72,72,72,72,72,8,26,26,47,47,68,33,72,72,72,64,0],"gold":47,"neow_bonus":"ONE_RARE_RELIC","is_prod":false,"is_daily":false,"chose_seed":false,"campfire_upgraded":2,"win_rate":0,"timestamp":1549183441,"path_taken":["M","?","?","?","?","R","M","R","T","$","M","M","E","?","R","BOSS","M","?","$","?","?","R","E","R","T","M","R","E","M","?","R","BOSS","M","M","?","M","$","R","E","R","T","E","?","?","R","?","R","BOSS","R","$","E","BOSS"],"build_version":"2019-01-23","purchased_purges":3,"victory":false,"max_hp_per_floor":[72,72,72,72,72,72,72,72,72,72,72,72,72,72,72,72,72,72,72,72,72,72,72,72,72,72,72,72,72,72,72,72,72,72,72,72,72,72,72,72,72,72,72,72,72,72,72,72,72,72,72,72,72,72,72],"card_choices":[{"not_picked":["Perfected Strike","Shrug It Off"],"picked":"True Grit","floor":1},{"not_picked":["Warcry","Clothesline"],"picked":"Armaments","floor":5},{"not_picked":["Feel No Pain","Body Slam"],"picked":"Cleave","floor":7},{"not_picked":["Anger","Ghostly Armor","Bludgeon"],"picked":"SKIP","floor":11},{"not_picked":["Havoc","Infernal Blade"],"picked":"Dropkick","floor":12},{"not_picked":["Perfected Strike","Headbutt"],"picked":"Limit Break","floor":13},{"not_picked":["Brutality","Exhume"],"picked":"Demon Form","floor":16},{"not_picked":[],"picked":"Heavy Blade+1","floor":18},{"not_picked":[],"picked":"Headbutt","floor":18},{"not_picked":[],"picked":"True Grit","floor":24},{"not_picked":["Body Slam+1"],"picked":"SKIP","floor":27},{"not_picked":["Twin Strike"],"picked":"SKIP","floor":27},{"not_picked":["Armaments"],"picked":"SKIP","floor":29},{"not_picked":[],"picked":"Flex+1","floor":30},{"not_picked":["True Grit"],"picked":"SKIP","floor":30},{"not_picked":["Twin Strike+1"],"picked":"SKIP","floor":35},{"not_picked":["Feel No Pain"],"picked":"SKIP","floor":35},{"not_picked":[],"picked":"Disarm+1","floor":36},{"not_picked":["Havoc+1"],"picked":"SKIP","floor":36},{"not_picked":["Clash"],"picked":"SKIP","floor":38},{"not_picked":["Clash+1"],"picked":"SKIP","floor":38},{"not_picked":["Shockwave"],"picked":"SKIP","floor":41},{"not_picked":["Corruption+1"],"picked":"SKIP","floor":44},{"not_picked":["Havoc"],"picked":"SKIP","floor":54}],"player_experience":141285,"relics_obtained":[{"floor":9,"key":"PreservedInsect"},{"floor":13,"key":"Prayer Wheel"},{"floor":22,"key":"Pocketwatch"},{"floor":22,"key":"Sundial"},{"floor":24,"key":"Whetstone"},{"floor":26,"key":"Mercury Hourglass"},{"floor":29,"key":"Turnip"},{"floor":31,"key":"Vajra"},{"floor":41,"key":"Old Coin"},{"floor":44,"key":"Blue Candle"},{"floor":54,"key":"Torii"}],"event_choices":[{"damage_healed":0,"gold_gain":75,"player_choice":"Gather Gold","damage_taken":11,"max_hp_gain":0,"max_hp_loss":0,"event_name":"World of Goop","floor":2,"gold_loss":0},{"damage_healed":0,"gold_gain":0,"player_choice":"Entered Light","damage_taken":14,"max_hp_gain":0,"max_hp_loss":0,"event_name":"Shining Light","floor":3,"gold_loss":0,"cards_upgraded":["Strike_R","Defend_R"]},{"cards_removed":["True Grit"],"damage_healed":0,"gold_gain":0,"player_choice":"Gave Card","damage_taken":0,"relics_obtained":["Girya"],"max_hp_gain":0,"max_hp_loss":0,"event_name":"WeMeetAgain","floor":4,"gold_loss":0},{"damage_healed":0,"gold_gain":0,"player_choice":"Success","damage_taken":3,"relics_obtained":["War Paint"],"max_hp_gain":0,"max_hp_loss":0,"event_name":"Scrap Ooze","floor":14,"gold_loss":0},{"damage_healed":0,"gold_gain":0,"cards_transformed":["Strike_R","Strike_R"],"player_choice":"Became Test Subject","damage_taken":0,"max_hp_gain":0,"max_hp_loss":0,"event_name":"Drug Dealer","floor":19,"gold_loss":0,"cards_obtained":["Power Through","Inflame"]},{"damage_healed":0,"gold_gain":0,"player_choice":"Read","damage_taken":0,"max_hp_gain":0,"max_hp_loss":0,"event_name":"The Library","floor":21,"gold_loss":0,"cards_obtained":["Heavy Blade"]},{"damage_healed":0,"gold_gain":0,"player_choice":"Fight","damage_taken":0,"max_hp_gain":0,"max_hp_loss":0,"event_name":"Colosseum","floor":22,"gold_loss":0},{"damage_healed":0,"gold_gain":0,"player_choice":"Fought Nobs","damage_taken":0,"max_hp_gain":0,"max_hp_loss":0,"event_name":"Colosseum","floor":22,"gold_loss":0},{"cards_removed":["Defend_R"],"damage_healed":0,"gold_gain":0,"player_choice":"Removed Skill","damage_taken":0,"max_hp_gain":0,"max_hp_loss":0,"event_name":"Falling","floor":37,"gold_loss":0},{"damage_healed":18,"gold_gain":0,"player_choice":"Writhe","damage_taken":0,"max_hp_gain":0,"max_hp_loss":0,"event_name":"Winding Halls","floor":45,"gold_loss":0,"cards_obtained":["Writhe"]},{"damage_healed":0,"gold_gain":0,"player_choice":"Ignored","damage_taken":0,"max_hp_gain":0,"max_hp_loss":0,"event_name":"Mysterious Sphere","floor":46,"gold_loss":0},{"damage_healed":0,"gold_gain":100,"player_choice":"Pray","damage_taken":0,"max_hp_gain":0,"max_hp_loss":0,"event_name":"Golden Shrine","floor":48,"gold_loss":0}],"is_beta":false,"boss_relics":[{"not_picked":["Ectoplasm","Tiny House"],"picked":"Busted Crown"},{"not_picked":["Cursed Key","Eternal Feather"],"picked":"Fusion Hammer"}],"items_purged_floors":[10,20,39],"is_endless":false,"potions_floor_spawned":[7,13,16,22,24,30,36,41],"killed_by":"The Heart","ascension_level":3}