{"gold_per_floor":[118,138,213,227,33,33,97,97,144,161,111,139,139,174,174,174],"floor_reached":16,"playtime":322,"items_purged":[],"score":183,"play_id":"4bc9e391-9ec5-49d4-b849-026a3a8d1299","local_time":"20190522203157","is_ascension_mode":true,"campfire_choices":[{"data":"Zap","floor":6,"key":"SMITH"},{"data":"Dualcast","floor":8,"key":"SMITH"},{"data":"Go for the Eyes","floor":15,"key":"SMITH"}],"neow_cost":"NONE","seed_source_timestamp":24028930718426,"circlet_count":0,"master_deck":["AscendersBane","Strike_B","Strike_B","Defend_B","Defend_B","Defend_B","Defend_B","Zap+1","Dualcast+1","Ball Lightning","Rip and Tear","Sunder","Self Repair","Auto Shields","Go for the Eyes+1"],"relics":["Cracked Core","HandDrill","Tiny Chest","Oddly Smooth Stone","Omamori","StoneCalendar"],"potions_floor_usage":[7,12],"damage_taken":[{"damage":1,"enemies":"Cultist","floor":1,"turns":4},{"damage":2,"enemies":"Jaw Worm","floor":2,"turns":3},{"damage":4,"enemies":"Small Slimes","floor":4,"turns":3},{"damage":16,"enemies":"Gremlin Nob","floor":7,"turns":3},{"damage":0,"enemies":"2 Fungi Beasts","floor":10,"turns":2},{"damage":10,"enemies":"Lagavulin","floor":12,"turns":5},{"damage":28,"enemies":"Gremlin Nob","floor":14,"turns":4},{"damage":20,"enemies":"Slime Boss","floor":16,"turns":5}],"seed_played":"-296799309064063723","potions_obtained":[{"floor":0,"key":"Dexterity Potion"},{"floor":0,"key":"FearPotion"},{"floor":10,"key":"Block Potion"}],"is_trial":false,"path_per_floor":["M","M","?","M","$","R","E","R","T","M","?","E","?","E","R","B"],"character_chosen":"DEFECT","items_purchased":["HandDrill"],"campfire_rested":0,"item_purchase_floors":[5],"current_hp_per_floor":[67,65,54,50,50,50,34,34,34,41,41,38,38,17,17,0],"gold":174,"neow_bonus":"THREE_SMALL_POTIONS","is_prod":false,"is_daily":false,"chose_seed":false,"campfire_upgraded":3,"win_rate":0,"timestamp":1558531917,"path_taken":["M","?","?","M","$","R","E","R","T","M","?","E","?","E","R","BOSS"],"build_version":"2019-01-23","purchased_purges":0,"victory":false,"max_hp_per_floor":[75,75,75,75,75,75,75,75,75,75,75,75,75,75,75,75],"card_choices":[{"not_picked":["Cold Snap","Streamline"],"picked":"Ball Lightning","floor":1},{"not_picked":["Reinforced Body","Leap"],"picked":"Rip and Tear","floor":2},{"not_picked":["Machine Learning","Undo"],"picked":"Sunder","floor":4},{"not_picked":["Fission","Heatsinks"],"picked":"Self Repair","floor":7},{"not_picked":["Barrage","Blizzard","Redo"],"picked":"SKIP","floor":10},{"not_picked":["Steam Power","Multi-Cast"],"picked":"Auto Shields","floor":12},{"not_picked":["Rebound","Gash"],"picked":"Go for the Eyes","floor":14}],"player_experience":482620,"relics_obtained":[{"floor":7,"key":"Tiny Chest"},{"floor":9,"key":"Oddly Smooth Stone"},{"floor":12,"key":"Omamori"},{"floor":14,"key":"StoneCalendar"}],"event_choices":[{"damage_healed":0,"gold_gain":75,"player_choice":"Gather Gold","damage_taken":11,"max_hp_gain":0,"max_hp_loss":0,"event_name":"World of Goop","floor":3,"gold_loss":0},{"cards_removed":["Strike_B"],"damage_healed":0,"gold_gain":0,"player_choice":"Card Removal","damage_taken":0,"max_hp_gain":0,"max_hp_loss":0,"event_name":"The Cleric","floor":11,"gold_loss":50},{"cards_removed":["Strike_B"],"damage_healed":0,"gold_gain":0,"player_choice":"Forget","damage_taken":0,"max_hp_gain":0,"max_hp_loss":0,"event_name":"Living Wall","floor":13,"gold_loss":0}],"is_beta":false,"boss_relics":[],"items_purged_floors":[],"is_endless":false,"potions_floor_spawned":[4,10],"killed_by":"Slime Boss","ascension_level":11}