{"gold_per_floor":[118,137,137,8,8,34,45,45,45,65,65,97,22,72,72,72],"floor_reached":16,"playtime":353,"items_purged":["Strike_B"],"score":108,"play_id":"8a58bedd-2058-4eae-933c-ab54455139b4","local_time":"20190522002200","is_ascension_mode":false,"campfire_choices":[{"floor":8,"key":"REST"},{"data":"Consume","floor":11,"key":"SMITH"},{"data":"Capacitor","floor":15,"key":"SMITH"}],"neow_cost":"TEN_PERCENT_HP_LOSS","seed_source_timestamp":288539522445876,"circlet_count":0,"master_deck":["Strike_B","Strike_B","Defend_B","Defend_B","Defend_B","Defend_B","Zap","Dualcast","Gash","Consume+1","Loop","Gash","Capacitor+1","Self Repair","Genetic Algorithm+1","White Noise+1"],"relics":["Cracked Core","WingedGreaves","Toxic Egg 2","Gremlin Horn","Letter Opener","Ancient Tea Set","Omamori"],"potions_floor_usage":[12,12,16],"damage_taken":[{"damage":1,"enemies":"Cultist","floor":1,"turns":3},{"damage":0,"enemies":"Small Slimes","floor":2,"turns":2},{"damage":26,"enemies":"Lagavulin","floor":6,"turns":5},{"damage":11,"enemies":"Jaw Worm","floor":7,"turns":3},{"damage":10,"enemies":"Looter","floor":10,"turns":4},{"damage":26,"enemies":"Gremlin Nob","floor":12,"turns":5},{"damage":17,"enemies":"Hexaghost","floor":16,"turns":4}],"seed_played":"-8938241503256913406","potions_obtained":[{"floor":2,"key":"Block Potion"},{"floor":6,"key":"PowerPotion"},{"floor":12,"key":"Explosive Potion"}],"is_trial":false,"path_per_floor":["M","M","?","$","?","E","M","R","T","M","R","E","$","T","R","B"],"character_chosen":"DEFECT","items_purchased":["Loop","Gash"],"campfire_rested":1,"item_purchase_floors":[4,4],"current_hp_per_floor":[67,67,55,55,55,29,18,38,38,35,35,16,16,16,16,0],"gold":72,"neow_bonus":"ONE_RARE_RELIC","is_prod":false,"is_daily":false,"chose_seed":false,"campfire_upgraded":2,"win_rate":0,"timestamp":1558452120,"path_taken":["M","M","?","$","?","E","M","R","T","?","R","E","$","?","R","BOSS"],"build_version":"2019-01-23","purchased_purges":1,"victory":false,"max_hp_per_floor":[68,68,68,68,68,68,68,68,68,68,68,68,68,68,68,68],"card_choices":[{"not_picked":["Streamline","Skim"],"picked":"Gash","floor":1},{"not_picked":["Reprogram","Go for the Eyes"],"picked":"Consume","floor":2},{"not_picked":["Meteor Strike","Ball Lightning"],"picked":"Capacitor","floor":6},{"not_picked":["Force Field+1","Leap+1"],"picked":"Self Repair","floor":7},{"not_picked":["Ball Lightning","Go for the Eyes"],"picked":"Genetic Algorithm+1","floor":10},{"not_picked":["Streamline","Force Field+1"],"picked":"White Noise+1","floor":12}],"player_experience":445350,"relics_obtained":[{"floor":6,"key":"Gremlin Horn"},{"floor":9,"key":"Letter Opener"},{"floor":12,"key":"Ancient Tea Set"},{"floor":14,"key":"Omamori"}],"event_choices":[{"damage_healed":0,"gold_gain":0,"player_choice":"Success","damage_taken":12,"relics_obtained":["Toxic Egg 2"],"max_hp_gain":0,"max_hp_loss":0,"event_name":"Scrap Ooze","floor":3,"gold_loss":0},{"cards_removed":["Strike_B"],"damage_healed":0,"gold_gain":0,"player_choice":"Offered Basic","damage_taken":0,"max_hp_gain":0,"max_hp_loss":0,"event_name":"Bonfire Elementals","floor":5,"gold_loss":0}],"is_beta":false,"boss_relics":[],"items_purged_floors":[13],"is_endless":false,"potions_floor_spawned":[2,6,12],"killed_by":"Hexaghost","ascension_level":0}