{"path_per_floor":["M","M","M","M","M","E","R","E","T","M","?","R","M","M","R","B",null,"M","?","$","?","?","E","R","E","T","M","M","R","$","?","R","B",null,"M","$","M","?","$","R","M","M","T","$","R","E","R","?","R"],"character_chosen":"THE_SILENT","items_purchased":["Shuriken","Orichalcum","Dagger Spray","Noxious Fumes","Deflect","Noxious Fumes","Backflip","Bouncing Flask+1"],"gold_per_floor":[110,128,140,153,168,196,196,231,300,312,312,312,332,342,342,441,441,455,455,58,58,58,92,92,127,127,137,156,156,7,7,7,112,112,128,7,27,27,27,27,38,53,53,15,15,45,45,45,45,45],"floor_reached":50,"campfire_rested":4,"playtime":8246,"item_purchase_floors":[],"current_hp_per_floor":[69,69,69,53,51,27,48,26,26,19,19,40,35,28,49,24,70,60,60,60,60,60,54,54,29,35,43,36,58,58,76,76,26,76,76,76,54,70,70,76,46,57,63,63,79,52,68,68,84,0],"items_purged":[],"gold":45,"score":770,"play_id":"2b53f30d-e853-49ae-9e31-3f2a39048bbf","local_time":"20180622205812","is_prod":false,"is_daily":false,"chose_seed":false,"is_ascension_mode":false,"campfire_upgraded":6,"win_rate":1,"timestamp":1529693892,"campfire_choices":[{"floor":7.0,"key":"REST"},{"floor":12.0,"key":"REST"},{"floor":15.0,"key":"REST"},{"data":"A Thousand Cuts","floor":24.0,"key":"SMITH"},{"floor":29.0,"key":"REST"},{"data":"Noxious Fumes","floor":32.0,"key":"SMITH"},{"data":"Glass Knife","floor":40.0,"key":"SMITH"},{"data":"Malaise","floor":45,"key":"SMITH"},{"data":"Backflip","floor":47,"key":"SMITH"},{"data":"Neutralize","floor":49,"key":"SMITH"}],"path_taken":["M","M","M","M","M","E","R","E","T","?","?","R","M","M","R","BOSS","M","?","$","?","?","E","R","E","T","M","?","R","?","?","R","BOSS","M","?","M","?","?","R","M","M","T","$","R","E","R","?","R","BOSS"],"build_version":"2018-06-21","seed_source_timestamp":0,"purchased_purges":0,"circlet_count":0,"victory":false,"master_deck":["Defend_G+1","Defend_G+1","Defend_G+1","Defend_G+1","Defend_G+1","Strike_G+1","Strike_G+1","Strike_G+1","Strike_G+1","Strike_G+1","Survivor","Neutralize+1","Quick Slash","Sucker Punch","Malaise+1","Well Laid Plans","Dodge and Roll","Caltrops","Blade Dance","Underhanded Strike","Glass Knife+1","A Thousand Cuts+1","Acrobatics","Blur","Normality","Footwork","Caltrops","Dagger Spray","Noxious Fumes+1","Deflect","Venomology","Flechettes+1","Noxious Fumes","Backflip+1","Noxious Fumes","Dagger Spray+1","Deflect+1","Bouncing Flask+1","Regret","Bouncing Flask+1","Dodge and Roll+1"],"max_hp_per_floor":[70,70,70,70,70,70,70,70,70,70,70,70,70,70,70,70,70,70,70,70,70,70,70,70,70,76,76,76,76,76,76,76,76,76,76,76,76,76,76,76,76,76,82,82,82,89,89,89,89,89],"special_seed":0,"relics":["Ring of the Snake","Tingsha","Darkstone Periapt","Ornamental Fan","Cursed Key","Shuriken","Orichalcum","Bird Faced Urn","Bag of Preparation","Blood Vial","Eternal Feather","Thread and Needle","Toxic Egg 2","Strawberry"],"card_choices":[{"not_picked":["Deflect","Underhanded Strike"],"picked":"Quick Slash","floor":1.0},{"not_picked":["Blur","Calculated Gamble"],"picked":"Dagger Throw","floor":2.0},{"not_picked":["Eviscerate","Finisher"],"picked":"Sucker Punch","floor":3.0},{"not_picked":["Underhanded Strike","Slice"],"picked":"Malaise","floor":4.0},{"not_picked":["Sucker Punch","Finisher"],"picked":"Well Laid Plans","floor":5.0},{"not_picked":["Deflect","Poisoned Stab"],"picked":"Dodge and Roll","floor":6.0},{"not_picked":["Quick Slash","Blur"],"picked":"Caltrops","floor":8.0},{"not_picked":["Underhanded Strike","Finisher"],"picked":"Blade Dance","floor":10.0},{"not_picked":["Predator","Quick Slash"],"picked":"Underhanded Strike","floor":13.0},{"not_picked":["PiercingWail","All Out Attack"],"picked":"Glass Knife","floor":14.0},{"not_picked":["Corpse Explosion","Tools of the Trade"],"picked":"A Thousand Cuts","floor":16.0},{"not_picked":["Reflex","Deadly Poison+1"],"picked":"Acrobatics","floor":18.0},{"not_picked":["Acrobatics","Prepared"],"picked":"Blur","floor":23.0},{"not_picked":["Predator","Bane+1","Eviscerate"],"picked":"SKIP","floor":25.0},{"not_picked":["Slice","PiercingWail"],"picked":"Footwork","floor":27.0},{"not_picked":["Well Laid Plans","Terror"],"picked":"Caltrops","floor":28.0},{"not_picked":["Doppelganger","Adrenaline"],"picked":"Venomology","floor":33.0},{"not_picked":["Poisoned Stab+1","Acrobatics+1"],"picked":"Flechettes+1","floor":35.0},{"not_picked":["Endless Agony+1","Deadly Poison+1"],"picked":"Noxious Fumes","floor":37.0},{"not_picked":["PiercingWail","Flying Knee"],"picked":"Dagger Spray+1","floor":38.0},{"not_picked":["Poisoned Stab+1","All Out Attack"],"picked":"Deflect+1","floor":41.0},{"not_picked":["Dodge and Roll","Outmaneuver"],"picked":"Bouncing Flask+1","floor":42.0},{"not_picked":["Bane","Dagger Throw"],"picked":"Dodge and Roll+1","floor":46}],"player_experience":4976,"potions_floor_usage":[46,46,46,50],"damage_taken":[{"damage":1.0,"enemies":"Cultist","floor":1.0,"turns":4.0},{"damage":0.0,"enemies":"2 Louse","floor":2.0,"turns":3.0},{"damage":0.0,"enemies":"Small Slimes","floor":3.0,"turns":2.0},{"damage":16.0,"enemies":"Exordium Wildlife","floor":4.0,"turns":4.0},{"damage":2.0,"enemies":"2 Fungi Beasts","floor":5.0,"turns":4.0},{"damage":24.0,"enemies":"Lagavulin","floor":6.0,"turns":9.0},{"damage":22.0,"enemies":"3 Sentries","floor":8.0,"turns":10.0},{"damage":7.0,"enemies":"Gremlin Gang","floor":10.0,"turns":5.0},{"damage":5.0,"enemies":"Looter","floor":13.0,"turns":4.0},{"damage":7.0,"enemies":"Lots of Slimes","floor":14.0,"turns":3.0},{"damage":25.0,"enemies":"The Guardian","floor":16.0,"turns":14.0},{"damage":10.0,"enemies":"Chosen","floor":18.0,"turns":6.0},{"damage":6.0,"enemies":"Book of Stabbing","floor":23.0,"turns":6.0},{"damage":31.0,"enemies":"Slavers","floor":25.0,"turns":5.0},{"damage":0.0,"enemies":"3 Byrds","floor":27.0,"turns":4.0},{"damage":15.0,"enemies":"Centurion and Healer","floor":28.0,"turns":7.0},{"damage":56.0,"enemies":"Collector","floor":33.0,"turns":10.0},{"damage":5.0,"enemies":"3 Darklings","floor":35.0,"turns":5.0},{"damage":29.0,"enemies":"3 Shapes","floor":37.0,"turns":6.0},{"damage":0.0,"floor":38.0,"turns":7.0},{"damage":32.0,"enemies":"3 Darklings","floor":41.0,"turns":4.0},{"damage":7.0,"enemies":"Sphere and 2 Shapes","floor":42.0,"turns":7.0},{"damage":41,"enemies":"2 Orb Walkers","floor":46,"turns":6},{"damage":94,"enemies":"Awakened One","floor":50,"turns":9}],"relics_obtained":[{"floor":6.0,"key":"Tingsha"},{"floor":8.0,"key":"Darkstone Periapt"},{"floor":9.0,"key":"Ornamental Fan"},{"floor":23.0,"key":"Bird Faced Urn"},{"floor":25.0,"key":"Bag of Preparation"},{"floor":26.0,"key":"Blood Vial"},{"floor":38.0,"key":"Thread and Needle"},{"floor":43.0,"key":"Toxic Egg 2"},{"floor":46,"key":"Strawberry"}],"event_choices":[{"event_name":"Golden Idol","player_choice":"Ignored","floor":11.0,"damage_taken":0.0},{"event_name":"Back to Basics","player_choice":"Simplicity","floor":19.0,"damage_taken":0.0},{"event_name":"Addict","player_choice":"Ignored","floor":21.0,"damage_taken":0.0},{"event_name":"Beggar","player_choice":"Ignored","floor":22.0,"damage_taken":0.0},{"event_name":"The Library","player_choice":"Heal","floor":31.0,"damage_taken":0.0},{"event_name":"MindBloom","player_choice":"Fight","floor":38.0,"damage_taken":0.0},{"event_name":"Falling","player_choice":"Removed Attack","floor":48,"damage_taken":0}],"boss_relics":[{"not_picked":["Astrolabe","Philosopher\u0027s Stone"],"picked":"Cursed Key"},{"not_picked":["Velvet Choker","Orrery"],"picked":"Eternal Feather"}],"items_purged_floors":[],"is_endless":false,"potions_floor_spawned":[2,8,10,13,14,18,25,35,38,42],"seed_played":"2764693237857301118","killed_by":"Awakened One","ascension_level":0,"potions_obtained":[{"floor":2.0,"key":"GamblersBrew"},{"floor":8.0,"key":"Swift Potion"},{"floor":10.0,"key":"Weak Potion"},{"floor":13.0,"key":"Energy Potion"},{"floor":14.0,"key":"SteroidPotion"},{"floor":18.0,"key":"Swift Potion"},{"floor":25.0,"key":"Poison Potion"},{"floor":35.0,"key":"Fire Potion"},{"floor":38.0,"key":"SkillPotion"},{"floor":42.0,"key":"Poison Potion"}],"is_trial":false}