{"gold_per_floor":[114,13,25,25,25,56,56,73,73,73,107,107,182,200,200,297,297,307,318,27,27,27,27],"floor_reached":23,"playtime":1287,"items_purged":["Strike_R","Strike_R"],"score":314,"play_id":"5e2780c7-d022-487e-9f4a-34a7e0b0af15","local_time":"20190327223615","is_ascension_mode":true,"campfire_choices":[{"data":"Armaments","floor":7,"key":"SMITH"},{"data":"Heavy Blade","floor":10,"key":"SMITH"},{"floor":12,"key":"REST"},{"data":"Shockwave","floor":15,"key":"SMITH"}],"neow_cost":"NONE","seed_source_timestamp":427521087808387,"circlet_count":0,"master_deck":["Strike_R","Strike_R","Strike_R","Defend_R","Defend_R","Defend_R","Defend_R","Bash","Demon Form+1","Heavy Blade+1","Armaments+1","Sword Boomerang","Feed+1","Cleave+1","Heavy Blade+1","Shockwave+1","Pommel Strike+1","Thunderclap+1","Writhe"],"relics":["Burning Blood","Molten Egg 2","Regal Pillow","Self Forming Clay","Mark of Pain","Chemical X","Ornamental Fan"],"potions_floor_usage":[16,22,23],"damage_taken":[{"damage":8,"enemies":"Jaw Worm","floor":1,"turns":5},{"damage":16,"enemies":"2 Louse","floor":3,"turns":3},{"damage":25,"enemies":"Lagavulin","floor":6,"turns":6},{"damage":10,"enemies":"Small Slimes","floor":8,"turns":4},{"damage":35,"enemies":"3 Sentries","floor":11,"turns":7},{"damage":18,"enemies":"Blue Slaver","floor":14,"turns":3},{"damage":4,"enemies":"Hexaghost","floor":16,"turns":6},{"damage":13,"enemies":"Shell Parasite","floor":18,"turns":5},{"damage":31,"enemies":"3 Byrds","floor":19,"turns":4},{"damage":0,"enemies":"Snake Plant","floor":22,"turns":1},{"damage":50,"enemies":"Book of Stabbing","floor":23,"turns":5}],"seed_played":"5865275287808569918","potions_obtained":[{"floor":6,"key":"Weak Potion"},{"floor":8,"key":"SteroidPotion"},{"floor":18,"key":"SmokeBomb"}],"is_trial":false,"path_per_floor":["M","$","M","?","?","E","R","M","T","R","E","R","?","M","R","B",null,"M","M","$","?","M","E"],"character_chosen":"IRONCLAD","items_purchased":["Armaments","Chemical X"],"campfire_rested":1,"item_purchase_floors":[2,20],"current_hp_per_floor":[70,70,60,60,60,41,41,41,41,41,16,57,46,34,34,36,75,68,43,43,43,49,0],"gold":27,"neow_bonus":"ONE_RANDOM_RARE_CARD","is_prod":false,"is_daily":false,"chose_seed":false,"campfire_upgraded":3,"win_rate":0,"timestamp":1553740575,"path_taken":["M","$","M","?","?","E","R","M","T","R","E","R","?","M","R","BOSS","M","M","$","?","M","E"],"build_version":"2019-01-23","purchased_purges":2,"victory":false,"max_hp_per_floor":[80,80,80,80,80,80,80,84,84,84,88,88,88,88,88,88,88,88,88,88,88,88,88],"card_choices":[{"not_picked":["Body Slam","Pummel"],"picked":"Heavy Blade","floor":1},{"not_picked":["Anger","Bloodletting"],"picked":"Sword Boomerang","floor":3},{"not_picked":["Body Slam","Power Through"],"picked":"Feed","floor":6},{"not_picked":["Iron Wave+1","Clothesline+1"],"picked":"Cleave+1","floor":8},{"not_picked":["Combust","Pommel Strike+1"],"picked":"Heavy Blade+1","floor":11},{"not_picked":["Spot Weakness","Dual Wield"],"picked":"Shockwave","floor":14},{"not_picked":["Sentinel","Combust"],"picked":"Pommel Strike+1","floor":18},{"not_picked":["Warcry","Second Wind"],"picked":"Thunderclap+1","floor":19}],"player_experience":254621,"relics_obtained":[{"floor":6,"key":"Molten Egg 2"},{"floor":9,"key":"Regal Pillow"},{"floor":11,"key":"Self Forming Clay"}],"event_choices":[{"damage_healed":0,"gold_gain":0,"player_choice":"Leave","damage_taken":0,"max_hp_gain":0,"max_hp_loss":0,"event_name":"The Cleric","floor":4,"gold_loss":0},{"damage_healed":0,"gold_gain":0,"player_choice":"Grow","damage_taken":0,"max_hp_gain":0,"max_hp_loss":0,"event_name":"Living Wall","floor":5,"gold_loss":0,"cards_upgraded":["Demon Form"]},{"damage_healed":0,"gold_gain":75,"player_choice":"Gather Gold","damage_taken":11,"max_hp_gain":0,"max_hp_loss":0,"event_name":"World of Goop","floor":13,"gold_loss":0},{"damage_healed":0,"gold_gain":0,"player_choice":"Opened","damage_taken":0,"relics_obtained":["Ornamental Fan"],"max_hp_gain":0,"max_hp_loss":0,"event_name":"The Mausoleum","floor":21,"gold_loss":0,"cards_obtained":["Writhe"]}],"is_beta":false,"boss_relics":[{"not_picked":["Runic Dome","Runic Pyramid"],"picked":"Mark of Pain"}],"items_purged_floors":[2,20],"is_endless":false,"potions_floor_spawned":[6,8,18],"killed_by":"Book of Stabbing","ascension_level":8}