{"gold_per_floor":[113,133,133,133,147,180,199,217,243,243],"floor_reached":10,"playtime":264,"items_purged":[],"score":74,"play_id":"0cb27a97-6841-48ff-9819-8a04330d5ee8","local_time":"20180927170019","is_ascension_mode":true,"campfire_choices":[],"neow_cost":"NONE","seed_source_timestamp":63511141517959,"circlet_count":0,"master_deck":["Strike_B","Strike_B+1","Strike_B","Strike_B+1","Defend_B","Defend_B","Defend_B","Defend_B","Zap+1","Dualcast","White Noise","Beam Cell","Coolheaded","Barrage","White Noise"],"relics":["Cracked Core","Turnip","Regal Pillow","Orichalcum"],"potions_floor_usage":[6,6,6],"damage_taken":[{"damage":3,"enemies":"Jaw Worm","floor":1,"turns":3},{"damage":10,"enemies":"2 Louse","floor":2,"turns":3},{"damage":0,"enemies":"Small Slimes","floor":5,"turns":2},{"damage":19,"enemies":"Lagavulin","floor":6,"turns":4},{"damage":12,"enemies":"Red Slaver","floor":7,"turns":3},{"damage":5,"enemies":"Exordium Wildlife","floor":8,"turns":4},{"damage":0,"enemies":"Exordium Thugs","floor":10,"turns":1}],"seed_played":"7817565257134468345","potions_obtained":[{"floor":2,"key":"Explosive Potion"},{"floor":5,"key":"EntropicBrew"},{"floor":8,"key":"SteroidPotion"}],"is_trial":false,"path_per_floor":["M","M","?","?","M","E","M","M","T"],"character_chosen":"DEFECT","items_purchased":[],"campfire_rested":0,"item_purchase_floors":[],"current_hp_per_floor":[72,62,59,44,44,25,13,8,8,8],"gold":243,"neow_bonus":"UPGRADE_CARD","is_prod":false,"is_daily":false,"chose_seed":false,"campfire_upgraded":0,"win_rate":0,"timestamp":1538035219,"path_taken":["M","M","?","?","M","E","M","M","T","M"],"build_version":"2018-09-20","purchased_purges":0,"victory":false,"max_hp_per_floor":[75,75,75,75,75,75,75,75,75,75],"card_choices":[{"not_picked":["Rebound","Fusion"],"picked":"White Noise","floor":1},{"not_picked":["Streamline","Doom and Gloom"],"picked":"Beam Cell","floor":2},{"not_picked":["Gash","Steam Power"],"picked":"Coolheaded","floor":5},{"not_picked":["Recycle","Rainbow"],"picked":"Barrage","floor":6},{"not_picked":["Leap","Redo"],"picked":"White Noise","floor":7},{"not_picked":["Stack","Force Field","Heatsinks"],"picked":"SKIP","floor":8}],"player_experience":289231,"relics_obtained":[{"floor":6,"key":"Regal Pillow"},{"floor":9,"key":"Orichalcum"}],"event_choices":[{"event_name":"Scrap Ooze","player_choice":"success","floor":3,"damage_taken":3},{"event_name":"Shining Light","player_choice":"Entered Light","floor":4,"damage_taken":0}],"is_beta":false,"boss_relics":[],"items_purged_floors":[],"is_endless":false,"potions_floor_spawned":[2,5,8],"killed_by":"Exordium Thugs","ascension_level":1}