{"gold_per_floor":[110,110,127,141,152,152,186,186,186,186,186,200,212,230,230,230],"floor_reached":16,"playtime":380,"items_purged":[],"score":104,"play_id":"616f00e5-bc18-4b94-8e3b-6fbd815b5c35","local_time":"20190317234817","is_ascension_mode":false,"campfire_choices":[{"data":"Armaments","floor":6,"key":"SMITH"},{"data":"Perfected Strike","floor":10,"key":"SMITH"},{"floor":15,"key":"REST"}],"neow_cost":"NONE","seed_source_timestamp":354755268420578,"circlet_count":0,"master_deck":["Strike_R","Strike_R","Strike_R+1","Strike_R","Strike_R","Defend_R","Defend_R+1","Defend_R","Bash","Twin Strike","Regret","Seeing Red","Heavy Blade","Armaments+1","Perfected Strike+1","Warcry","Shrug It Off","Double Tap","True Grit"],"relics":["Burning Blood","Orichalcum","Self Forming Clay","Bag of Preparation","Matryoshka"],"potions_floor_usage":[],"damage_taken":[{"damage":6,"enemies":"2 Louse","floor":1,"turns":3},{"damage":4,"enemies":"Small Slimes","floor":3,"turns":3},{"damage":6,"enemies":"Cultist","floor":4,"turns":3},{"damage":16,"enemies":"Exordium Wildlife","floor":5,"turns":4},{"damage":29,"enemies":"Gremlin Nob","floor":7,"turns":5},{"damage":4,"enemies":"Looter","floor":12,"turns":2},{"damage":10,"enemies":"Lots of Slimes","floor":13,"turns":4},{"damage":14,"enemies":"Exordium Thugs","floor":14,"turns":4},{"damage":0,"enemies":"The Guardian","floor":16,"turns":1}],"seed_played":"5356631558962645671","potions_obtained":[{"floor":4,"key":"Dexterity Potion"},{"floor":7,"key":"Block Potion"},{"floor":12,"key":"Explosive Potion"},{"floor":13,"key":"SkillPotion"}],"is_trial":false,"path_per_floor":["M","?","M","M","M","R","E","?","T","R","?","M","M","M","R","B"],"character_chosen":"IRONCLAD","items_purchased":[],"campfire_rested":1,"item_purchase_floors":[],"current_hp_per_floor":[80,80,80,80,70,70,47,47,47,47,31,33,29,21,45,45],"gold":230,"neow_bonus":"RANDOM_COMMON_RELIC","is_prod":false,"is_daily":false,"chose_seed":false,"campfire_upgraded":2,"win_rate":0,"timestamp":1552834097,"path_taken":["M","?","M","M","M","R","E","?","T","R","?","M","M","M","R","BOSS"],"build_version":"2019-01-23","purchased_purges":0,"victory":false,"max_hp_per_floor":[80,80,80,80,80,80,80,80,80,80,80,80,80,80,80,80],"card_choices":[{"not_picked":["Infernal Blade","Sword Boomerang"],"picked":"Twin Strike","floor":1},{"not_picked":["Metallicize","Sword Boomerang"],"picked":"Seeing Red","floor":3},{"not_picked":["Headbutt","Body Slam"],"picked":"Heavy Blade","floor":4},{"not_picked":["Clothesline","Burning Pact"],"picked":"Armaments","floor":5},{"not_picked":["Entrench","Twin Strike"],"picked":"Perfected Strike","floor":7},{"not_picked":["Whirlwind","Disarm"],"picked":"Shrug It Off","floor":12},{"not_picked":["Iron Wave","Evolve"],"picked":"Double Tap","floor":13},{"not_picked":["Sword Boomerang","Burning Pact"],"picked":"True Grit","floor":14}],"player_experience":302674,"relics_obtained":[{"floor":7,"key":"Bag of Preparation"},{"floor":9,"key":"Matryoshka"}],"event_choices":[{"damage_healed":0,"gold_gain":0,"player_choice":"Box","damage_taken":0,"relics_obtained":["Self Forming Clay"],"max_hp_gain":0,"max_hp_loss":0,"event_name":"Big Fish","floor":2,"gold_loss":0,"cards_obtained":["Regret"]},{"damage_healed":0,"gold_gain":0,"cards_transformed":["Defend_R"],"player_choice":"Change","damage_taken":0,"max_hp_gain":0,"max_hp_loss":0,"event_name":"Living Wall","floor":8,"gold_loss":0,"cards_obtained":["Warcry"]},{"damage_healed":0,"gold_gain":0,"player_choice":"Entered Light","damage_taken":16,"max_hp_gain":0,"max_hp_loss":0,"event_name":"Shining Light","floor":11,"gold_loss":0,"cards_upgraded":["Strike_R","Defend_R"]}],"is_beta":false,"boss_relics":[],"items_purged_floors":[],"is_endless":false,"potions_floor_spawned":[4,7,12,13],"killed_by":"The Guardian","ascension_level":0}