{"gold_per_floor":[111,111,129,129,144,144,185,185,208,283,283,308,308,26,26,156,156,174,195,209,30,30,30,64,64],"floor_reached":25,"playtime":798,"items_purged":["Strike_B","Streamline"],"score":287,"play_id":"a5f962ef-5095-45d0-ae9e-8d92be302547","local_time":"20190604135329","is_ascension_mode":true,"campfire_choices":[{"data":"Coolheaded","floor":6,"key":"SMITH"},{"data":"Defragment","floor":8,"key":"SMITH"},{"floor":11,"key":"REST"},{"floor":15,"key":"REST"},{"floor":23,"key":"REST"}],"neow_cost":"NONE","seed_source_timestamp":11287101789126,"circlet_count":0,"master_deck":["Strike_B","Strike_B","Strike_B","Defend_B","Defend_B+1","Defend_B+1","Defend_B","Zap","Dualcast","Coolheaded+1","Compile Driver","Defragment+1","Ball Lightning","Seek","Fusion","Skim","Defragment","White Noise"],"relics":["Philosopher\u0027s Stone","Golden Idol","Bronze Scales","Lantern","Pocketwatch","Medical Kit","Cursed Key","Molten Egg 2"],"potions_floor_usage":[13],"damage_taken":[{"damage":8,"enemies":"Jaw Worm","floor":1,"turns":3},{"damage":0,"enemies":"2 Louse","floor":3,"turns":2},{"damage":0,"enemies":"Cultist","floor":5,"turns":4},{"damage":25,"enemies":"3 Sentries","floor":7,"turns":7},{"damage":17,"enemies":"Gremlin Nob","floor":10,"turns":4},{"damage":18,"enemies":"Gremlin Gang","floor":12,"turns":3},{"damage":0,"enemies":"Red Slaver","floor":13,"turns":1},{"damage":13,"enemies":"Slime Boss","floor":16,"turns":6},{"damage":12,"enemies":"2 Thieves","floor":18,"turns":4},{"damage":10,"enemies":"3 Byrds","floor":19,"turns":4},{"damage":6,"enemies":"Cultist and Chosen","floor":20,"turns":5},{"damage":34,"enemies":"Gremlin Leader","floor":24,"turns":8},{"damage":14,"enemies":"Snecko","floor":25,"turns":2}],"seed_played":"-553371481176107846","potions_obtained":[{"floor":3,"key":"FocusPotion"},{"floor":7,"key":"SmokeBomb"},{"floor":10,"key":"FocusPotion"},{"floor":19,"key":"LiquidBronze"}],"is_trial":false,"path_per_floor":["M","?","M","?","M","R","E","R","T","?","R","M","M","$","R","B",null,"M","M","M","$","$","R","E","M"],"character_chosen":"DEFECT","items_purchased":["Medical Kit","Defragment"],"campfire_rested":3,"item_purchase_floors":[14,21],"current_hp_per_floor":[60,45,45,45,45,45,20,20,20,3,23,5,5,5,25,12,55,43,33,27,27,27,47,13,0],"gold":64,"neow_bonus":"BOSS_RELIC","is_prod":false,"is_daily":false,"chose_seed":false,"campfire_upgraded":2,"win_rate":0,"timestamp":1559649209,"path_taken":["M","?","M","?","M","R","E","R","T","?","R","M","?","$","R","BOSS","M","?","?","?","$","R","E","M"],"build_version":"2019-01-23","purchased_purges":2,"victory":false,"max_hp_per_floor":[75,75,75,69,69,69,69,69,69,69,69,69,69,69,69,69,69,69,69,69,69,69,69,69,69],"card_choices":[{"not_picked":["Gash","Fusion"],"picked":"Streamline","floor":1},{"not_picked":["Hologram","Rebound"],"picked":"Coolheaded","floor":3},{"not_picked":["Gash","Barrage"],"picked":"Compile Driver","floor":5},{"not_picked":["FTL","Steam"],"picked":"Defragment","floor":7},{"not_picked":["Stack","Rip and Tear"],"picked":"Ball Lightning","floor":10},{"not_picked":["Go for the Eyes","Force Field","Reinforced Body"],"picked":"SKIP","floor":12},{"not_picked":["Fission","Creative AI"],"picked":"Seek","floor":16},{"not_picked":["Redo+1","Sunder","Beam Cell"],"picked":"SKIP","floor":18},{"not_picked":["Steam","Hologram"],"picked":"Fusion","floor":19},{"not_picked":["Redo","BootSequence"],"picked":"Skim","floor":20},{"not_picked":["Sweeping Beam","Reboot"],"picked":"White Noise","floor":24}],"player_experience":119145,"relics_obtained":[{"floor":7,"key":"Bronze Scales"},{"floor":9,"key":"Lantern"},{"floor":10,"key":"Pocketwatch"},{"floor":24,"key":"Molten Egg 2"}],"event_choices":[{"damage_healed":0,"gold_gain":0,"player_choice":"Entered Light","damage_taken":15,"max_hp_gain":0,"max_hp_loss":0,"event_name":"Shining Light","floor":2,"gold_loss":0,"cards_upgraded":["Defend_B","Defend_B"]},{"damage_healed":0,"gold_gain":0,"player_choice":"Lose Max HP","damage_taken":0,"relics_obtained":["Golden Idol"],"max_hp_gain":0,"max_hp_loss":6,"event_name":"Golden Idol","floor":4,"gold_loss":0},{"damage_healed":0,"gold_gain":0,"player_choice":"Searched \u00271\u0027 times","damage_taken":0,"max_hp_gain":0,"max_hp_loss":0,"event_name":"Dead Adventurer","floor":10,"gold_loss":0}],"is_beta":false,"boss_relics":[{"not_picked":["Snecko Eye","Fusion Hammer"],"picked":"Cursed Key"}],"items_purged_floors":[14,21],"is_endless":false,"potions_floor_spawned":[3,7,10,19,20],"killed_by":"Snecko","ascension_level":6}