{"gold_per_floor":[118,26,26,43,63,98,110,124,124,124,50,64,64,76,76,178,178,192,172,172,87,87,87,113,113],"floor_reached":25,"playtime":904,"items_purged":[],"score":248,"play_id":"8d97eb69-1371-4170-8b0f-07b1eb3ade79","local_time":"20190127151029","is_ascension_mode":false,"campfire_choices":[{"floor":10,"key":"REST"},{"data":"Defragment","floor":13,"key":"SMITH"},{"floor":15,"key":"REST"},{"data":"Rainbow","floor":23,"key":"SMITH"}],"neow_cost":"NONE","seed_source_timestamp":185892729588771,"circlet_count":0,"master_deck":["Defend_B","Defend_B","Defend_B","Zap","Dualcast","Defragment","Barrage","Hologram","BootSequence","Redo","Defragment+1","Redo","Rainbow+1","Bite","Bite","Bite","Bite","Bite","Core Surge","Aggregate","Genetic Algorithm"],"relics":["Cracked Core","NeowsBlessing","Pantograph","FossilizedHelix","Nuclear Battery","Matryoshka","Turnip"],"potions_floor_usage":[8,8,14,14,24,25],"damage_taken":[{"damage":0,"enemies":"Small Slimes","floor":1,"turns":1},{"damage":0,"enemies":"Cultist","floor":4,"turns":1},{"damage":0,"enemies":"Jaw Worm","floor":5,"turns":1},{"damage":28,"enemies":"Lagavulin","floor":6,"turns":6},{"damage":6,"enemies":"Large Slime","floor":7,"turns":5},{"damage":35,"enemies":"3 Louse","floor":8,"turns":32},{"damage":2,"enemies":"Blue Slaver","floor":12,"turns":4},{"damage":14,"enemies":"Exordium Thugs","floor":14,"turns":4},{"damage":50,"enemies":"Slime Boss","floor":16,"turns":13},{"damage":12,"enemies":"Spheric Guardian","floor":18,"turns":5},{"damage":22,"enemies":"2 Thieves","floor":19,"turns":4},{"damage":61,"enemies":"Slavers","floor":24,"turns":7},{"damage":28,"enemies":"Snecko","floor":25,"turns":4}],"seed_played":"-1488577331155159680","potions_obtained":[{"floor":3,"key":"LiquidBronze"},{"floor":3,"key":"FairyPotion"},{"floor":3,"key":"Ancient Potion"},{"floor":6,"key":"EntropicBrew"},{"floor":8,"key":"SpeedPotion"},{"floor":19,"key":"Dexterity Potion"},{"floor":24,"key":"GamblersBrew"}],"is_trial":false,"path_per_floor":["M","$","?","M","M","E","M","M","T","R","$","M","R","M","R","B",null,"M","M","?","?","?","R","E","M"],"character_chosen":"DEFECT","items_purchased":["Defragment","Barrage","Defragment"],"campfire_rested":2,"item_purchase_floors":[2,2,11],"current_hp_per_floor":[75,75,75,75,75,47,41,6,6,28,28,26,26,12,34,9,75,63,41,41,41,41,41,9,0],"gold":113,"neow_bonus":"THREE_ENEMY_KILL","is_prod":false,"is_daily":false,"chose_seed":false,"campfire_upgraded":2,"win_rate":0,"timestamp":1548598229,"path_taken":["M","$","?","M","?","E","M","M","T","R","$","M","R","?","R","BOSS","M","?","?","?","?","R","E","M"],"build_version":"2019-01-23","purchased_purges":0,"victory":false,"max_hp_per_floor":[75,75,75,75,75,75,75,75,75,75,75,75,75,75,75,75,75,75,75,52,52,52,52,52,52],"card_choices":[{"not_picked":["Leap","Steam","Redo"],"picked":"SKIP","floor":1},{"not_picked":["Skim","Beam Cell","Turbo"],"picked":"SKIP","floor":4},{"not_picked":["Aggregate","Leap"],"picked":"Hologram","floor":5},{"not_picked":["Static Discharge","Cold Snap"],"picked":"BootSequence","floor":6},{"not_picked":["Stack","Streamline"],"picked":"Consume","floor":7},{"not_picked":["Coolheaded","Streamline"],"picked":"Redo","floor":8},{"not_picked":["Barrage","Ball Lightning"],"picked":"Redo","floor":12},{"not_picked":["Ball Lightning","Hologram","BootSequence"],"picked":"SKIP","floor":14},{"not_picked":["Meteor Strike","Core Surge"],"picked":"Rainbow","floor":16},{"not_picked":["Streamline","Rip and Tear","Skim+1"],"picked":"SKIP","floor":18},{"not_picked":["Aggregate","Ball Lightning","Compile Driver+1"],"picked":"SKIP","floor":19},{"not_picked":["Compile Driver","Hologram"],"picked":"Genetic Algorithm","floor":24}],"player_experience":204392,"relics_obtained":[{"floor":6,"key":"Pantograph"},{"floor":9,"key":"FossilizedHelix"},{"floor":24,"key":"Turnip"}],"event_choices":[{"damage_healed":0,"gold_gain":0,"player_choice":"Got Potions","damage_taken":0,"max_hp_gain":0,"max_hp_loss":0,"event_name":"Lab","floor":3,"gold_loss":0},{"damage_healed":0,"gold_gain":0,"player_choice":"Became a vampire","damage_taken":0,"max_hp_gain":0,"max_hp_loss":23,"event_name":"Vampires","floor":20,"gold_loss":0,"cards_obtained":["Bite","Bite","Bite","Bite","Bite"]},{"damage_healed":0,"gold_gain":0,"player_choice":"Obtained Relic","damage_taken":0,"relics_obtained":["Matryoshka"],"max_hp_gain":0,"max_hp_loss":0,"event_name":"Addict","floor":21,"gold_loss":85},{"damage_healed":0,"gold_gain":0,"cards_transformed":["Consume","Defend_B"],"player_choice":"Became Test Subject","damage_taken":0,"max_hp_gain":0,"max_hp_loss":0,"event_name":"Drug Dealer","floor":22,"gold_loss":0,"cards_obtained":["Core Surge","Aggregate"]}],"is_beta":false,"boss_relics":[{"not_picked":["Astrolabe","White Beast Statue"],"picked":"Nuclear Battery"}],"items_purged_floors":[],"is_endless":false,"potions_floor_spawned":[6,8,12,19,24],"killed_by":"Snecko","ascension_level":0}