{"gold_per_floor":[117,137,157,107,154,180,199,219,269,269,112,112,143,162,162,258,258,274,274,274,286,304,351,351],"floor_reached":24,"playtime":609,"items_purged":["Clothesline"],"score":410,"play_id":"4e856776-18a1-49e0-96d5-dd4f17afe588","local_time":"20180915211323","daily_mods":["Draft","Heirloom","Time Dilation","Vintage"],"is_ascension_mode":false,"campfire_choices":[{"data":"True Grit","floor":10,"key":"SMITH"},{"data":"Metallicize","floor":15,"key":"SMITH"}],"neow_cost":"","seed_source_timestamp":0,"circlet_count":0,"master_deck":["Body Slam","Clash","Clash","True Grit+1","Good Instincts","Inflame","Pommel Strike","Headbutt","Forethought+1","Blind+1","Trip","Rampage","Flex","Flex+1","Metallicize+1","Shrug It Off+1","Limit Break+1","Necronomicurse"],"relics":["Black Blood","Unceasing Top","Toxic Egg 2","Strawberry","Self Forming Clay","Tiny Chest","Magic Flower","Vajra","Letter Opener","War Paint","Orichalcum","Blue Candle","Question Card","Sundial","Oddly Smooth Stone","Necronomicon","Ancient Tea Set","Regal Pillow","Juzu Bracelet"],"potions_floor_usage":[16,16],"damage_taken":[{"damage":0,"enemies":"2 Louse","floor":1,"turns":2},{"damage":7,"enemies":"Jaw Worm","floor":2,"turns":2},{"damage":0,"enemies":"Cultist","floor":3,"turns":2},{"damage":0,"enemies":"2 Fungi Beasts","floor":5,"turns":2},{"damage":0,"enemies":"Gremlin Nob","floor":6,"turns":2},{"damage":0,"enemies":"Looter","floor":7,"turns":1},{"damage":0,"enemies":"Large Slime","floor":8,"turns":2},{"damage":0,"enemies":"3 Sentries","floor":13,"turns":2},{"damage":0,"enemies":"2 Fungi Beasts","floor":14,"turns":2},{"damage":0,"enemies":"The Guardian","floor":16,"turns":2},{"damage":0,"enemies":"Chosen","floor":18,"turns":2},{"damage":9,"enemies":"2 Thieves","floor":21,"turns":3},{"damage":6,"enemies":"Shelled Parasite and Fungi","floor":22,"turns":3}],"seed_played":"-2265871347203615385","potions_obtained":[{"floor":2,"key":"LiquidBronze"},{"floor":5,"key":"EssenceOfSteel"},{"floor":8,"key":"AttackPotion"},{"floor":18,"key":"Block Potion"},{"floor":21,"key":"Poison Potion"}],"is_trial":true,"path_per_floor":["M","M","M","?","M","E","M","M","T","R","$","?","E","M","R","B",null,"M","?","?","M","M","T"],"character_chosen":"IRONCLAD","items_purchased":["Metallicize"],"campfire_rested":0,"item_purchase_floors":[11],"current_hp_per_floor":[80,86,87,87,87,87,87,87,87,87,87,75,84,87,87,87,87,87,87,71,77,86,86,86],"gold":351,"neow_bonus":"","is_prod":false,"is_daily":false,"chose_seed":false,"campfire_upgraded":2,"win_rate":0,"timestamp":1537013603,"path_taken":["M","M","M","?","?","E","M","M","T","R","$","?","E","M","R","BOSS","M","?","?","M","?","?","R"],"build_version":"2018-09-06","purchased_purges":1,"victory":false,"max_hp_per_floor":[80,87,87,87,87,87,87,87,87,87,87,87,87,87,87,87,87,87,87,87,87,87,87,87],"card_choices":[{"not_picked":["Twin Strike","Dual Wield"],"picked":"Body Slam","floor":0},{"not_picked":["Perfected Strike","Twin Strike"],"picked":"Clash","floor":0},{"not_picked":["Good Instincts","Pummel"],"picked":"Clash","floor":0},{"not_picked":["Wild Strike","Armaments"],"picked":"Entrench","floor":0},{"not_picked":["Thunderclap","Fire Breathing"],"picked":"True Grit","floor":0},{"not_picked":["Blind","Clothesline"],"picked":"Good Instincts","floor":0},{"not_picked":["Headbutt","Wild Strike"],"picked":"Inflame","floor":0},{"not_picked":["Entrench","Feel No Pain"],"picked":"Clothesline","floor":0},{"not_picked":["Uppercut","Clothesline"],"picked":"Pommel Strike","floor":0},{"not_picked":["Sever Soul","Pommel Strike"],"picked":"Headbutt","floor":0},{"not_picked":["Wild Strike","Armaments"],"picked":"Forethought","floor":0},{"not_picked":["Heavy Blade","Hemokinesis"],"picked":"Blind","floor":0},{"not_picked":["Armaments","Havoc"],"picked":"Trip","floor":0},{"not_picked":["Enlightenment","Flame Barrier"],"picked":"Rampage","floor":0},{"not_picked":["Clash","Blind"],"picked":"Flex","floor":0},{"not_picked":["Cleave","Mind Blast"],"picked":"Flex+1","floor":6},{"not_picked":["Sword Boomerang","Cleave"],"picked":"Shrug It Off+1","floor":13},{"not_picked":["Brutality","Double Tap+1","Thinking Ahead+1"],"picked":"Limit Break+1","floor":16}],"player_experience":285443,"relics_obtained":[{"floor":1,"key":"Toxic Egg 2"},{"floor":2,"key":"Strawberry"},{"floor":3,"key":"Self Forming Clay"},{"floor":5,"key":"Tiny Chest"},{"floor":6,"key":"Magic Flower"},{"floor":7,"key":"Vajra"},{"floor":8,"key":"Letter Opener"},{"floor":9,"key":"War Paint"},{"floor":13,"key":"Blue Candle"},{"floor":14,"key":"Question Card"},{"floor":16,"key":"Sundial"},{"floor":18,"key":"Oddly Smooth Stone"},{"floor":20,"key":"Necronomicon"},{"floor":21,"key":"Ancient Tea Set"},{"floor":22,"key":"Regal Pillow"},{"floor":23,"key":"Juzu Bracelet"}],"event_choices":[{"event_name":"The Cleric","player_choice":"Card Removal","floor":4,"damage_taken":0},{"event_name":"Scrap Ooze","player_choice":"success","floor":12,"damage_taken":12},{"event_name":"Vampires","player_choice":"Ignored","floor":19,"damage_taken":0},{"event_name":"Cursed Tome","player_choice":"Obtained Book","floor":20,"damage_taken":0}],"is_beta":false,"boss_relics":[{"not_picked":["Snecko Eye","Eternal Feather"],"picked":"Black Blood"}],"items_purged_floors":[11],"is_endless":true,"potions_floor_spawned":[2,5,8,13,14,18,21,22],"ascension_level":0}