{"gold_per_floor":[117,133,208,208,223,223,235,235,235,245,271,283,283],"floor_reached":13,"playtime":273,"items_purged":[],"score":170,"play_id":"2b31f457-3db0-4c6d-b504-21cdc51d0aa9","local_time":"20190605193040","is_ascension_mode":true,"campfire_choices":[{"data":"Sunder","floor":6,"key":"SMITH"},{"data":"Zap","floor":8,"key":"SMITH"}],"neow_cost":"NONE","seed_source_timestamp":47648129497422,"circlet_count":0,"master_deck":["AscendersBane","Strike_B","Strike_B","Strike_B","Strike_B","Defend_B","Defend_B","Defend_B","Defend_B","Zap+1","Dualcast","Sunder+1","Conserve Battery"],"relics":["Cracked Core","NeowsBlessing","CultistMask","Vajra","Dodecahedron"],"potions_floor_usage":[11],"damage_taken":[{"damage":0,"enemies":"Cultist","floor":1,"turns":1},{"damage":0,"enemies":"Small Slimes","floor":2,"turns":1},{"damage":0,"enemies":"2 Louse","floor":5,"turns":1},{"damage":4,"enemies":"Red Slaver","floor":7,"turns":3},{"damage":1,"enemies":"2 Fungi Beasts","floor":10,"turns":3},{"damage":45,"enemies":"Lagavulin","floor":11,"turns":6},{"damage":1,"enemies":"Blue Slaver","floor":12,"turns":4},{"damage":5,"enemies":"3 Louse","floor":13,"turns":1}],"seed_played":"-638079131140402647","potions_obtained":[{"floor":1,"key":"SteroidPotion"},{"floor":2,"key":"Energy Potion"},{"floor":10,"key":"Explosive Potion"}],"is_trial":false,"path_per_floor":["M","M","?","?","M","R","M","R","T","M","E","M","M"],"character_chosen":"DEFECT","items_purchased":[],"campfire_rested":0,"item_purchase_floors":[],"current_hp_per_floor":[64,64,53,53,53,53,49,49,49,48,3,2,0],"gold":283,"neow_bonus":"THREE_ENEMY_KILL","is_prod":false,"is_daily":false,"chose_seed":false,"campfire_upgraded":2,"win_rate":0,"timestamp":1559788240,"path_taken":["M","M","?","?","M","R","M","R","T","M","E","M","?"],"build_version":"2019-01-23","purchased_purges":0,"victory":false,"max_hp_per_floor":[71,71,71,71,71,71,71,71,71,71,71,71,71],"card_choices":[{"not_picked":["Force Field","Genetic Algorithm"],"picked":"Sunder","floor":1},{"not_picked":["Compile Driver","Sweeping Beam","Skim"],"picked":"SKIP","floor":2},{"not_picked":["Streamline","Cold Snap","Go for the Eyes"],"picked":"SKIP","floor":5},{"not_picked":["Consume","Turbo"],"picked":"Conserve Battery","floor":7},{"not_picked":["Stack","Beam Cell","Conserve Battery"],"picked":"SKIP","floor":10},{"not_picked":["Lockon","Compile Driver","Force Field"],"picked":"SKIP","floor":11},{"not_picked":["Chill","Tempest","Genetic Algorithm"],"picked":"SKIP","floor":12}],"player_experience":833029,"relics_obtained":[{"floor":9,"key":"Vajra"},{"floor":11,"key":"Dodecahedron"}],"event_choices":[{"damage_healed":0,"gold_gain":75,"player_choice":"Gather Gold","damage_taken":11,"max_hp_gain":0,"max_hp_loss":0,"event_name":"World of Goop","floor":3,"gold_loss":0},{"damage_healed":0,"gold_gain":0,"player_choice":"Trade","damage_taken":0,"relics_obtained":["CultistMask"],"max_hp_gain":0,"max_hp_loss":0,"event_name":"FaceTrader","floor":4,"gold_loss":0}],"is_beta":false,"boss_relics":[],"items_purged_floors":[],"is_endless":false,"potions_floor_spawned":[1,2,10],"killed_by":"3 Louse","ascension_level":19}