{"gold_per_floor":[210,210,224,241,257,257,287,287,287,287,317,330,348,26,26,98,98,109,123,138,149,160,160,160,173,223,249,283,283,283,301,301,377,377,394,123,135,55,30,61,73,105,117,143,183,195,207,231,243,255],"floor_reached":50,"playtime":4650,"items_purged":["Pain","Strike_G"],"score":1124,"play_id":"aa29d349-dd37-40d4-8a99-3a8a045766b3","local_time":"20190529004021","is_ascension_mode":true,"campfire_choices":[{"data":"Predator","floor":6.0,"key":"SMITH"},{"floor":10.0,"key":"REST"},{"floor":15.0,"key":"REST"},{"floor":23.0,"key":"REST"},{"floor":30.0,"key":"REST"},{"data":"Noxious Fumes","floor":32.0,"key":"SMITH"},{"data":"Footwork","floor":47,"key":"SMITH"},{"data":"Footwork","floor":49,"key":"SMITH"}],"neow_cost":"NONE","seed_source_timestamp":0,"circlet_count":0,"master_deck":["AscendersBane","Defend_G+1","Defend_G","Defend_G","Defend_G","Defend_G","Survivor","Neutralize","Burst","Adrenaline","Predator+1","Dagger Throw","Footwork","Noxious Fumes","Noxious Fumes+1","Acrobatics","Footwork+1","Deflect","After Image","Acrobatics","Footwork+1","Cloak And Dagger+1","PiercingWail","Deflect+1","Envenom","Adrenaline+1","Grand Finale+1","Setup+1","Noxious Fumes","Noxious Fumes","Footwork","Dodge and Roll","Leg Sweep","Catalyst","Acrobatics+1","Doubt","Noxious Fumes+1"],"special_seed":0,"relics":["Ring of the Snake","Ornamental Fan","WarpedTongs","Gambling Chip","Nunchaku","Ancient Tea Set","Sozu","Matryoshka","Smiling Mask","Potion Belt","Lantern","Red Mask","Astrolabe","War Paint","MawBank","Snake Skull","PreservedInsect","The Courier"],"potions_floor_usage":[50],"damage_taken":[{"damage":6.0,"enemies":"Jaw Worm","floor":1.0,"turns":6.0},{"damage":2.0,"enemies":"Cultist","floor":3.0,"turns":5.0},{"damage":0.0,"enemies":"2 Louse","floor":4.0,"turns":3.0},{"damage":6.0,"enemies":"Lots of Slimes","floor":5.0,"turns":4.0},{"damage":38.0,"enemies":"Lagavulin","floor":7.0,"turns":7.0},{"damage":14.0,"enemies":"3 Sentries","floor":11.0,"turns":9.0},{"damage":4.0,"enemies":"2 Fungi Beasts","floor":12.0,"turns":4.0},{"damage":7.0,"enemies":"Red Slaver","floor":13.0,"turns":3.0},{"damage":0.0,"enemies":"The Guardian","floor":16.0,"turns":10.0},{"damage":0.0,"enemies":"Chosen","floor":18.0,"turns":5.0},{"damage":12.0,"enemies":"3 Byrds","floor":19.0,"turns":5.0},{"damage":6.0,"enemies":"Sentry and Sphere","floor":20.0,"turns":6.0},{"damage":15.0,"enemies":"Snecko","floor":21.0,"turns":8.0},{"damage":3.0,"enemies":"Snake Plant","floor":22.0,"turns":7.0},{"damage":0.0,"enemies":"Centurion and Healer","floor":25.0,"turns":6.0},{"damage":0.0,"enemies":"Gremlin Leader","floor":27.0,"turns":9.0},{"damage":25.0,"enemies":"Masked Bandits","floor":28.0,"turns":5.0},{"damage":0.0,"enemies":"Snecko","floor":31.0,"turns":6.0},{"damage":9.0,"enemies":"Collector","floor":33.0,"turns":12.0},{"damage":0,"enemies":"Orb Walker","floor":35,"turns":3},{"damage":8,"enemies":"3 Darklings","floor":37,"turns":5},{"damage":13,"enemies":"Nemesis","floor":40,"turns":9},{"damage":0,"enemies":"Jaw Worm Horde","floor":42,"turns":5},{"damage":6,"enemies":"Spire Growth","floor":44,"turns":5},{"damage":9,"enemies":"Giant Head","floor":45,"turns":9},{"damage":4,"enemies":"3 Darklings","floor":48,"turns":5},{"damage":66,"enemies":"Time Eater","floor":50,"turns":13}],"seed_played":"-2499093106567513537","potions_obtained":[{"floor":5.0,"key":"Ancient Potion"},{"floor":11.0,"key":"Poison Potion"},{"floor":16.0,"key":"PowerPotion"}],"is_trial":false,"path_per_floor":["M","?","M","M","M","R","E","?","T","R","E","M","M","$","R","B",null,"M","M","M","M","M","R","?","M","T","E","?","?","R","M","R","B",null,"M","$","M","$","$","E","?","M","T","M","E","?","R","M","R","B"],"character_chosen":"THE_SILENT","items_purchased":["Footwork","Deflect","Ancient Tea Set","Noxious Fumes","War Paint","Footwork","Dodge and Roll"],"campfire_rested":4,"item_purchase_floors":[14,14,14,36,36,38,39],"current_hp_per_floor":[57,57,55,55,49,49,11,11,11,32,18,14,7,7,28,28,60,60,48,42,27,24,45,45,45,45,45,20,20,41,41,41,32,61,61,61,53,53,53,40,40,40,40,34,25,70,70,66,66,0],"gold":255,"neow_bonus":"HUNDRED_GOLD","is_prod":false,"is_daily":false,"chose_seed":false,"campfire_upgraded":4,"win_rate":0,"timestamp":1559104821,"path_taken":["M","?","?","M","M","R","E","?","T","R","E","M","M","$","R","BOSS","M","M","M","?","M","R","?","?","T","E","?","?","R","M","R","BOSS","M","$","M","?","$","E","?","M","T","M","E","?","R","M","R","BOSS"],"build_version":"2019-01-23","purchased_purges":2,"victory":false,"max_hp_per_floor":[70,70,70,70,70,70,70,70,70,70,70,70,70,70,70,70,70,70,70,70,70,70,70,70,70,70,70,70,70,70,70,70,70,70,70,70,70,70,70,70,70,70,70,70,70,70,70,70,70,70],"card_choices":[{"not_picked":["Sucker Punch","Dagger Spray"],"picked":"Quick Slash","floor":1.0},{"not_picked":["PiercingWail","Flying Knee"],"picked":"Adrenaline","floor":3.0},{"not_picked":["Distraction","Quick Slash"],"picked":"Predator","floor":4.0},{"not_picked":["Cloak And Dagger","Underhanded Strike"],"picked":"Dagger Throw","floor":5.0},{"not_picked":["PiercingWail","Blade Dance"],"picked":"Footwork","floor":7.0},{"not_picked":["Escape Plan","Cloak And Dagger"],"picked":"Noxious Fumes","floor":11.0},{"not_picked":["Accuracy","Deflect"],"picked":"Noxious Fumes","floor":12.0},{"not_picked":["Poisoned Stab","Dagger Spray"],"picked":"Acrobatics","floor":13.0},{"not_picked":["Tools of the Trade","Night Terror"],"picked":"After Image","floor":16.0},{"not_picked":["Slice","Masterful Stab","Quick Slash"],"picked":"SKIP","floor":18.0},{"not_picked":["Cloak And Dagger","Dagger Spray"],"picked":"Acrobatics","floor":19.0},{"not_picked":["Dagger Spray","Infinite Blades"],"picked":"Footwork","floor":20.0},{"not_picked":["Deflect","Poisoned Stab"],"picked":"Cloak And Dagger+1","floor":21.0},{"not_picked":["Backstab","Terror"],"picked":"PiercingWail","floor":22.0},{"not_picked":["Blade Dance","Slice","Quick Slash"],"picked":"SKIP","floor":25.0},{"not_picked":["Riddle With Holes","Blade Dance","Choke"],"picked":"SKIP","floor":27.0},{"not_picked":["Endless Agony","Acrobatics"],"picked":"Deflect","floor":31.0},{"not_picked":["Grand Finale","A Thousand Cuts"],"picked":"Envenom","floor":33.0},{"not_picked":["Outmaneuver","Crippling Poison"],"picked":"Noxious Fumes","floor":35},{"not_picked":["Choke+1","Blade Dance","Riddle With Holes"],"picked":"SKIP","floor":37},{"not_picked":["Venomology","PiercingWail"],"picked":"Leg Sweep","floor":40},{"not_picked":["Backflip","Heel Hook"],"picked":"Catalyst","floor":42},{"not_picked":["Outmaneuver","Tactician","Deadly Poison"],"picked":"SKIP","floor":44},{"not_picked":["Choke","Concentrate"],"picked":"Acrobatics+1","floor":45},{"not_picked":["Acrobatics","Sucker Punch"],"picked":"Noxious Fumes+1","floor":48}],"player_experience":422390,"relics_obtained":[{"floor":7.0,"key":"Ornamental Fan"},{"floor":9.0,"key":"Gambling Chip"},{"floor":11.0,"key":"Nunchaku"},{"floor":26.0,"key":"Smiling Mask"},{"floor":26.0,"key":"Potion Belt"},{"floor":27.0,"key":"Lantern"},{"floor":28.0,"key":"Red Mask"},{"floor":40,"key":"MawBank"},{"floor":43,"key":"Snake Skull"},{"floor":43,"key":"PreservedInsect"},{"floor":45,"key":"The Courier"}],"event_choices":[{"damage_healed":0.0,"max_hp_gain":0.0,"max_hp_loss":0.0,"gold_gain":0.0,"cards_transformed":["Strike_G"],"event_name":"Transmorgrifier","player_choice":"Transformed","floor":2.0,"gold_loss":0.0,"damage_taken":0.0,"cards_obtained":["Burst"]},{"damage_healed":0.0,"max_hp_gain":0.0,"max_hp_loss":0.0,"gold_gain":0.0,"event_name":"Accursed Blacksmith","player_choice":"Rummage","floor":8.0,"gold_loss":0.0,"damage_taken":0.0,"relics_obtained":["WarpedTongs"],"cards_obtained":["Pain"]},{"cards_removed":["Quick Slash"],"damage_healed":0.0,"max_hp_gain":0.0,"max_hp_loss":0.0,"gold_gain":0.0,"event_name":"WeMeetAgain","player_choice":"Gave Card","floor":24.0,"gold_loss":0.0,"damage_taken":0.0,"relics_obtained":["Matryoshka"]},{"damage_healed":0.0,"max_hp_gain":0.0,"max_hp_loss":0.0,"gold_gain":0.0,"event_name":"Masked Bandits","player_choice":"Fought Bandits","floor":28.0,"gold_loss":0.0,"damage_taken":0.0},{"damage_healed":0.0,"max_hp_gain":0.0,"max_hp_loss":0.0,"gold_gain":0.0,"event_name":"Lab","player_choice":"Got Potions","floor":29.0,"gold_loss":0.0,"damage_taken":0.0},{"damage_healed":0,"gold_gain":0,"player_choice":"Memory 1","damage_taken":0,"max_hp_gain":0,"max_hp_loss":0,"event_name":"SensoryStone","floor":41,"gold_loss":0},{"damage_healed":45,"gold_gain":0,"player_choice":"Heal","damage_taken":0,"max_hp_gain":0,"max_hp_loss":0,"event_name":"MindBloom","floor":46,"gold_loss":0,"cards_obtained":["Doubt"]}],"is_beta":false,"boss_relics":[{"not_picked":["Cursed Key","Runic Pyramid"],"picked":"Sozu"},{"not_picked":["Lizard Tail","Eternal Feather"],"picked":"Astrolabe"}],"items_purged_floors":[14,36],"is_endless":false,"potions_floor_spawned":[5,11,16,20,25,27,31,35,42,48],"killed_by":"Time Eater","ascension_level":13}