{"gold_per_floor":[117,117,129,146,146,146,171,171,171,171,22,41,52,67,67,67],"floor_reached":16,"playtime":1120,"items_purged":["Strike_B"],"score":143,"play_id":"4590d2e5-241b-4753-b66e-f85840429a93","local_time":"20190507133849","is_ascension_mode":true,"campfire_choices":[{"floor":6,"key":"REST"},{"floor":8,"key":"REST"},{"data":"Auto Shields","floor":15,"key":"SMITH"}],"neow_cost":"NONE","seed_source_timestamp":288546582336357,"circlet_count":0,"master_deck":["Strike_B","Strike_B","Defend_B","Defend_B","Defend_B","Defend_B","Zap+1","Dualcast","Sweeping Beam","Cold Snap+1","Self Repair","Coolheaded","Lockon","BootSequence","Auto Shields+1","Conserve Battery"],"relics":["Cracked Core","NeowsBlessing","Mango","Turnip"],"potions_floor_usage":[14,14,16],"damage_taken":[{"damage":0,"enemies":"Jaw Worm","floor":1,"turns":1},{"damage":0,"enemies":"Small Slimes","floor":3,"turns":1},{"damage":0,"enemies":"2 Louse","floor":4,"turns":1},{"damage":40,"enemies":"Lagavulin","floor":7,"turns":7},{"damage":1,"enemies":"Blue Slaver","floor":12,"turns":3},{"damage":0,"enemies":"Exordium Wildlife","floor":13,"turns":4},{"damage":14,"enemies":"Gremlin Gang","floor":14,"turns":5},{"damage":68,"enemies":"Hexaghost","floor":16,"turns":16}],"seed_played":"3633760922992447498","potions_obtained":[{"floor":4,"key":"EntropicBrew"},{"floor":13,"key":"Energy Potion"}],"is_trial":false,"path_per_floor":["M","?","M","M","?","R","E","R","T","?","$","M","M","M","R","B"],"character_chosen":"DEFECT","items_purchased":["BootSequence"],"campfire_rested":2,"item_purchase_floors":[11],"current_hp_per_floor":[68,68,68,68,53,75,56,82,82,82,82,81,81,67,67,0],"gold":67,"neow_bonus":"THREE_ENEMY_KILL","is_prod":false,"is_daily":false,"chose_seed":false,"campfire_upgraded":1,"win_rate":0,"timestamp":1557261529,"path_taken":["M","?","M","M","?","R","E","R","T","?","?","M","M","?","R","BOSS"],"build_version":"2019-01-23","purchased_purges":1,"victory":false,"max_hp_per_floor":[75,75,75,75,75,75,89,89,89,89,89,89,89,89,89,89],"card_choices":[{"not_picked":["Steam","Gash"],"picked":"Sweeping Beam","floor":1},{"not_picked":["Redo","Stack"],"picked":"Cold Snap","floor":3},{"not_picked":["Double Energy","Darkness"],"picked":"Self Repair","floor":4},{"not_picked":["Tempest","Consume"],"picked":"Coolheaded","floor":7},{"not_picked":["Barrage","All For One"],"picked":"Auto Shields","floor":12},{"not_picked":["Auto Shields","Stack","Hologram"],"picked":"SKIP","floor":13},{"not_picked":["Cold Snap","Compile Driver"],"picked":"Conserve Battery","floor":14}],"player_experience":303737,"relics_obtained":[{"floor":7,"key":"Mango"},{"floor":9,"key":"Turnip"}],"event_choices":[{"damage_healed":0,"gold_gain":0,"player_choice":"Fled","damage_taken":0,"max_hp_gain":0,"max_hp_loss":0,"event_name":"Scrap Ooze","floor":2,"gold_loss":0},{"damage_healed":0,"gold_gain":0,"player_choice":"Entered Light","damage_taken":15,"max_hp_gain":0,"max_hp_loss":0,"event_name":"Shining Light","floor":5,"gold_loss":0,"cards_upgraded":["Cold Snap","Zap"]},{"damage_healed":0,"gold_gain":0,"cards_transformed":["Strike_B"],"player_choice":"Change","damage_taken":0,"max_hp_gain":0,"max_hp_loss":0,"event_name":"Living Wall","floor":10,"gold_loss":0,"cards_obtained":["Lockon"]}],"is_beta":false,"boss_relics":[],"items_purged_floors":[11],"is_endless":false,"potions_floor_spawned":[4,13],"killed_by":"Hexaghost","ascension_level":8}