{"gold_per_floor":[119,132,144,158,170,170,195,195,195,224,23,36,36,67,67,145,145,163,133,58,71,91,91,119,119,193,209,236,236,236,262,262,262],"floor_reached":33,"playtime":1441,"items_purged":["Strike_R"],"score":704,"play_id":"582745f3-5f55-4611-b32c-d9e9f83cedc5","local_time":"20190603005017","is_ascension_mode":true,"campfire_choices":[{"data":"Anger","floor":6,"key":"SMITH"},{"data":"Feel No Pain","floor":8,"key":"SMITH"},{"data":"Corruption","floor":13,"key":"SMITH"},{"data":"Shockwave","floor":15,"key":"SMITH"},{"data":"Uppercut","floor":23,"key":"SMITH"},{"data":"Offering","floor":25,"key":"SMITH"},{"data":"True Grit","floor":30,"key":"SMITH"},{"data":"Hemokinesis","floor":32,"key":"SMITH"}],"neow_cost":"NONE","seed_source_timestamp":215400468640583,"circlet_count":0,"master_deck":["AscendersBane","Strike_R+1","Strike_R+1","Strike_R+1","Defend_R+1","Defend_R+1","Defend_R+1","Defend_R+1","Bash+1","Hemokinesis+1","Shrug It Off","Reaper","Feel No Pain+1","Anger+1","Power Through","Offering+1","Shockwave+1","Corruption+1","True Grit+1","Exhume","Feed","Disarm+1","Uppercut+1","Havoc","Doubt","Headbutt"],"relics":["Burning Blood","Pantograph","Letter Opener","Meat on the Bone","Anchor","Cursed Key","Smiling Mask","Bottled Tornado","Oddly Smooth Stone","Self Forming Clay"],"potions_floor_usage":[7,19,33],"damage_taken":[{"damage":1,"enemies":"Cultist","floor":1,"turns":3},{"damage":12,"enemies":"Jaw Worm","floor":2,"turns":3},{"damage":6,"enemies":"Small Slimes","floor":3,"turns":3},{"damage":15,"enemies":"Looter","floor":4,"turns":4},{"damage":25,"enemies":"Red Slaver","floor":5,"turns":4},{"damage":14,"enemies":"Gremlin Nob","floor":7,"turns":3},{"damage":19,"enemies":"3 Sentries","floor":10,"turns":9},{"damage":9,"enemies":"Lots of Slimes","floor":12,"turns":4},{"damage":33,"enemies":"Gremlin Nob","floor":14,"turns":5},{"damage":19,"enemies":"The Guardian","floor":16,"turns":9},{"damage":15,"enemies":"Spheric Guardian","floor":18,"turns":5},{"damage":28,"enemies":"2 Thieves","floor":19,"turns":4},{"damage":13,"enemies":"Centurion and Healer","floor":21,"turns":9},{"damage":9,"enemies":"Chosen and Byrds","floor":22,"turns":7},{"damage":15,"enemies":"Book of Stabbing","floor":24,"turns":7},{"damage":18,"enemies":"Snake Plant","floor":27,"turns":4},{"damage":31,"enemies":"Slavers","floor":28,"turns":4},{"damage":9,"enemies":"Book of Stabbing","floor":31,"turns":6},{"damage":84,"enemies":"Collector","floor":33,"turns":11}],"seed_played":"-2919755286312729083","potions_obtained":[{"floor":1,"key":"PowerPotion"},{"floor":7,"key":"SkillPotion"},{"floor":12,"key":"LiquidBronze"},{"floor":21,"key":"Poison Potion"},{"floor":28,"key":"Weak Potion"}],"is_trial":false,"path_per_floor":["M","M","M","M","M","R","E","R","T","E","$","M","R","E","R","B",null,"M","M","?","M","M","R","E","R","T","M","E","?","R","E","R","B"],"character_chosen":"IRONCLAD","items_purchased":["Shockwave","Corruption"],"campfire_rested":0,"item_purchase_floors":[11,11],"current_hp_per_floor":[73,67,67,62,49,49,45,45,45,40,40,49,49,40,40,58,71,71,49,49,69,81,81,78,78,78,69,65,65,65,68,68,12],"gold":262,"neow_bonus":"UPGRADE_CARD","is_prod":false,"is_daily":false,"chose_seed":false,"campfire_upgraded":8,"win_rate":0,"timestamp":1559497817,"path_taken":["M","?","M","M","M","R","E","R","T","E","$","M","R","E","R","BOSS","M","M","?","M","M","R","E","R","T","M","E","?","R","E","R","BOSS"],"build_version":"2019-01-23","purchased_purges":1,"victory":false,"max_hp_per_floor":[75,75,75,75,75,75,75,75,75,75,75,75,75,75,75,75,75,78,78,78,81,87,87,87,87,87,90,93,93,93,93,93,93],"card_choices":[{"not_picked":["Searing Blow","Heavy Blade"],"picked":"Hemokinesis","floor":1},{"not_picked":["Heavy Blade","Wild Strike"],"picked":"Shrug It Off","floor":2},{"not_picked":["Armaments","Battle Trance"],"picked":"Reaper","floor":3},{"not_picked":["Cleave","Pommel Strike"],"picked":"Feel No Pain","floor":4},{"not_picked":["Carnage","Clash"],"picked":"Anger","floor":5},{"not_picked":["Warcry","Thunderclap"],"picked":"Power Through","floor":7},{"not_picked":["Headbutt","Entrench"],"picked":"Offering","floor":10},{"not_picked":["Flex","Second Wind"],"picked":"True Grit","floor":12},{"not_picked":["Reckless Charge","Metallicize"],"picked":"Exhume","floor":14},{"not_picked":["Fiend Fire","Exhume"],"picked":"Feed","floor":16},{"not_picked":["Infernal Blade","Seeing Red+1"],"picked":"Disarm+1","floor":18},{"not_picked":["Iron Wave","Second Wind"],"picked":"Uppercut","floor":19},{"not_picked":["Clash+1","Thunderclap"],"picked":"Havoc","floor":21},{"not_picked":["Intimidate+1","Sever Soul","Sword Boomerang"],"picked":"SKIP","floor":22},{"not_picked":["Infernal Blade","Corruption","Combust"],"picked":"SKIP","floor":24},{"not_picked":["Bloodletting","Havoc","Twin Strike"],"picked":"SKIP","floor":27},{"not_picked":["Clash","Perfected Strike","Cleave"],"picked":"SKIP","floor":28},{"not_picked":["Iron Wave","Body Slam"],"picked":"Headbutt","floor":31}],"player_experience":532064,"relics_obtained":[{"floor":7,"key":"Pantograph"},{"floor":9,"key":"Letter Opener"},{"floor":10,"key":"Meat on the Bone"},{"floor":14,"key":"Anchor"},{"floor":24,"key":"Smiling Mask"},{"floor":26,"key":"Bottled Tornado"},{"floor":28,"key":"Oddly Smooth Stone"},{"floor":31,"key":"Self Forming Clay"}],"event_choices":[{"cards_removed":["Strike_R"],"damage_healed":0,"gold_gain":0,"player_choice":"Gave Gold","damage_taken":0,"max_hp_gain":0,"max_hp_loss":0,"event_name":"Beggar","floor":20,"gold_loss":75},{"damage_healed":0,"gold_gain":0,"player_choice":"Simplicity","damage_taken":0,"max_hp_gain":0,"max_hp_loss":0,"event_name":"Back to Basics","floor":29,"gold_loss":0,"cards_upgraded":["Strike_R","Strike_R","Strike_R","Defend_R","Defend_R","Defend_R","Defend_R"]}],"is_beta":false,"boss_relics":[{"not_picked":["Lizard Tail","Empty Cage"],"picked":"Cursed Key"}],"items_purged_floors":[11],"is_endless":false,"potions_floor_spawned":[1,7,12,16,21,24,28,31],"killed_by":"Collector","ascension_level":20}