{"gold_per_floor":[11,24,24,42,42,76,76,91,91,91,106,106,141,159,159,263,263,278,278,49,49,49,83,94,128,128,28,41,41,59,11,11,11],"floor_reached":33,"playtime":1951,"items_purged":[],"score":693,"play_id":"93c0c11a-6316-4a0f-8b22-ddd29de71b16","local_time":"20190409172345","is_ascension_mode":true,"campfire_choices":[{"data":"Demon Form","floor":7,"key":"SMITH"},{"floor":12,"key":"REST"},{"floor":15,"key":"REST"},{"data":"True Grit","floor":32,"key":"SMITH"}],"neow_cost":"NO_GOLD","seed_source_timestamp":0,"circlet_count":0,"master_deck":["AscendersBane","Strike_R+1","Strike_R+1","Strike_R+1","Strike_R+1","Strike_R+1","Defend_R+1","Defend_R+1","Defend_R+1","Bash","Perfected Strike+1","Pommel Strike","Perfected Strike","Demon Form+1","Armaments","Seeing Red","Wild Strike","Reaper","Anger+1","Perfected Strike+1","Ghostly Armor","Twin Strike+1","Perfected Strike+1","True Grit+1"],"special_seed":0,"relics":["Burning Blood","Sundial","Mummified Hand","Red Skull","Coffee Dripper","DollysMirror","Self Forming Clay","Centennial Puzzle","Lantern"],"potions_floor_usage":[6,13,16,23,28,30,33],"damage_taken":[{"damage":25,"enemies":"Jaw Worm","floor":1,"turns":6},{"damage":1,"enemies":"Cultist","floor":2,"turns":3},{"damage":10,"enemies":"2 Louse","floor":4,"turns":2},{"damage":20,"enemies":"Lagavulin","floor":6,"turns":4},{"damage":29,"enemies":"Exordium Thugs","floor":8,"turns":4},{"damage":11,"enemies":"Blue Slaver","floor":11,"turns":3},{"damage":23,"enemies":"3 Sentries","floor":13,"turns":7},{"damage":7,"enemies":"3 Louse","floor":14,"turns":2},{"damage":0,"enemies":"Slime Boss","floor":16,"turns":5},{"damage":7,"enemies":"Chosen","floor":18,"turns":4},{"damage":52,"enemies":"Slavers","floor":23,"turns":6},{"damage":0,"enemies":"Spheric Guardian","floor":24,"turns":2},{"damage":30,"enemies":"Gremlin Leader","floor":25,"turns":5},{"damage":0,"enemies":"Snake Plant","floor":28,"turns":1},{"damage":0,"enemies":"3 Cultists","floor":30,"turns":4},{"damage":44,"enemies":"Champ","floor":33,"turns":5}],"seed_played":"-6631807154893706914","potions_obtained":[{"floor":1,"key":"FearPotion"},{"floor":2,"key":"FearPotion"},{"floor":8,"key":"Block Potion"},{"floor":11,"key":"Weak Potion"},{"floor":14,"key":"Dexterity Potion"},{"floor":28,"key":"Poison Potion"}],"is_trial":false,"path_per_floor":["M","M","?","M","$","E","R","M","T","?","M","R","E","M","R","B",null,"M","?","$","?","?","E","M","E","T","$","M","?","M","$","R","B"],"character_chosen":"IRONCLAD","items_purchased":["DollysMirror","Ghostly Armor","Block Potion","True Grit","PowerPotion"],"campfire_rested":2,"item_purchase_floors":[20,20,27,27,31],"current_hp_per_floor":[53,58,58,54,54,40,40,17,17,17,12,36,19,18,42,48,72,78,78,78,78,63,28,34,10,10,10,16,16,29,29,29,0],"gold":11,"neow_bonus":"THREE_RARE_CARDS","is_prod":false,"is_daily":false,"chose_seed":false,"campfire_upgraded":2,"win_rate":0,"timestamp":1554845025,"path_taken":["M","M","?","M","$","E","R","M","T","?","?","R","E","M","R","BOSS","M","?","$","?","?","E","M","E","T","?","?","?","?","?","R","BOSS"],"build_version":"2019-01-23","purchased_purges":0,"victory":false,"max_hp_per_floor":[80,80,80,80,80,80,80,80,80,80,80,80,80,80,80,80,80,80,80,80,80,85,85,85,85,85,85,85,85,85,85,85,85],"card_choices":[{"not_picked":["Barricade","Reaper"],"picked":"Demon Form","floor":0.0},{"not_picked":["Reckless Charge","Searing Blow"],"picked":"Perfected Strike","floor":1},{"not_picked":["True Grit","Sentinel"],"picked":"Pommel Strike","floor":2},{"not_picked":["Anger","Shrug It Off"],"picked":"Perfected Strike","floor":4},{"not_picked":["Thunderclap","Twin Strike"],"picked":"Demon Form","floor":6},{"not_picked":["True Grit","Spot Weakness"],"picked":"Armaments","floor":8},{"not_picked":["Heavy Blade","Wild Strike","Dual Wield"],"picked":"SKIP","floor":11},{"not_picked":["Reckless Charge","Fire Breathing","Anger"],"picked":"SKIP","floor":13},{"not_picked":["Sword Boomerang","Havoc"],"picked":"Wild Strike","floor":14},{"not_picked":["Immolate","Demon Form"],"picked":"Reaper","floor":16},{"not_picked":["Burning Pact","Searing Blow"],"picked":"Anger+1","floor":18},{"not_picked":["Searing Blow+1","Reckless Charge"],"picked":"Twin Strike+1","floor":23},{"not_picked":["Clothesline","Anger"],"picked":"Perfected Strike","floor":24},{"not_picked":["Anger","Clash","Pummel"],"picked":"SKIP","floor":25},{"not_picked":["Feel No Pain","Fiend Fire","Disarm"],"picked":"SKIP","floor":28},{"not_picked":["Iron Wave","Clothesline","Infernal Blade"],"picked":"SKIP","floor":30}],"player_experience":302178,"relics_obtained":[{"floor":6,"key":"Sundial"},{"floor":9,"key":"Mummified Hand"},{"floor":13,"key":"Red Skull"},{"floor":23,"key":"Self Forming Clay"},{"floor":25,"key":"Centennial Puzzle"},{"floor":26,"key":"Lantern"}],"event_choices":[{"damage_healed":0,"gold_gain":0,"player_choice":"Grow","damage_taken":0,"max_hp_gain":0,"max_hp_loss":0,"event_name":"Living Wall","floor":3,"gold_loss":0,"cards_upgraded":["Perfected Strike"]},{"damage_healed":0,"gold_gain":0,"cards_transformed":["Defend_R"],"player_choice":"Transformed","damage_taken":0,"max_hp_gain":0,"max_hp_loss":0,"event_name":"Transmorgrifier","floor":10,"gold_loss":0,"cards_obtained":["Seeing Red"]},{"damage_healed":0,"gold_gain":0,"player_choice":"Simplicity","damage_taken":0,"max_hp_gain":0,"max_hp_loss":0,"event_name":"Back to Basics","floor":19,"gold_loss":0,"cards_upgraded":["Strike_R","Strike_R","Strike_R","Strike_R","Strike_R","Defend_R","Defend_R","Defend_R"]},{"damage_healed":0,"gold_gain":0,"player_choice":"Ignored","damage_taken":0,"max_hp_gain":0,"max_hp_loss":0,"event_name":"Ghosts","floor":21,"gold_loss":0},{"damage_healed":0,"gold_gain":0,"player_choice":"Shed Blood","damage_taken":20,"max_hp_gain":5,"max_hp_loss":0,"event_name":"Forgotten Altar","floor":22,"gold_loss":0},{"damage_healed":0,"gold_gain":0,"player_choice":"Forge","damage_taken":0,"max_hp_gain":0,"max_hp_loss":0,"event_name":"Accursed Blacksmith","floor":29,"gold_loss":0,"cards_upgraded":["Perfected Strike"]}],"is_beta":false,"boss_relics":[{"not_picked":["Runic Dome","Orrery"],"picked":"Coffee Dripper"}],"items_purged_floors":[],"is_endless":false,"potions_floor_spawned":[1,2,8,11,14,28],"killed_by":"Champ","ascension_level":10}