{"gold_per_floor":[114,128,203,203,214,241,252,252,277,277,292,307,340,350,350,449,449,461,476,509,509,509],"floor_reached":22,"playtime":1121,"items_purged":[],"score":273,"play_id":"b0f74fd4-c5b3-41fc-a76d-a0098184e68f","local_time":"20190530144025","is_ascension_mode":true,"campfire_choices":[{"data":"Shrug It Off","floor":8.0,"key":"SMITH"},{"data":"Shrug It Off","floor":10.0,"key":"SMITH"},{"data":"Armaments","floor":15.0,"key":"SMITH"}],"neow_cost":"NONE","seed_source_timestamp":107791455770800,"circlet_count":0,"master_deck":["Strike_R+1","Strike_R+1","Strike_R+1","Strike_R+1","Strike_R+1","Defend_R+1","Defend_R+1","Defend_R+1","Defend_R+1","Bash","Shrug It Off+1","Impatience","Shrug It Off","Shrug It Off+1","Heavy Blade","Armaments+1","Rampage","Barricade","Shrug It Off","Sword Boomerang+1","Armaments+1"],"special_seed":0,"relics":["Burning Blood","NeowsBlessing","Strawberry","Bronze Scales","Oddly Smooth Stone","Eternal Feather","Red Mask"],"potions_floor_usage":[],"damage_taken":[{"damage":0.0,"enemies":"Cultist","floor":1.0,"turns":1.0},{"damage":0.0,"enemies":"2 Louse","floor":2.0,"turns":1.0},{"damage":0.0,"enemies":"Jaw Worm","floor":5.0,"turns":1.0},{"damage":40.0,"enemies":"Lagavulin","floor":6.0,"turns":9.0},{"damage":12.0,"enemies":"3 Louse","floor":7.0,"turns":6.0},{"damage":6.0,"enemies":"Looter","floor":11.0,"turns":3.0},{"damage":0.0,"enemies":"Red Slaver","floor":12.0,"turns":5.0},{"damage":13.0,"enemies":"3 Sentries","floor":13.0,"turns":10.0},{"damage":2.0,"enemies":"3 Louse","floor":14.0,"turns":3.0},{"damage":14.0,"enemies":"Slime Boss","floor":16.0,"turns":8.0},{"damage":12.0,"enemies":"Chosen","floor":18.0,"turns":11.0},{"damage":29.0,"enemies":"Spheric Guardian","floor":19.0,"turns":11.0},{"damage":22.0,"enemies":"Masked Bandits","floor":20.0,"turns":6.0},{"damage":33,"enemies":"3 Cultists","floor":22,"turns":5}],"seed_played":"-1654697772799136451","potions_obtained":[{"floor":1.0,"key":"Strength Potion"},{"floor":2.0,"key":"SteroidPotion"},{"floor":12.0,"key":"AttackPotion"},{"floor":13.0,"key":"SneckoOil"},{"floor":14.0,"key":"Explosive Potion"},{"floor":18.0,"key":"SpeedPotion"}],"is_trial":false,"path_per_floor":["M","M","?","?","M","E","M","R","T","R","M","M","E","M","R","B",null,"M","M","?","?","M"],"character_chosen":"IRONCLAD","items_purchased":[],"campfire_rested":0,"item_purchase_floors":[],"current_hp_per_floor":[80,80,69,69,75,48,42,42,42,42,42,48,41,45,45,37,75,69,46,30,30,0],"gold":509,"neow_bonus":"THREE_ENEMY_KILL","is_prod":false,"is_daily":false,"chose_seed":false,"campfire_upgraded":3,"win_rate":0,"timestamp":1559252425,"path_taken":["M","?","?","?","M","E","M","R","T","R","M","M","E","?","R","BOSS","M","M","?","?","M"],"build_version":"2019-01-23","purchased_purges":0,"victory":false,"max_hp_per_floor":[80,80,80,80,80,87,87,87,87,87,87,87,87,87,87,87,87,87,87,87,87,87],"card_choices":[{"not_picked":["Intimidate","Dropkick"],"picked":"Shrug It Off","floor":1.0},{"not_picked":["Wild Strike","True Grit","Rupture"],"picked":"SKIP","floor":2.0},{"not_picked":["Ghostly Armor","Carnage"],"picked":"Shrug It Off","floor":5.0},{"not_picked":["Carnage","Juggernaut"],"picked":"Shrug It Off","floor":6.0},{"not_picked":["Shrug It Off","Blood for Blood"],"picked":"Heavy Blade","floor":7.0},{"not_picked":["True Grit","Second Wind"],"picked":"Armaments","floor":11.0},{"not_picked":["Thunderclap","Warcry","Perfected Strike"],"picked":"SKIP","floor":12.0},{"not_picked":["Perfected Strike","Armaments"],"picked":"Rampage","floor":13.0},{"not_picked":["Second Wind","Dark Embrace","Hemokinesis"],"picked":"SKIP","floor":14.0},{"not_picked":["Fiend Fire","Offering"],"picked":"Barricade","floor":16.0},{"not_picked":["Clash","Heavy Blade"],"picked":"Shrug It Off","floor":18.0},{"not_picked":["True Grit","Clothesline"],"picked":"Sword Boomerang+1","floor":19.0},{"not_picked":["Sword Boomerang","Warcry"],"picked":"Armaments+1","floor":20.0}],"player_experience":144791,"relics_obtained":[{"floor":6.0,"key":"Strawberry"},{"floor":9.0,"key":"Bronze Scales"},{"floor":13.0,"key":"Oddly Smooth Stone"},{"floor":20.0,"key":"Red Mask"}],"event_choices":[{"damage_healed":0.0,"max_hp_gain":0.0,"max_hp_loss":0.0,"gold_gain":75.0,"event_name":"World of Goop","player_choice":"Gather Gold","floor":3.0,"gold_loss":0.0,"damage_taken":11.0},{"damage_healed":0.0,"max_hp_gain":0.0,"max_hp_loss":0.0,"gold_gain":0.0,"event_name":"Match and Keep!","player_choice":"1 cards matched","floor":4.0,"gold_loss":0.0,"damage_taken":0.0,"cards_obtained":["Impatience"]},{"damage_healed":0.0,"max_hp_gain":0.0,"max_hp_loss":0.0,"gold_gain":0.0,"event_name":"Masked Bandits","player_choice":"Fought Bandits","floor":20.0,"gold_loss":0.0,"damage_taken":0.0},{"damage_healed":0.0,"max_hp_gain":0.0,"max_hp_loss":0.0,"gold_gain":0.0,"event_name":"Back to Basics","player_choice":"Simplicity","floor":21.0,"gold_loss":0.0,"damage_taken":0.0,"cards_upgraded":["Strike_R","Strike_R","Strike_R","Strike_R","Strike_R","Defend_R","Defend_R","Defend_R","Defend_R"]}],"is_beta":false,"boss_relics":[{"not_picked":["Philosopher\u0027s Stone","Coffee Dripper"],"picked":"Eternal Feather"}],"items_purged_floors":[],"is_endless":false,"potions_floor_spawned":[1,2,12,13,14,18],"killed_by":"3 Cultists","ascension_level":5}