{"gold_per_floor":[114,114,138,158,59,59,93,93,93,93,134,134,160,191,191,321,321,337,80,205,223,223,262,283,283,309,328,368,368,384,422,422,542,542,563,22,22,22,42,42,73,96,169,169,194,194,225,245,245,245],"floor_reached":51,"playtime":2448,"items_purged":["Injury","Decay"],"score":1146,"play_id":"1fc26e00-ba14-412c-86af-30cf837a3e9e","local_time":"20190605144234","is_ascension_mode":true,"campfire_choices":[{"data":"Inflame","floor":6.0,"key":"SMITH"},{"data":"Shrug It Off","floor":8.0,"key":"SMITH"},{"data":"Iron Wave","floor":10.0,"key":"SMITH"},{"data":"Flex","floor":12.0,"key":"SMITH"},{"floor":15.0,"key":"REST"},{"data":"1","floor":25.0,"key":"LIFT"},{"floor":29.0,"key":"REST"},{"floor":32.0,"key":"REST"},{"data":"Metallicize","floor":40.0,"key":"SMITH"},{"data":"2","floor":46.0,"key":"LIFT"},{"floor":49,"key":"REST"}],"neow_cost":"NONE","seed_source_timestamp":119532620990900,"circlet_count":0,"master_deck":["Strike_R","Strike_R","Strike_R","Strike_R","Strike_R","Defend_R","Defend_R","Defend_R","Defend_R","Bash","Shrug It Off+1","Iron Wave+1","Inflame+1","Flex+1","Cleave+1","Feed+1","Armaments+1","Heavy Blade+1","Twin Strike+1","Pummel+1","Seeing Red","Metallicize+1","Iron Wave+1","Flex+1","Rage+1","Bandage Up+1","Twin Strike+1","True Grit+1","Clothesline+1","Body Slam+1"],"special_seed":0,"relics":["Burning Blood","Golden Idol","Mercury Hourglass","Shuriken","Molten Egg 2","Odd Mushroom","Dodecahedron","Runic Pyramid","Bottled Tornado","Girya","Gremlin Horn","Dead Branch","Dream Catcher","The Courier","Vajra","Sozu","Toxic Egg 2","Bottled Lightning","Bronze Scales","Kunai","Pen Nib"],"potions_floor_usage":[50,50],"damage_taken":[{"damage":5.0,"enemies":"Small Slimes","floor":1.0,"turns":4.0},{"damage":8.0,"enemies":"Jaw Worm","floor":3.0,"turns":5.0},{"damage":0.0,"enemies":"2 Louse","floor":4.0,"turns":3.0},{"damage":14.0,"enemies":"3 Sentries","floor":7.0,"turns":10.0},{"damage":25.0,"enemies":"Gremlin Nob","floor":11.0,"turns":4.0},{"damage":13.0,"enemies":"The Mushroom Lair","floor":13.0,"turns":4.0},{"damage":20.0,"enemies":"Lagavulin","floor":14.0,"turns":6.0},{"damage":40.0,"enemies":"Hexaghost","floor":16.0,"turns":8.0},{"damage":0.0,"enemies":"Spheric Guardian","floor":18.0,"turns":3.0},{"damage":8.0,"enemies":"Colosseum Slavers","floor":20.0,"turns":4.0},{"damage":22.0,"enemies":"Colosseum Nobs","floor":20.0,"turns":5.0},{"damage":4.0,"enemies":"Chosen","floor":21.0,"turns":4.0},{"damage":2.0,"enemies":"Gremlin Leader","floor":23.0,"turns":4.0},{"damage":32.0,"enemies":"Shelled Parasite and Fungi","floor":24.0,"turns":5.0},{"damage":12.0,"enemies":"Chosen and Byrds","floor":27.0,"turns":4.0},{"damage":18.0,"enemies":"Slavers","floor":28.0,"turns":4.0},{"damage":7.0,"enemies":"Snecko","floor":30.0,"turns":4.0},{"damage":33.0,"enemies":"Book of Stabbing","floor":31.0,"turns":4.0},{"damage":7.0,"enemies":"Automaton","floor":33.0,"turns":8.0},{"damage":8.0,"enemies":"3 Darklings","floor":35.0,"turns":3.0},{"damage":16.0,"enemies":"Orb Walker","floor":39.0,"turns":2.0},{"damage":1.0,"enemies":"Nemesis","floor":41.0,"turns":3.0},{"damage":3.0,"enemies":"Transient","floor":42.0,"turns":5.0},{"damage":0.0,"enemies":"4 Shapes","floor":45.0,"turns":2.0},{"damage":21.0,"enemies":"Giant Head","floor":47.0,"turns":7.0},{"damage":21,"enemies":"Writhing Mass","floor":48,"turns":4},{"damage":36,"enemies":"Time Eater","floor":50,"turns":5}],"seed_played":"1273594613421485337","potions_obtained":[{"floor":7.0,"key":"AttackPotion"},{"floor":11.0,"key":"SkillPotion"},{"floor":13.0,"key":"FearPotion"},{"floor":16.0,"key":"Weak Potion"},{"floor":24.0,"key":"FearPotion"},{"floor":27.0,"key":"Explosive Potion"},{"floor":28.0,"key":"Weak Potion"}],"is_trial":false,"path_per_floor":["M","?","M","M","$","R","E","R","T","R","E","R","?","E","R","B",null,"M","$","?","M","?","E","M","R","T","M","E","R","M","E","R","B",null,"M","$","?","?","M","R","E","M","T","?","M","R","E","M","R","B",null],"character_chosen":"IRONCLAD","items_purchased":["Flex","Bottled Tornado","Toxic Egg 2","Bottled Lightning","Rage+1"],"campfire_rested":4,"item_purchase_floors":[5,19,36,36,36],"current_hp_per_floor":[81,81,79,85,85,85,77,77,77,77,58,58,51,37,63,29,73,83,83,73,79,79,83,61,61,61,59,51,85,88,61,97,96,114,112,112,112,112,106,106,111,114,114,114,118,118,113,98,122,98],"gold":245,"neow_bonus":"TEN_PERCENT_HP_BONUS","is_prod":false,"is_daily":false,"chose_seed":false,"campfire_upgraded":5,"win_rate":0,"timestamp":1559770954,"path_taken":["M","?","M","M","$","R","E","R","T","R","E","R","?","E","R","BOSS","M","$","?","M","?","E","?","R","T","M","E","R","M","E","R","BOSS","M","$","?","?","M","R","E","M","T","?","M","R","E","M","R","BOSS"],"build_version":"2019-01-23","purchased_purges":2,"victory":true,"max_hp_per_floor":[88,88,88,88,88,88,88,88,88,88,88,88,88,88,88,88,88,92,92,100,104,104,104,108,108,108,112,116,116,120,120,120,120,120,120,120,120,114,118,118,118,118,118,118,118,118,122,122,122,122],"card_choices":[{"not_picked":["Anger","Havoc"],"picked":"Shrug It Off","floor":1.0},{"not_picked":["Clash","Dual Wield"],"picked":"Iron Wave","floor":3.0},{"not_picked":["Dropkick","Heavy Blade"],"picked":"Inflame","floor":4.0},{"not_picked":["Anger","True Grit","Combust"],"picked":"SKIP","floor":7.0},{"not_picked":["Whirlwind","Sentinel","Power Through"],"picked":"SKIP","floor":11.0},{"not_picked":["Sever Soul+1","Headbutt+1"],"picked":"Cleave+1","floor":13.0},{"not_picked":["Hemokinesis+1","Bludgeon+1"],"picked":"Body Slam+1","floor":14.0},{"not_picked":["Reaper+1","Berserk"],"picked":"Feed+1","floor":16.0},{"not_picked":["Warcry+1","Sword Boomerang+1"],"picked":"Armaments+1","floor":18.0},{"not_picked":["Clash+1","Armaments+1"],"picked":"Heavy Blade+1","floor":20.0},{"not_picked":["Fire Breathing","Battle Trance+1"],"picked":"Twin Strike+1","floor":21.0},{"not_picked":["Blood for Blood+1","Pommel Strike+1"],"picked":"Pummel+1","floor":23.0},{"not_picked":["Spot Weakness+1","Havoc"],"picked":"Seeing Red","floor":24.0},{"not_picked":["Anger+1","Searing Blow+1","Entrench"],"picked":"SKIP","floor":27.0},{"not_picked":["Second Wind","Brutality","Rupture"],"picked":"SKIP","floor":28.0},{"not_picked":["Shockwave","Intimidate"],"picked":"Metallicize","floor":29.0},{"not_picked":["Clash+1","Burning Pact","Sentinel"],"picked":"SKIP","floor":30.0},{"not_picked":["Rage","Warcry"],"picked":"Iron Wave+1","floor":31.0},{"not_picked":["Anger+1","Disarm"],"picked":"Flex+1","floor":35.0},{"not_picked":["PanicButton+1","Swift Strike+1"],"picked":"Bandage Up+1","floor":37.0},{"not_picked":["Warcry+1","Burning Pact+1","Clash+1"],"picked":"SKIP","floor":39.0},{"not_picked":["Reckless Charge+1","Intimidate+1","Burning Pact+1"],"picked":"SKIP","floor":41.0},{"not_picked":["Flex+1","Body Slam+1"],"picked":"Twin Strike+1","floor":42.0},{"not_picked":["Entrench+1","Clash+1"],"picked":"True Grit+1","floor":45.0},{"not_picked":["Armaments+1","Wild Strike+1"],"picked":"Clothesline+1","floor":47.0},{"not_picked":["Cleave+1","Battle Trance+1","Wild Strike+1"],"picked":"SKIP","floor":48},{"not_picked":["Flame Barrier+1","Inflame"],"picked":"Body Slam+1","floor":49}],"player_experience":316061,"relics_obtained":[{"floor":7.0,"key":"Mercury Hourglass"},{"floor":9.0,"key":"Shuriken"},{"floor":11.0,"key":"Molten Egg 2"},{"floor":13.0,"key":"Odd Mushroom"},{"floor":14.0,"key":"Dodecahedron"},{"floor":20.0,"key":"Girya"},{"floor":20.0,"key":"Gremlin Horn"},{"floor":23.0,"key":"Dead Branch"},{"floor":26.0,"key":"Dream Catcher"},{"floor":28.0,"key":"The Courier"},{"floor":31.0,"key":"Vajra"},{"floor":41.0,"key":"Bronze Scales"},{"floor":43.0,"key":"Kunai"},{"floor":47.0,"key":"Pen Nib"}],"event_choices":[{"damage_healed":0.0,"max_hp_gain":0.0,"max_hp_loss":0.0,"gold_gain":0.0,"event_name":"Golden Idol","player_choice":"Take Wound","floor":2.0,"gold_loss":0.0,"damage_taken":0.0,"relics_obtained":["Golden Idol"],"cards_obtained":["Injury"]},{"damage_healed":0.0,"max_hp_gain":0.0,"max_hp_loss":0.0,"gold_gain":0.0,"event_name":"Mushrooms","player_choice":"Fought Mushrooms","floor":13.0,"gold_loss":0.0,"damage_taken":0.0},{"damage_healed":0.0,"max_hp_gain":0.0,"max_hp_loss":0.0,"gold_gain":0.0,"event_name":"Colosseum","player_choice":"Fight","floor":20.0,"gold_loss":0.0,"damage_taken":0.0},{"damage_healed":0.0,"max_hp_gain":0.0,"max_hp_loss":0.0,"gold_gain":0.0,"event_name":"Colosseum","player_choice":"Fought Nobs","floor":20.0,"gold_loss":0.0,"damage_taken":0.0},{"damage_healed":0.0,"max_hp_gain":0.0,"max_hp_loss":0.0,"gold_gain":0.0,"event_name":"Wheel of Change","player_choice":"Cursed","floor":22.0,"gold_loss":0.0,"damage_taken":0.0,"cards_obtained":["Decay"]},{"damage_healed":0.0,"max_hp_gain":0.0,"max_hp_loss":0.0,"gold_gain":0.0,"event_name":"SensoryStone","player_choice":"Memory 1","floor":37.0,"gold_loss":0.0,"damage_taken":0.0},{"damage_healed":0.0,"max_hp_gain":0.0,"max_hp_loss":6.0,"gold_gain":0.0,"event_name":"Winding Halls","player_choice":"Max HP","floor":38.0,"gold_loss":0.0,"damage_taken":0.0},{"cards_removed":["Body Slam"],"damage_healed":0.0,"max_hp_gain":0.0,"max_hp_loss":0.0,"gold_gain":0.0,"event_name":"Falling","player_choice":"Removed Attack","floor":44.0,"gold_loss":0.0,"damage_taken":0.0}],"is_beta":false,"boss_relics":[{"not_picked":["Philosopher\u0027s Stone","Runic Dome"],"picked":"Runic Pyramid"},{"not_picked":["Runic Cube","Black Blood"],"picked":"Sozu"}],"items_purged_floors":[5,36],"is_endless":false,"potions_floor_spawned":[7,11,13,16,20,24,27,28,31,39,45],"ascension_level":7}