{"gold_per_floor":[114,114,127,302,302,302,336,347,347,366,393,407,85,96,96,200,200,211,211,227,227,246,246],"floor_reached":23,"playtime":1535,"items_purged":["Defend_R"],"score":193,"play_id":"70b18ec6-1bf3-4590-9844-2f9731defc9a","local_time":"20180727111341","is_ascension_mode":false,"campfire_choices":[{"data":"Bash","floor":6,"key":"SMITH"},{"data":"Armaments","floor":15,"key":"SMITH"}],"neow_cost":"","seed_source_timestamp":79760838926409,"circlet_count":0,"master_deck":["Strike_R+1","Strike_R+1","Strike_R+1","Strike_R+1","Strike_R+1","Defend_R+1","Defend_R+1","Defend_R+1","Bash+1","Headbutt","Shrug It Off","Armaments+1","Shrug It Off","Perfected Strike","Perfected Strike","Iron Wave","Pommel Strike","Headbutt","Offering","Armaments+1","Feel No Pain+1","Combust","Inflame"],"relics":["Burning Blood","Prayer Wheel","Regal Pillow","Kunai","Bag of Marbles","Matryoshka","White Beast Statue"],"potions_floor_usage":[7,10,18,20,22,23],"damage_taken":[{"damage":10,"enemies":"Cultist","floor":1,"turns":4},{"damage":3,"enemies":"Small Slimes","floor":3,"turns":3},{"damage":24,"enemies":"Gremlin Nob","floor":7,"turns":4},{"damage":0,"enemies":"2 Louse","floor":8,"turns":3},{"damage":15,"enemies":"Exordium Wildlife","floor":10,"turns":8},{"damage":4,"enemies":"Blue Slaver","floor":12,"turns":3},{"damage":7,"enemies":"Large Slime","floor":14,"turns":5},{"damage":31,"enemies":"Slime Boss","floor":16,"turns":8},{"damage":15,"enemies":"2 Thieves","floor":18,"turns":3},{"damage":5,"enemies":"Chosen","floor":20,"turns":3},{"damage":42,"enemies":"Slaver and Parasite","floor":22,"turns":8},{"damage":51,"enemies":"Slavers","floor":23,"turns":5}],"seed_played":"-4715834549367024213","potions_obtained":[{"floor":1,"key":"EntropicBrew"},{"floor":3,"key":"Fire Potion"},{"floor":16,"key":"Swift Potion"},{"floor":18,"key":"AttackPotion"},{"floor":20,"key":"Regen Potion"},{"floor":22,"key":"FearPotion"}],"is_trial":false,"path_per_floor":["M","T","M","?","?","R","E","M","T","M","T","M","$","M","R","B",null,"M","?","M","?","M"],"character_chosen":"IRONCLAD","items_purchased":["Matryoshka"],"campfire_rested":0,"item_purchase_floors":[13],"current_hp_per_floor":[76,76,79,79,79,79,61,67,67,58,58,60,60,59,59,34,80,71,71,72,72,51,0],"gold":246,"neow_bonus":"","is_prod":false,"is_daily":false,"chose_seed":false,"campfire_upgraded":2,"win_rate":0,"timestamp":1532682821,"path_taken":["M","?","M","?","?","R","E","M","T","M","?","M","$","M","R","BOSS","M","?","M","?","?","E"],"build_version":"2018-07-26","purchased_purges":1,"victory":false,"max_hp_per_floor":[80,80,80,80,80,80,80,80,80,80,80,80,80,80,80,80,80,80,80,80,80,80,80],"card_choices":[{"not_picked":["Second Wind","Evolve"],"picked":"Headbutt","floor":1},{"not_picked":["Pommel Strike","Warcry"],"picked":"Shrug It Off","floor":3},{"not_picked":["Carnage","Clash","Battle Trance"],"picked":"SKIP","floor":3},{"not_picked":["Sever Soul","Intimidate","Seeing Red"],"picked":"SKIP","floor":7},{"not_picked":["Rampage","Clash"],"picked":"Armaments","floor":8},{"not_picked":["Sentinel","Warcry"],"picked":"Shrug It Off","floor":8},{"not_picked":["Body Slam","Combust"],"picked":"Perfected Strike","floor":10},{"not_picked":["Flex","Thunderclap"],"picked":"Perfected Strike","floor":10},{"not_picked":["Anger","Pommel Strike"],"picked":"Iron Wave","floor":12},{"not_picked":["Warcry","Clash","Fiend Fire"],"picked":"SKIP","floor":12},{"not_picked":["Spot Weakness","Evolve"],"picked":"Pommel Strike","floor":14},{"not_picked":["Sentinel","Reckless Charge"],"picked":"Headbutt","floor":14},{"not_picked":["Dark Embrace","Feed"],"picked":"Offering","floor":16},{"not_picked":["Dropkick","Disarm"],"picked":"Armaments+1","floor":18},{"not_picked":["Searing Blow+1","Clash","Pummel"],"picked":"SKIP","floor":18},{"not_picked":["Headbutt","Perfected Strike+1"],"picked":"Feel No Pain+1","floor":20},{"not_picked":["Carnage","Pommel Strike+1"],"picked":"Combust","floor":20},{"not_picked":["Body Slam","Anger"],"picked":"Inflame","floor":22},{"not_picked":["Power Through","Anger","Feel No Pain"],"picked":"SKIP","floor":22}],"player_experience":90679,"relics_obtained":[{"floor":2,"key":"Prayer Wheel"},{"floor":7,"key":"Regal Pillow"},{"floor":9,"key":"Kunai"},{"floor":11,"key":"Bag of Marbles"}],"event_choices":[{"event_name":"Liars Game","player_choice":"agreed","floor":4,"damage_taken":0},{"event_name":"Living Wall","player_choice":"Forget","floor":5,"damage_taken":0},{"event_name":"Ghosts","player_choice":"Ignored","floor":19,"damage_taken":0},{"event_name":"Back to Basics","player_choice":"Simplicity","floor":21,"damage_taken":0}],"is_beta":false,"boss_relics":[{"not_picked":["Tiny House","Philosopher\u0027s Stone"],"picked":"White Beast Statue"}],"items_purged_floors":[13],"is_endless":false,"potions_floor_spawned":[1,3,12,16,18,20,22],"killed_by":"Slavers","ascension_level":0}