{"gold_per_floor":[116,116,135,145,395,395,409,409,463,463,491,511,511,17,17,119,119,130,130,141,161,161],"floor_reached":22,"playtime":604,"items_purged":["Regret"],"score":176,"play_id":"f086d0c3-9f08-4b41-b156-a415265b2c6c","local_time":"20180704224432","is_ascension_mode":false,"campfire_choices":[{"data":"Zap","floor":6,"key":"SMITH"},{"data":"Defragment","floor":8,"key":"SMITH"},{"data":"Loop","floor":10,"key":"SMITH"},{"data":"Echo Form","floor":15,"key":"SMITH"}],"neow_cost":"NONE","seed_source_timestamp":215120236303226,"circlet_count":0,"master_deck":["Strike_B","Strike_B","Strike_B","Defend_B","Defend_B","Defend_B","Defend_B","Zap+1","Dualcast","Rebound","Leap","Loop+1","Defragment+1","Loop","Defragment","Echo Form+1","Force Field","Electrodynamics","Melter"],"relics":["Cracked Core","Kunai","Orichalcum","Odd Mushroom","Mercury Hourglass","Bottled Lightning","Busted Crown","Nilry\u0027s Codex"],"potions_floor_usage":[11,11,11,16,16,16,20,21],"damage_taken":[{"damage":1,"enemies":"Cultist","floor":1,"turns":3},{"damage":6,"enemies":"2 Louse","floor":3,"turns":3},{"damage":0,"enemies":"Small Slimes","floor":4,"turns":2},{"damage":5,"enemies":"2 Fungi Beasts","floor":7,"turns":4},{"damage":14,"floor":11,"turns":3},{"damage":1,"enemies":"Large Slime","floor":12,"turns":5},{"damage":8,"enemies":"Slime Boss","floor":16,"turns":6},{"damage":5,"enemies":"Spheric Guardian","floor":18,"turns":4},{"damage":15,"enemies":"Shell Parasite","floor":20,"turns":4},{"damage":22,"enemies":"Snake Plant","floor":21,"turns":4},{"damage":22,"enemies":"Sentry and Sphere","floor":22,"turns":3}],"seed_played":"8710457793412395062","potions_obtained":[{"floor":3,"key":"EntropicBrew"},{"floor":4,"key":"AttackPotion"},{"floor":7,"key":"AttackPotion"},{"floor":11,"key":"EssenceOfSteel"},{"floor":18,"key":"GamblersBrew"},{"floor":20,"key":"FocusPotion"}],"is_trial":false,"path_per_floor":["M","T","M","M","?","R","M","R","T","R","?","M","?","$","R","B",null,"M","?","M","M"],"character_chosen":"DEFECT","items_purchased":["Echo Form","Bottled Lightning","Force Field"],"campfire_rested":0,"item_purchase_floors":[14,14,14],"current_hp_per_floor":[74,74,68,68,68,68,63,63,63,63,49,48,45,45,45,37,75,70,54,39,17,0],"gold":161,"neow_bonus":"TRANSFORM_CARD","is_prod":false,"is_daily":false,"chose_seed":false,"campfire_upgraded":4,"win_rate":0,"timestamp":1530737072,"path_taken":["M","?","M","M","?","R","M","R","T","R","?","M","?","$","R","BOSS","M","?","M","?","M"],"build_version":"2018-06-28","purchased_purges":1,"victory":false,"max_hp_per_floor":[75,75,75,75,75,75,75,75,75,75,75,75,75,75,75,75,75,75,75,75,75,75],"card_choices":[{"not_picked":["Stack","Compile Driver"],"picked":"Leap","floor":1},{"not_picked":["Turbo","Doom and Gloom","Rebound"],"picked":"SKIP","floor":3},{"not_picked":["Hologram","Beam Cell"],"picked":"Loop","floor":4},{"not_picked":["Rip and Tear","Hologram"],"picked":"Defragment","floor":7},{"not_picked":["Beam Cell","Scrape"],"picked":"Loop","floor":11},{"not_picked":["Self Repair","Gash"],"picked":"Defragment","floor":12},{"not_picked":["Machine Learning","Amplify"],"picked":"Electrodynamics","floor":16},{"not_picked":[],"picked":"Melter","floor":18},{"not_picked":["Turbo"],"picked":"SKIP","floor":20},{"not_picked":["Scrape"],"picked":"SKIP","floor":21}],"player_experience":76619,"relics_obtained":[{"floor":2,"key":"Kunai"},{"floor":9,"key":"Orichalcum"},{"floor":11,"key":"Odd Mushroom"},{"floor":19,"key":"Nilry\u0027s Codex"}],"event_choices":[{"event_name":"Golden Shrine","player_choice":"Desecrate","floor":5,"damage_taken":0},{"event_name":"Mushrooms","player_choice":"Fought Mushrooms","floor":11,"damage_taken":0},{"event_name":"Scrap Ooze","player_choice":"success","floor":13,"damage_taken":3},{"event_name":"Cursed Tome","player_choice":"Obtained Book","floor":19,"damage_taken":0}],"boss_relics":[{"not_picked":["Astrolabe","Runic Dome"],"picked":"Busted Crown"}],"items_purged_floors":[14],"is_endless":false,"potions_floor_spawned":[3,4,7,11,18,20],"killed_by":"Sentry and Sphere","ascension_level":0}