{"gold_per_floor":[114,129,129,79,103,137,137,62,62,102,118,118,162,181,181,312,312,327,341,354,379,379,412,412,412,412,430,444,462,264,264,264,385,448,466,67,82,35,53,122,140,140,140,92,116,140,173,196,196,196],"floor_reached":51,"playtime":5370,"items_purged":["Strike_B","Defend_B"],"score":839,"play_id":"8637e3ba-8cbf-47a7-a9d5-7abc30562e21","local_time":"20190524174221","is_ascension_mode":true,"campfire_choices":[{"data":"Cold Snap","floor":7.0,"key":"SMITH"},{"data":"Cold Snap","floor":12.0,"key":"SMITH"},{"floor":15.0,"key":"REST"},{"floor":24.0,"key":"REST"},{"data":"Blizzard","floor":32.0,"key":"SMITH"},{"data":"Defragment","floor":42.0,"key":"SMITH"},{"floor":49.0,"key":"REST"}],"neow_cost":"NONE","seed_source_timestamp":256737110659300,"circlet_count":0,"master_deck":["Strike_B+1","Strike_B","Defend_B","Defend_B+1","Defend_B","Dualcast","FTL","Skim+1","Cold Snap+1","White Noise+1","Cold Snap+1","Auto Shields+1","Turbo+1","Conserve Battery+1","Steam+1","Cold Snap+1","Conserve Battery+1","Conserve Battery+1","Cold Snap+1","Defragment+1","Leap+1","Consume+1","Blizzard+1","Conserve Battery+1","Buffer","Dark Shackles+1","Machine Learning","Reinforced Body+1","Hologram+1","Good Instincts+1","Barrage+1","Hologram+1","Melter+1","Sweeping Beam","Stack+1","Redo+1","Go for the Eyes+1","Reboot+1","Conserve Battery+1"],"special_seed":0,"relics":["Cracked Core","Golden Idol","Toxic Egg 2","Sundial","Ice Cream","Orichalcum","Empty Cage","Enchiridion","Blood Vial","Cables","Tiny House","Turnip","Tiny Chest","Pantograph","War Paint"],"potions_floor_usage":[50,50],"damage_taken":[{"damage":6.0,"enemies":"Jaw Worm","floor":1.0,"turns":3.0},{"damage":0.0,"enemies":"2 Louse","floor":2.0,"turns":3.0},{"damage":0.0,"enemies":"Cultist","floor":5.0,"turns":3.0},{"damage":35.0,"enemies":"3 Sentries","floor":6.0,"turns":21.0},{"damage":17.0,"enemies":"Lagavulin","floor":10.0,"turns":9.0},{"damage":14.0,"enemies":"Exordium Thugs","floor":11.0,"turns":3.0},{"damage":4.0,"enemies":"3 Sentries","floor":13.0,"turns":5.0},{"damage":11.0,"enemies":"Lots of Slimes","floor":14.0,"turns":4.0},{"damage":7.0,"enemies":"Slime Boss","floor":16.0,"turns":10.0},{"damage":10.0,"enemies":"2 Thieves","floor":18.0,"turns":3.0},{"damage":0.0,"enemies":"Chosen","floor":19.0,"turns":7.0},{"damage":1.0,"enemies":"Snecko","floor":20.0,"turns":11.0},{"damage":0.0,"enemies":"Sentry and Sphere","floor":21.0,"turns":10.0},{"damage":19.0,"enemies":"Gremlin Leader","floor":23.0,"turns":9.0},{"damage":0.0,"enemies":"Chosen and Byrds","floor":27.0,"turns":8.0},{"damage":0.0,"enemies":"Centurion and Healer","floor":28.0,"turns":7.0},{"damage":0.0,"enemies":"Snake Plant","floor":29.0,"turns":5.0},{"damage":8.0,"enemies":"Automaton","floor":33.0,"turns":18.0},{"damage":12.0,"enemies":"3 Shapes","floor":35.0,"turns":5.0},{"damage":5.0,"enemies":"Orb Walker","floor":37.0,"turns":4.0},{"damage":7.0,"enemies":"4 Shapes","floor":39.0,"turns":10.0},{"damage":31.0,"enemies":"Giant Head","floor":40.0,"turns":16.0},{"damage":0.0,"enemies":"Spire Growth","floor":41.0,"turns":7.0},{"damage":20.0,"enemies":"Jaw Worm Horde","floor":45.0,"turns":8.0},{"damage":0.0,"enemies":"4 Shapes","floor":46.0,"turns":9.0},{"damage":0.0,"enemies":"Nemesis","floor":47.0,"turns":15.0},{"damage":9.0,"enemies":"Spire Growth","floor":48.0,"turns":8.0},{"damage":31,"enemies":"Awakened One","floor":50,"turns":34}],"seed_played":"2914606872589950042","potions_obtained":[{"floor":1.0,"key":"Regen Potion"},{"floor":10.0,"key":"PowerPotion"},{"floor":14.0,"key":"AttackPotion"},{"floor":16.0,"key":"AttackPotion"},{"floor":19.0,"key":"SpeedPotion"},{"floor":21.0,"key":"Energy Potion"},{"floor":23.0,"key":"AttackPotion"},{"floor":34.0,"key":"SpeedPotion"},{"floor":35.0,"key":"Dexterity Potion"},{"floor":40.0,"key":"Regen Potion"},{"floor":45.0,"key":"PowerPotion"},{"floor":46.0,"key":"AttackPotion"},{"floor":47.0,"key":"GamblersBrew"}],"is_trial":false,"path_per_floor":["M","M","?","?","M","E","R","$","T","E","M","R","E","M","R","B",null,"M","M","M","M","?","E","R","?","T","M","M","M","$","?","R","B",null,"M","$","M","$","M","E","M","R","T","$","M","M","E","M","R","B",null],"character_chosen":"DEFECT","items_purchased":["Blizzard","Conserve Battery+1","Turnip","Good Instincts+1","Hologram+1","Redo+1"],"campfire_rested":3,"item_purchase_floors":[30,30,36,36,38,44],"current_hp_per_floor":[76,76,76,76,76,56,56,56,56,39,25,25,21,10,34,27,82,72,72,71,71,55,36,60,60,60,62,64,66,66,66,66,60,87,75,75,72,72,67,38,40,40,40,40,37,39,41,34,60,56],"gold":196,"neow_bonus":"TEN_PERCENT_HP_BONUS","is_prod":false,"is_daily":false,"chose_seed":false,"campfire_upgraded":4,"win_rate":0,"timestamp":1558744941,"path_taken":["M","M","?","?","M","E","R","$","T","E","M","R","E","M","R","BOSS","M","M","M","M","?","E","R","?","T","M","M","?","$","?","R","BOSS","M","$","M","$","?","E","M","R","T","?","M","M","E","M","R","BOSS"],"build_version":"2019-01-23","purchased_purges":2,"victory":true,"max_hp_per_floor":[82,82,82,82,82,82,82,82,82,82,82,82,82,82,82,82,82,82,82,82,82,82,82,82,82,82,82,82,82,82,82,82,82,87,87,87,87,87,87,87,87,87,87,87,87,87,87,87,87,87],"card_choices":[{"not_picked":["Doom and Gloom","Gash"],"picked":"FTL","floor":1.0},{"not_picked":["Scrape","Beam Cell"],"picked":"Skim","floor":2.0},{"not_picked":["Sweeping Beam","Melter"],"picked":"Cold Snap","floor":5.0},{"not_picked":["Fusion","Self Repair","All For One"],"picked":"SKIP","floor":6.0},{"not_picked":["Multi-Cast+1","Force Field+1"],"picked":"White Noise+1","floor":10.0},{"not_picked":["Reprogram+1","Defragment"],"picked":"Cold Snap","floor":11.0},{"not_picked":["Force Field+1","All For One"],"picked":"Auto Shields+1","floor":13.0},{"not_picked":["Ball Lightning","Steam Power+1"],"picked":"Turbo+1","floor":14.0},{"not_picked":["Steam Power+1","Go for the Eyes"],"picked":"Conserve Battery+1","floor":18.0},{"not_picked":["Stack+1","Ball Lightning"],"picked":"Steam+1","floor":19.0},{"not_picked":["Stack+1","Coolheaded+1"],"picked":"Cold Snap+1","floor":20.0},{"not_picked":["Cold Snap","Sweeping Beam"],"picked":"Conserve Battery+1","floor":21.0},{"not_picked":["Echo Form","Hologram+1"],"picked":"Conserve Battery+1","floor":23.0},{"not_picked":["Steam+1","Streamline"],"picked":"Defragment","floor":27.0},{"not_picked":["Streamline","Auto Shields+1"],"picked":"Leap+1","floor":28.0},{"not_picked":["Melter","Leap+1"],"picked":"Consume+1","floor":29.0},{"not_picked":["Fission+1","Buffer"],"picked":"Machine Learning","floor":33.0},{"not_picked":["Turbo+1","Rebound+1"],"picked":"Reinforced Body+1","floor":34.0},{"not_picked":["Gash+1","Go for the Eyes"],"picked":"Hologram+1","floor":35.0},{"not_picked":["Storm","Steam Power+1"],"picked":"Barrage+1","floor":37.0},{"not_picked":["Redo+1","Lockon"],"picked":"Melter+1","floor":39.0},{"not_picked":["Fusion+1","Tempest+1"],"picked":"Sweeping Beam","floor":40.0},{"not_picked":["Auto Shields+1","Cold Snap"],"picked":"Stack+1","floor":41.0},{"not_picked":["Creative AI","Hello World","Doom and Gloom+1"],"picked":"SKIP","floor":45.0},{"not_picked":["Compile Driver+1","Skim+1"],"picked":"Go for the Eyes+1","floor":46.0},{"not_picked":["Compile Driver","Sweeping Beam"],"picked":"Reboot+1","floor":47.0},{"not_picked":["Beam Cell+1","Reprogram+1"],"picked":"Conserve Battery+1","floor":48.0}],"player_experience":65554,"relics_obtained":[{"floor":6.0,"key":"Toxic Egg 2"},{"floor":9.0,"key":"Sundial"},{"floor":10.0,"key":"Ice Cream"},{"floor":13.0,"key":"Orichalcum"},{"floor":22.0,"key":"Enchiridion"},{"floor":23.0,"key":"Blood Vial"},{"floor":26.0,"key":"Cables"},{"floor":40.0,"key":"Tiny Chest"},{"floor":43.0,"key":"Pantograph"},{"floor":47.0,"key":"War Paint"}],"event_choices":[{"damage_healed":0.0,"max_hp_gain":0.0,"max_hp_loss":0.0,"gold_gain":0.0,"event_name":"Golden Idol","player_choice":"Take Wound","floor":3.0,"gold_loss":0.0,"damage_taken":0.0,"relics_obtained":["Golden Idol"],"cards_obtained":["Injury"]},{"cards_removed":["Strike_B"],"damage_healed":0.0,"max_hp_gain":0.0,"max_hp_loss":0.0,"gold_gain":0.0,"event_name":"The Cleric","player_choice":"Card Removal","floor":4.0,"gold_loss":50.0,"damage_taken":0.0},{"damage_healed":0.0,"max_hp_gain":0.0,"max_hp_loss":0.0,"gold_gain":0.0,"event_name":"Cursed Tome","player_choice":"Obtained Book","floor":22.0,"gold_loss":0.0,"damage_taken":16.0},{"damage_healed":0.0,"max_hp_gain":0.0,"max_hp_loss":0.0,"gold_gain":0.0,"event_name":"Duplicator","player_choice":"Copied","floor":25.0,"gold_loss":0.0,"damage_taken":0.0,"cards_obtained":["Cold Snap"]},{"damage_healed":0.0,"max_hp_gain":0.0,"max_hp_loss":0.0,"gold_gain":0.0,"event_name":"Match and Keep!","player_choice":"2 cards matched","floor":31.0,"gold_loss":0.0,"damage_taken":0.0,"cards_obtained":["Buffer","Dark Shackles"]},{"damage_healed":0.0,"max_hp_gain":0.0,"max_hp_loss":0.0,"gold_gain":0.0,"event_name":"Match and Keep!","player_choice":"2 cards matched","floor":31.0,"gold_loss":0.0,"damage_taken":0.0,"cards_obtained":["Buffer","Dark Shackles"]}],"is_beta":false,"boss_relics":[{"not_picked":["Orrery","Busted Crown"],"picked":"Empty Cage"},{"not_picked":["Astrolabe","White Beast Statue"],"picked":"Tiny House"}],"items_purged_floors":[8,30],"is_endless":false,"potions_floor_spawned":[1,10,14,16,19,21,23,29,35,40,45,46,47,48],"ascension_level":1}