{"gold_per_floor":[115,115,127,143,68,68,82,111,111,111,122,139,172,172,172,245,245,222,239,239],"floor_reached":20,"playtime":1047,"items_purged":["Strike_B"],"score":411,"play_id":"5c4fd40a-220c-4ff4-be2b-5499e9df1be9","local_time":"20190528145928","is_ascension_mode":true,"campfire_choices":[{"data":"Sweeping Beam","floor":6,"key":"SMITH"},{"floor":10,"key":"REST"},{"floor":15,"key":"REST"}],"neow_cost":"TEN_PERCENT_HP_LOSS","seed_source_timestamp":256676433759296,"circlet_count":0,"master_deck":["AscendersBane","Defend_B","Defend_B","Defend_B","Defend_B","Zap","Dualcast","Conserve Battery+1","Sweeping Beam+1","Sweeping Beam","Doom and Gloom","Glacier","Defragment","Compile Driver","All For One"],"relics":["Cracked Core","Blood Vial","Pantograph","FossilizedHelix","Black Star"],"potions_floor_usage":[8,8,13,16],"damage_taken":[{"damage":14,"enemies":"Jaw Worm","floor":1,"turns":4},{"damage":1,"enemies":"Cultist","floor":3,"turns":4},{"damage":6,"enemies":"2 Louse","floor":4,"turns":3},{"damage":14,"enemies":"Lots of Slimes","floor":7,"turns":3},{"damage":26,"enemies":"Gremlin Nob","floor":8,"turns":4},{"damage":18,"enemies":"Large Slime","floor":11,"turns":6},{"damage":0,"enemies":"Red Slaver","floor":12,"turns":5},{"damage":0,"enemies":"Lagavulin","floor":13,"turns":6},{"damage":34,"enemies":"Slime Boss","floor":16,"turns":13},{"damage":22,"enemies":"2 Thieves","floor":18,"turns":5},{"damage":21,"enemies":"3 Byrds","floor":19,"turns":6},{"damage":20,"enemies":"Shelled Parasite and Fungi","floor":20,"turns":2}],"seed_played":"3485398940620156125","potions_obtained":[{"floor":1,"key":"FearPotion"},{"floor":3,"key":"Strength Potion"},{"floor":8,"key":"AttackPotion"},{"floor":12,"key":"Block Potion"}],"is_trial":false,"path_per_floor":["M","?","M","M","$","R","M","E","T","R","M","M","E","?","R","B",null,"M","M","M"],"character_chosen":"DEFECT","items_purchased":[],"campfire_rested":2,"item_purchase_floors":[],"current_hp_per_floor":[50,50,49,43,43,43,29,3,3,22,6,8,10,3,22,15,52,32,13,0],"gold":239,"neow_bonus":"REMOVE_TWO","is_prod":false,"is_daily":false,"chose_seed":false,"campfire_upgraded":1,"win_rate":0,"timestamp":1559080768,"path_taken":["M","?","M","M","$","R","M","E","T","R","M","?","E","?","R","BOSS","M","M","M"],"build_version":"2019-01-23","purchased_purges":1,"victory":false,"max_hp_per_floor":[64,64,64,64,64,64,64,64,64,64,64,64,64,64,64,64,64,64,64,64],"card_choices":[{"not_picked":["Storm","Darkness"],"picked":"Conserve Battery","floor":1},{"not_picked":["Steam","Hologram"],"picked":"Sweeping Beam","floor":3},{"not_picked":["Turbo","Compile Driver"],"picked":"Sweeping Beam","floor":4},{"not_picked":["Stack","Sweeping Beam","Coolheaded"],"picked":"SKIP","floor":7},{"not_picked":["Aggregate","Barrage"],"picked":"Doom and Gloom","floor":8},{"not_picked":["Hologram","Sunder"],"picked":"Glacier","floor":11},{"not_picked":["Barrage","Hello World"],"picked":"Defragment","floor":12},{"not_picked":["Conserve Battery","Thunder Strike"],"picked":"Compile Driver","floor":13},{"not_picked":["Buffer","Amplify"],"picked":"All For One","floor":16},{"not_picked":["Conserve Battery","Loop","Skim"],"picked":"SKIP","floor":18},{"not_picked":["Conserve Battery","Capacitor","Double Energy"],"picked":"SKIP","floor":19}],"player_experience":795199,"relics_obtained":[{"floor":8,"key":"Blood Vial"},{"floor":9,"key":"Pantograph"},{"floor":13,"key":"FossilizedHelix"}],"event_choices":[{"damage_healed":0,"gold_gain":0,"player_choice":"Upgraded","damage_taken":0,"max_hp_gain":0,"max_hp_loss":0,"event_name":"Upgrade Shrine","floor":2,"gold_loss":0,"cards_upgraded":["Conserve Battery"]},{"cards_removed":["Strike_B"],"damage_healed":0,"gold_gain":0,"player_choice":"Card Removal","damage_taken":7,"max_hp_gain":0,"max_hp_loss":0,"event_name":"Golden Wing","floor":14,"gold_loss":0}],"is_beta":false,"boss_relics":[{"not_picked":["Coffee Dripper","Tiny House"],"picked":"Black Star"}],"items_purged_floors":[5],"is_endless":false,"potions_floor_spawned":[1,3,8,12],"killed_by":"Shelled Parasite and Fungi","ascension_level":19}