{"gold_per_floor":[113,132,146,146,146,175,175,175,198,49,59,59,72,72],"floor_reached":14,"playtime":346,"items_purged":["Strike_B"],"score":92,"play_id":"5644af21-f1eb-49a9-b8b0-45a26d2931f8","local_time":"20180715193016","is_ascension_mode":false,"campfire_choices":[{"data":"Zap","floor":7,"key":"SMITH"}],"neow_cost":"","seed_source_timestamp":255498120228045,"circlet_count":0,"master_deck":["Strike_B","Strike_B","Defend_B","Defend_B","Defend_B","Zap+1","Dualcast","Beam Cell","White Noise","Rip and Tear","Conserve Battery","Buffer","Blizzard","BootSequence","Tempest","Coolheaded"],"relics":["Cracked Core","Oddly Smooth Stone","Strawberry","GremlinMask"],"potions_floor_usage":[],"damage_taken":[{"damage":1,"enemies":"Cultist","floor":1,"turns":3},{"damage":11,"enemies":"Jaw Worm","floor":2,"turns":3},{"damage":0,"enemies":"2 Louse","floor":3,"turns":3},{"damage":13,"enemies":"Red Slaver","floor":4,"turns":3},{"damage":18,"enemies":"3 Sentries","floor":6,"turns":8},{"damage":1,"enemies":"Lots of Slimes","floor":11,"turns":4},{"damage":7,"enemies":"2 Fungi Beasts","floor":13,"turns":3},{"damage":25,"enemies":"Gremlin Gang","floor":14,"turns":3}],"seed_played":"-3000537220429964144","potions_obtained":[{"floor":2,"key":"GamblersBrew"},{"floor":3,"key":"FearPotion"},{"floor":6,"key":"EssenceOfSteel"}],"is_trial":false,"path_per_floor":["M","M","M","M","?","E","R","?","T","$","M","?","M"],"character_chosen":"DEFECT","items_purchased":["BootSequence"],"campfire_rested":0,"item_purchase_floors":[10],"current_hp_per_floor":[74,63,63,50,50,32,32,25,32,32,31,31,24,0],"gold":72,"neow_bonus":"","is_prod":false,"is_daily":false,"chose_seed":false,"campfire_upgraded":1,"win_rate":0,"timestamp":1531650616,"path_taken":["M","?","M","M","?","E","R","?","T","$","M","?","?","M"],"build_version":"2018-07-12","purchased_purges":1,"victory":false,"max_hp_per_floor":[75,75,75,75,75,75,75,75,82,82,82,82,82,82],"card_choices":[{"not_picked":["Streamline","Leap"],"picked":"Beam Cell","floor":1},{"not_picked":["Ball Lightning","Hologram"],"picked":"White Noise","floor":2},{"not_picked":["Turbo","Fusion"],"picked":"Rip and Tear","floor":3},{"not_picked":["Sweeping Beam","Streamline"],"picked":"Conserve Battery","floor":4},{"not_picked":["Amplify","Undo"],"picked":"Blizzard","floor":6},{"not_picked":["Streamline","Redo"],"picked":"Tempest","floor":11},{"not_picked":["Leap","Conserve Battery"],"picked":"Coolheaded","floor":13}],"player_experience":177750,"relics_obtained":[{"floor":6,"key":"Oddly Smooth Stone"},{"floor":9,"key":"Strawberry"}],"event_choices":[{"event_name":"Living Wall","player_choice":"Change","floor":5,"damage_taken":0},{"event_name":"Golden Wing","player_choice":"Card Removal","floor":8,"damage_taken":0},{"event_name":"FaceTrader","player_choice":"Trade","floor":12,"damage_taken":0}],"boss_relics":[],"items_purged_floors":[10],"is_endless":false,"potions_floor_spawned":[2,3,6,13],"killed_by":"Gremlin Gang","ascension_level":0}