{"gold_per_floor":[119,130,16,34,44,44,64,76,100,100,100,100,129,29,29,103,103,120,135,135],"floor_reached":20,"playtime":1159,"items_purged":["Strike_B","Strike_B"],"score":343,"play_id":"4b650e7e-b180-4db7-af5b-79b3a7bbfd29","local_time":"20190601205150","is_ascension_mode":true,"campfire_choices":[{"data":"Fusion","floor":6,"key":"SMITH"},{"data":"Zap","floor":10,"key":"SMITH"},{"data":"Reinforced Body","floor":12,"key":"SMITH"},{"data":"Ball Lightning","floor":15,"key":"SMITH"}],"neow_cost":"NONE","seed_source_timestamp":11315481850125,"circlet_count":0,"master_deck":["AscendersBane","Defend_B","Defend_B","Defend_B","Defend_B","Zap+1","Dualcast","Ball Lightning+1","White Noise","Fusion+1","Undo","Echo Form","Reinforced Body+1","Echo Form","Double Energy","Redo+1"],"relics":["Cracked Core","NeowsBlessing","Bronze Scales","Potion Belt","Empty Cage"],"potions_floor_usage":[8],"damage_taken":[{"damage":0,"enemies":"Cultist","floor":1,"turns":1},{"damage":0,"enemies":"2 Louse","floor":2,"turns":1},{"damage":0,"enemies":"Jaw Worm","floor":4,"turns":1},{"damage":6,"enemies":"Looter","floor":5,"turns":4},{"damage":12,"enemies":"2 Fungi Beasts","floor":7,"turns":3},{"damage":4,"enemies":"Red Slaver","floor":8,"turns":3},{"damage":10,"enemies":"3 Sentries","floor":13,"turns":6},{"damage":36,"enemies":"Slime Boss","floor":16,"turns":9},{"damage":26,"enemies":"Shell Parasite","floor":18,"turns":6},{"damage":17,"enemies":"2 Thieves","floor":19,"turns":4},{"damage":22,"enemies":"Sentry and Sphere","floor":20,"turns":3}],"seed_played":"4158360806290935500","potions_obtained":[{"floor":4,"key":"AttackPotion"},{"floor":16,"key":"SteroidPotion"},{"floor":18,"key":"Swift Potion"}],"is_trial":false,"path_per_floor":["M","M","$","M","M","R","M","M","T","R","?","R","E","$","R","B",null,"M","M","M"],"character_chosen":"DEFECT","items_purchased":["Fusion"],"campfire_rested":0,"item_purchase_floors":[3],"current_hp_per_floor":[64,64,64,64,58,58,46,42,42,42,65,65,55,55,55,19,58,32,15,0],"gold":135,"neow_bonus":"THREE_ENEMY_KILL","is_prod":false,"is_daily":false,"chose_seed":false,"campfire_upgraded":4,"win_rate":0,"timestamp":1559447510,"path_taken":["M","M","$","M","M","R","M","?","T","R","?","R","E","?","R","BOSS","M","M","M"],"build_version":"2019-01-23","purchased_purges":2,"victory":false,"max_hp_per_floor":[71,71,71,71,71,71,71,71,71,71,71,71,71,71,71,71,71,71,71,71],"card_choices":[{"not_picked":["Sweeping Beam","Rebound"],"picked":"Ball Lightning","floor":1},{"not_picked":["Blizzard","Redo"],"picked":"White Noise","floor":2},{"not_picked":["Consume","Go for the Eyes"],"picked":"Undo","floor":4},{"not_picked":["Compile Driver","Go for the Eyes","Gash"],"picked":"SKIP","floor":5},{"not_picked":["Static Discharge","Stack"],"picked":"Echo Form","floor":7},{"not_picked":["Sweeping Beam","Recycle"],"picked":"Reinforced Body","floor":8},{"not_picked":["Barrage","Conserve Battery","Compile Driver"],"picked":"SKIP","floor":13},{"not_picked":["Multi-Cast","Amplify"],"picked":"Echo Form","floor":16},{"not_picked":["Cold Snap","Beam Cell"],"picked":"Double Energy","floor":18},{"not_picked":["Chaos","Gash"],"picked":"Redo+1","floor":19}],"player_experience":810233,"relics_obtained":[{"floor":9,"key":"Bronze Scales"},{"floor":13,"key":"Potion Belt"}],"event_choices":[{"damage_healed":23,"gold_gain":0,"player_choice":"Banana","damage_taken":0,"max_hp_gain":0,"max_hp_loss":0,"event_name":"Big Fish","floor":11,"gold_loss":0}],"is_beta":false,"boss_relics":[{"not_picked":["Black Star","Velvet Choker"],"picked":"Empty Cage"}],"items_purged_floors":[3,14],"is_endless":false,"potions_floor_spawned":[4,16,18],"killed_by":"Sentry and Sphere","ascension_level":19}