{"gold_per_floor":[119,119,136,211,211,236,255,255,255,285,285,285,285,285,285,356,356,370,383,11,27,47,81,81,115,142,155,32,48,48,58,58,133,133,150,150,24,34,50,76,76,76,76,76,90,40,40,58,58,58,58,58,8,43,43],"floor_reached":55,"playtime":14540,"items_purged":["Strike_G","Strike_G","Strike_G","Strike_G"],"score":1260,"play_id":"25c5b047-7a9f-4d22-b130-d2a4ff3855cf","local_time":"20190514213032","is_ascension_mode":true,"campfire_choices":[{"data":"Glass Knife","floor":8,"key":"SMITH"},{"data":"Well Laid Plans","floor":11,"key":"SMITH"},{"data":"Neutralize","floor":13,"key":"SMITH"},{"floor":15,"key":"RECALL"},{"data":"Skewer","floor":30,"key":"SMITH"},{"data":"Phantasmal Killer","floor":32,"key":"SMITH"},{"data":"Glass Knife","floor":41,"key":"SMITH"},{"floor":44,"key":"REST"},{"floor":47,"key":"REST"},{"data":"Survivor","floor":49,"key":"SMITH"},{"data":"Dagger Throw","floor":52,"key":"SMITH"}],"neow_cost":"NONE","seed_source_timestamp":633689064032256,"circlet_count":0,"master_deck":["AscendersBane","Defend_G","Defend_G","Defend_G","Defend_G","Defend_G","Survivor+1","Neutralize+1","Endless Agony+1","Dagger Throw+1","Glass Knife+1","Well Laid Plans+1","Phantasmal Killer+1","Deflect","Footwork+1","Skewer+1","Caltrops+1","After Image+1","Noxious Fumes+1","Crippling Poison+1","Glass Knife+1","Backflip+1","Bouncing Flask+1","Backflip+1","Caltrops+1","Footwork+1","Catalyst+1","PiercingWail+1","Terror+1"],"relics":["Ring of the Snake","NeowsBlessing","Strawberry","Vajra","Frozen Egg 2","Velvet Choker","Mummified Hand","Calipers","Meat on the Bone","Toxic Egg 2","Smiling Mask","Orrery","The Courier","Pen Nib","Bronze Scales"],"potions_floor_usage":[10,21,23,33,33,40,50,50,55],"damage_taken":[{"damage":0,"enemies":"Small Slimes","floor":1,"turns":1},{"damage":0,"enemies":"2 Louse","floor":3,"turns":1},{"damage":0,"enemies":"Lagavulin","floor":6,"turns":1},{"damage":0,"enemies":"Jaw Worm","floor":7,"turns":3},{"damage":24,"enemies":"3 Sentries","floor":10,"turns":9},{"damage":2,"enemies":"The Guardian","floor":16,"turns":13},{"damage":1,"enemies":"Shell Parasite","floor":18,"turns":3},{"damage":4,"enemies":"3 Byrds","floor":19,"turns":5},{"damage":7,"enemies":"Cultist and Chosen","floor":21,"turns":5},{"damage":19,"enemies":"Centurion and Healer","floor":22,"turns":4},{"damage":20,"enemies":"Book of Stabbing","floor":23,"turns":5},{"damage":5,"enemies":"Gremlin Leader","floor":25,"turns":10},{"damage":8,"enemies":"Shelled Parasite and Fungi","floor":27,"turns":5},{"damage":0,"enemies":"Snecko","floor":29,"turns":4},{"damage":6,"enemies":"3 Cultists","floor":31,"turns":5},{"damage":33,"enemies":"Collector","floor":33,"turns":10},{"damage":0,"enemies":"Orb Walker","floor":35,"turns":3},{"damage":20,"enemies":"3 Darklings","floor":38,"turns":4},{"damage":0,"enemies":"Jaw Worm Horde","floor":39,"turns":3},{"damage":17,"enemies":"Reptomancer","floor":40,"turns":7},{"damage":33,"enemies":"Transient","floor":45,"turns":5},{"damage":24,"enemies":"Spire Growth","floor":48,"turns":5},{"damage":31,"enemies":"Donu and Deca","floor":50,"turns":9},{"damage":23,"enemies":"Shield and Spear","floor":54,"turns":6},{"damage":48,"enemies":"The Heart","floor":55,"turns":2}],"seed_played":"-171583374402209181","potions_obtained":[{"floor":6,"key":"AttackPotion"},{"floor":7,"key":"GhostInAJar"},{"floor":16,"key":"LiquidBronze"},{"floor":23,"key":"Strength Potion"},{"floor":27,"key":"GhostInAJar"},{"floor":33,"key":"EssenceOfSteel"},{"floor":40,"key":"Poison Potion"},{"floor":45,"key":"GhostInAJar"},{"floor":54,"key":"AttackPotion"}],"is_trial":false,"path_per_floor":["M","?","M","?","?","E","M","R","T","E","R","T","R","?","R","B",null,"M","M","$","M","M","E","T","E","T","M","$","M","R","M","R","B",null,"M","?","$","M","M","E","R","?","T","R","M","$","R","M","R","B",null,"R","$","E","B"],"character_chosen":"THE_SILENT","items_purchased":["Footwork+1","Skewer","Mummified Hand","Crippling Poison+1","Caltrops+1"],"campfire_rested":2,"item_purchase_floors":[20,20,20,28,37],"current_hp_per_floor":[59,52,52,41,63,70,70,70,70,46,46,46,46,46,46,44,66,65,61,61,54,35,15,15,22,22,26,26,38,38,44,44,23,61,61,61,61,41,41,36,36,36,36,57,36,36,57,45,45,26,61,61,61,38,0],"gold":43,"neow_bonus":"THREE_ENEMY_KILL","is_prod":false,"is_daily":false,"chose_seed":false,"campfire_upgraded":8,"win_rate":0,"timestamp":1557883832,"path_taken":["M","?","M","?","?","E","M","R","T","E","R","?","R","?","R","BOSS","M","M","$","M","M","E","?","E","T","M","$","M","R","M","R","BOSS","M","?","$","M","M","E","R","?","T","R","M","$","R","M","R","BOSS","R","$","E","BOSS"],"build_version":"2019-01-23","purchased_purges":4,"victory":false,"max_hp_per_floor":[66,66,66,66,66,73,73,73,73,73,73,73,73,73,73,73,73,73,73,73,73,73,73,73,73,73,73,73,73,73,73,73,73,73,73,73,73,73,73,73,73,73,73,73,73,73,73,73,73,73,73,73,73,73,73],"card_choices":[{"not_picked":["Dagger Spray","Outmaneuver"],"picked":"Endless Agony","floor":1},{"not_picked":["Prepared","Tactician"],"picked":"Dagger Throw","floor":3},{"not_picked":["Eviscerate","Blur"],"picked":"Glass Knife","floor":6},{"not_picked":["Concentrate","Sucker Punch","Predator"],"picked":"SKIP","floor":7},{"not_picked":["Corpse Explosion","Setup"],"picked":"Well Laid Plans","floor":10},{"not_picked":["Tools of the Trade+1","Grand Finale"],"picked":"Phantasmal Killer","floor":16},{"not_picked":["Flying Knee","Blade Dance"],"picked":"Deflect","floor":18},{"not_picked":["Underhanded Strike","Finisher","Deflect"],"picked":"SKIP","floor":19},{"not_picked":["Acrobatics","Underhanded Strike"],"picked":"Caltrops+1","floor":21},{"not_picked":["Sucker Punch","Tactician"],"picked":"Dodge and Roll","floor":22},{"not_picked":["Quick Slash","Deflect"],"picked":"After Image+1","floor":23},{"not_picked":["Acrobatics","Predator"],"picked":"Noxious Fumes+1","floor":25},{"not_picked":["Escape Plan+1","Distraction+1","Reflex+1"],"picked":"SKIP","floor":27},{"not_picked":["Quick Slash","Bane","Cloak And Dagger+1"],"picked":"SKIP","floor":29},{"not_picked":["Deflect+1","Quick Slash","Underhanded Strike"],"picked":"SKIP","floor":31},{"not_picked":["A Thousand Cuts+1","Adrenaline+1"],"picked":"Glass Knife","floor":33},{"not_picked":["Tactician+1","Sucker Punch"],"picked":"Backflip+1","floor":34},{"not_picked":["Predator","Skewer"],"picked":"Bouncing Flask+1","floor":34},{"not_picked":["Concentrate+1","A Thousand Cuts+1"],"picked":"Backflip+1","floor":35},{"not_picked":["Expertise+1","Dagger Spray+1"],"picked":"Footwork+1","floor":38},{"not_picked":["Heel Hook","Noxious Fumes+1"],"picked":"Catalyst+1","floor":39},{"not_picked":["Backflip+1","Cloak And Dagger+1"],"picked":"PiercingWail+1","floor":40},{"not_picked":["Quick Slash","Heel Hook","All Out Attack"],"picked":"SKIP","floor":45},{"not_picked":["Expertise+1","Underhanded Strike","Acrobatics+1"],"picked":"SKIP","floor":48},{"not_picked":["Dodge and Roll+1","Underhanded Strike"],"picked":"Terror+1","floor":54}],"player_experience":2146386,"relics_obtained":[{"floor":6,"key":"Strawberry"},{"floor":10,"key":"Vajra"},{"floor":12,"key":"Frozen Egg 2"},{"floor":23,"key":"Calipers"},{"floor":24,"key":"Meat on the Bone"},{"floor":25,"key":"Toxic Egg 2"},{"floor":26,"key":"Smiling Mask"},{"floor":40,"key":"The Courier"},{"floor":43,"key":"Pen Nib"},{"floor":54,"key":"Bronze Scales"}],"event_choices":[{"cards_removed":["Strike_G"],"damage_healed":0,"gold_gain":0,"player_choice":"Card Removal","damage_taken":7,"max_hp_gain":0,"max_hp_loss":0,"event_name":"Golden Wing","floor":2,"gold_loss":0},{"damage_healed":0,"gold_gain":75,"player_choice":"Gather Gold","damage_taken":11,"max_hp_gain":0,"max_hp_loss":0,"event_name":"World of Goop","floor":4,"gold_loss":0},{"damage_healed":22,"gold_gain":0,"player_choice":"Banana","damage_taken":0,"max_hp_gain":0,"max_hp_loss":0,"event_name":"Big Fish","floor":5,"gold_loss":0},{"damage_healed":0,"gold_gain":0,"player_choice":"Forge","damage_taken":0,"max_hp_gain":0,"max_hp_loss":0,"event_name":"Accursed Blacksmith","floor":14,"gold_loss":0,"cards_upgraded":["Endless Agony"]},{"cards_removed":["Dodge and Roll"],"damage_healed":0,"gold_gain":0,"player_choice":"Removed Skill","damage_taken":0,"max_hp_gain":0,"max_hp_loss":0,"event_name":"Falling","floor":36,"gold_loss":0},{"damage_healed":0,"gold_gain":0,"player_choice":"Ignored","damage_taken":0,"max_hp_gain":0,"max_hp_loss":0,"event_name":"Mysterious Sphere","floor":42,"gold_loss":0}],"is_beta":false,"boss_relics":[{"not_picked":["WristBlade","Runic Pyramid"],"picked":"Velvet Choker"},{"not_picked":["Sozu","Coffee Dripper"],"picked":"Orrery"}],"items_purged_floors":[28,37,46,53],"is_endless":false,"potions_floor_spawned":[6,7,16,18,23,27,29,33,40,45,54],"killed_by":"The Heart","ascension_level":15}