{"gold_per_floor":[118,132,143,159,11,11,11,11,11,11,45,62,62,80,80,183,183,200,200,200,218,229,229,142,167,167,195,210,222,239,34,34,130,130,141,141,141,154,77,77,90,40,109,109,123,139,139,158,158,158],"floor_reached":51,"playtime":1712,"items_purged":["Defend_R","Strike_R","Strike_R","Coolheaded","Sweeping Beam"],"score":691,"play_id":"e0c76ca0-3d0a-45a3-ab88-862f662e9d4d","local_time":"20180706125609","daily_mods":["Diverse"],"is_ascension_mode":false,"campfire_choices":[{"data":"Beam Cell","floor":7,"key":"SMITH"},{"data":"Genetic Algorithm","floor":10,"key":"SMITH"},{"data":"Cloak And Dagger","floor":13,"key":"SMITH"},{"data":"Accuracy","floor":15,"key":"SMITH"},{"data":"Spot Weakness","floor":23,"key":"SMITH"},{"data":"Bash","floor":32,"key":"SMITH"},{"data":"Apotheosis","floor":40,"key":"SMITH"},{"data":"Secret Technique","floor":47,"key":"SMITH"},{"data":"Infinite Blades","floor":49,"key":"SMITH"}],"neow_cost":"","seed_source_timestamp":88979596059609,"circlet_count":0,"master_deck":["Defend_R+1","Defend_R+1","Bash+1","Beam Cell+1","Cloak And Dagger+1","Genetic Algorithm+1","Accuracy+1","Cleave","Infernal Blade","Melter","Reaper","Predator+1","Melter+1","Melter+1","BootSequence","Spot Weakness+1","Infinite Blades+1","Sunder+1","Dagger Spray","Sucker Punch","Prepared","Hyperbeam","Bandage Up","Secret Technique+1","Apotheosis+1","Dagger Spray+1","Cold Snap","Self Repair","Cloak And Dagger","Spot Weakness+1","Disarm+1"],"relics":["Burning Blood","Smiling Mask","Pantograph","Astrolabe","Bronze Scales","Vajra","Darkstone Periapt","Anchor","White Beast Statue","Letter Opener"],"potions_floor_usage":[14,16,25,25,33,38,38,41,46,50,50],"damage_taken":[{"damage":12,"enemies":"Cultist","floor":1,"turns":5},{"damage":0,"enemies":"Small Slimes","floor":2,"turns":4},{"damage":2,"enemies":"Jaw Worm","floor":3,"turns":3},{"damage":15,"enemies":"Blue Slaver","floor":4,"turns":4},{"damage":22,"enemies":"Lagavulin","floor":11,"turns":8},{"damage":8,"enemies":"Exordium Wildlife","floor":12,"turns":4},{"damage":3,"enemies":"3 Louse","floor":14,"turns":2},{"damage":25,"enemies":"The Guardian","floor":16,"turns":13},{"damage":10,"enemies":"2 Thieves","floor":18,"turns":4},{"damage":7,"enemies":"Shell Parasite","floor":21,"turns":3},{"damage":7,"enemies":"Snecko","floor":22,"turns":4},{"damage":26,"enemies":"Slavers","floor":25,"turns":5},{"damage":9,"enemies":"Gremlin Leader","floor":27,"turns":6},{"damage":8,"enemies":"Centurion and Healer","floor":28,"turns":6},{"damage":6,"enemies":"Cultist and Chosen","floor":29,"turns":6},{"damage":2,"enemies":"Chosen and Byrds","floor":30,"turns":4},{"damage":44,"enemies":"Collector","floor":33,"turns":8},{"damage":6,"enemies":"Orb Walker","floor":35,"turns":3},{"damage":10,"enemies":"3 Shapes","floor":38,"turns":4},{"damage":0,"enemies":"3 Darklings","floor":41,"turns":3},{"damage":14,"enemies":"4 Shapes","floor":45,"turns":2},{"damage":29,"enemies":"Sphere and 2 Shapes","floor":46,"turns":4},{"damage":7,"enemies":"3 Darklings","floor":48,"turns":2},{"damage":102,"enemies":"Donu and Deca","floor":50,"turns":8}],"seed_played":"-7974315148054010144","potions_obtained":[{"floor":3,"key":"Dexterity Potion"},{"floor":11,"key":"BloodPotion"},{"floor":16,"key":"EssenceOfSteel"},{"floor":21,"key":"Fire Potion"},{"floor":28,"key":"Swift Potion"},{"floor":30,"key":"Block Potion"},{"floor":33,"key":"SpeedPotion"},{"floor":35,"key":"Block Potion"},{"floor":38,"key":"Energy Potion"},{"floor":41,"key":"FairyPotion"},{"floor":45,"key":"SteroidPotion"},{"floor":46,"key":"EssenceOfSteel"},{"floor":48,"key":"Energy Potion"}],"is_trial":true,"path_per_floor":["M","M","M","M","$","?","R","?","T","R","E","M","R","M","R","B",null,"M","?","?","M","M","R","$","E","T","E","M","M","M","$","R","B",null,"M","?","?","M","$","R","M","$","T","?","M","M","R","M","R","B"],"character_chosen":"IRONCLAD","items_purchased":["Accuracy","Infinite Blades","Anchor","Cold Snap"],"campfire_rested":0,"item_purchase_floors":[5,24,31,39],"current_hp_per_floor":[74,80,80,71,71,55,55,55,55,55,39,37,37,48,48,54,80,76,76,76,75,78,78,78,65,65,79,78,80,80,80,80,42,80,80,80,70,78,78,78,80,80,80,80,72,64,64,67,67,14],"gold":158,"neow_bonus":"","is_prod":false,"is_daily":false,"chose_seed":false,"campfire_upgraded":9,"win_rate":0,"timestamp":1530874569,"path_taken":["M","M","M","M","$","?","R","?","T","R","E","M","R","M","R","BOSS","M","?","?","?","M","R","$","E","T","E","M","?","M","$","R","BOSS","M","?","?","M","$","R","M","$","T","?","?","M","R","?","R","BOSS"],"build_version":"2018-07-05","purchased_purges":5,"victory":true,"max_hp_per_floor":[80,80,80,80,80,80,80,80,80,80,80,80,80,80,80,80,80,80,80,80,80,80,80,80,80,80,80,80,80,80,80,80,80,80,80,80,80,80,80,80,80,80,80,80,80,80,80,80,80,80],"card_choices":[{"not_picked":["Stack","Evolve"],"picked":"Beam Cell","floor":1},{"not_picked":["Headbutt","Go for the Eyes"],"picked":"Cloak And Dagger","floor":2},{"not_picked":["Sucker Punch","Havoc"],"picked":"Sweeping Beam","floor":3},{"not_picked":["Pommel Strike","Sword Boomerang"],"picked":"Genetic Algorithm","floor":4},{"not_picked":["Doom and Gloom","Blur"],"picked":"Cleave","floor":11},{"not_picked":["Cold Snap","Poisoned Stab"],"picked":"Infernal Blade","floor":12},{"not_picked":["Seek","Redo"],"picked":"Melter","floor":14},{"not_picked":["Tactician","Juggernaut"],"picked":"Reaper","floor":16},{"not_picked":["Undo","Coolheaded"],"picked":"BootSequence","floor":18},{"not_picked":["Sucker Punch","Heavy Blade"],"picked":"Spot Weakness","floor":21},{"not_picked":["Sword Boomerang","Body Slam"],"picked":"Dodge and Roll+1","floor":22},{"not_picked":["Multi-Cast","Outmaneuver"],"picked":"Sunder+1","floor":25},{"not_picked":["Tactician","Twin Strike+1"],"picked":"Dagger Spray","floor":27},{"not_picked":["Sweeping Beam+1","Perfected Strike"],"picked":"Sucker Punch","floor":28},{"not_picked":["Battle Trance+1","Reinforced Body+1"],"picked":"Coolheaded","floor":29},{"not_picked":["Shrug It Off+1","Consume"],"picked":"Prepared","floor":30},{"not_picked":["Reaper","All For One"],"picked":"Hyperbeam","floor":33},{"not_picked":["Heavy Blade","Warcry","Rupture+1"],"picked":"SKIP","floor":35},{"not_picked":["Blind","Trip"],"picked":"Bandage Up","floor":37},{"not_picked":["Good Instincts","Deep Breath"],"picked":"Secret Technique","floor":37},{"not_picked":["Swift Strike","Secret Weapon"],"picked":"Apotheosis","floor":37},{"not_picked":["Go for the Eyes","Redo+1"],"picked":"Dagger Spray+1","floor":38},{"not_picked":["Streamline+1","Limit Break"],"picked":"Self Repair","floor":41},{"not_picked":["Prepared+1","Flame Barrier+1"],"picked":"Cloak And Dagger","floor":45},{"not_picked":["Second Wind+1","Slice"],"picked":"Spot Weakness+1","floor":46},{"not_picked":["Deflect+1","Spot Weakness+1"],"picked":"Disarm+1","floor":48}],"player_experience":81816,"relics_obtained":[{"floor":9,"key":"Smiling Mask"},{"floor":11,"key":"Pantograph"},{"floor":25,"key":"Bronze Scales"},{"floor":26,"key":"Vajra"},{"floor":27,"key":"Darkstone Periapt"},{"floor":43,"key":"Letter Opener"}],"event_choices":[{"event_name":"Shining Light","player_choice":"Entered Light","floor":6,"damage_taken":0},{"event_name":"The Cleric","player_choice":"Leave","floor":8,"damage_taken":0},{"event_name":"Vampires","player_choice":"Ignored","floor":19,"damage_taken":0},{"event_name":"Back to Basics","player_choice":"Elegance","floor":20,"damage_taken":0},{"event_name":"Falling","player_choice":"Removed Skill","floor":36,"damage_taken":0},{"event_name":"SensoryStone","player_choice":"Memory 3","floor":37,"damage_taken":0},{"event_name":"Match and Keep!","player_choice":"0 cards matched","floor":44,"damage_taken":0}],"boss_relics":[{"not_picked":["Busted Crown","Runic Cube"],"picked":"Astrolabe"},{"not_picked":["Runic Pyramid","Pandora\u0027s Box"],"picked":"White Beast Statue"}],"items_purged_floors":[5,24,31,39,42],"is_endless":false,"potions_floor_spawned":[3,11,16,21,28,30,33,35,38,41,45,46,48],"ascension_level":0}