{"gold_per_floor":[112,128,139,214,225,225,175,201,201,218,243,77,77,91,91,187,187,206,206,223,29,42,42,69,69,69,69,101,23,23,42,42,145,145,160,171,59,74,93,93,25,25,25,25],"floor_reached":44,"playtime":2230,"items_purged":["Parasite"],"score":448,"play_id":"c9c7f4d0-8670-42e6-a1bf-071c318a0e73","local_time":"20190421230437","is_ascension_mode":false,"campfire_choices":[{"data":"Disarm","floor":6.0,"key":"SMITH"},{"floor":13.0,"key":"REST"},{"floor":15.0,"key":"RECALL"},{"floor":23.0,"key":"REST"},{"data":"Berserk","floor":25.0,"key":"SMITH"},{"floor":30.0,"key":"REST"},{"data":"Metamorphosis","floor":32.0,"key":"SMITH"},{"floor":40.0,"key":"REST"}],"neow_cost":"NONE","seed_source_timestamp":582355517242552,"circlet_count":0,"master_deck":["Strike_R","Strike_R","Strike_R","Strike_R","Defend_R","Defend_R","Defend_R","Defend_R","Bash","Whirlwind","Disarm+1","Battle Trance","Rampage","Metamorphosis+1","Exhume","Flex+1","Berserk+1","Inflame","Cloak And Dagger","Darkness","Disarm","Thunderclap","The Bomb","Sunder","Auto Shields+1","Metallicize","Coolheaded","Spot Weakness","Injury"],"special_seed":0,"relics":["Burning Blood","Red Skull","Pantograph","Odd Mushroom","Cursed Key","Nloth\u0027s Gift","PrismaticShard","Art of War","Anchor","Black Star","Blue Candle"],"potions_floor_usage":[44],"damage_taken":[{"damage":12.0,"enemies":"Small Slimes","floor":1.0,"turns":5.0},{"damage":1.0,"enemies":"Cultist","floor":2.0,"turns":3.0},{"damage":9.0,"enemies":"2 Louse","floor":3.0,"turns":3.0},{"damage":20.0,"enemies":"Looter","floor":5.0,"turns":3.0},{"damage":48.0,"enemies":"3 Sentries","floor":8.0,"turns":8.0},{"damage":9.0,"enemies":"Exordium Thugs","floor":10.0,"turns":3.0},{"damage":0.0,"enemies":"The Mushroom Lair","floor":11.0,"turns":1.0},{"damage":5.0,"enemies":"Lots of Slimes","floor":14.0,"turns":2.0},{"damage":36.0,"enemies":"Hexaghost","floor":16.0,"turns":6.0},{"damage":29.0,"enemies":"Spheric Guardian","floor":18.0,"turns":5.0},{"damage":19.0,"enemies":"Shell Parasite","floor":20.0,"turns":6.0},{"damage":4.0,"enemies":"Centurion and Healer","floor":22.0,"turns":5.0},{"damage":23.0,"enemies":"Book of Stabbing","floor":24.0,"turns":4.0},{"damage":44.0,"enemies":"Gremlin Leader","floor":28.0,"turns":7.0},{"damage":8.0,"enemies":"Chosen and Byrds","floor":31.0,"turns":6.0},{"damage":56.0,"enemies":"Champ","floor":33.0,"turns":10.0},{"damage":33.0,"enemies":"3 Darklings","floor":35.0,"turns":5.0},{"damage":24.0,"enemies":"3 Shapes","floor":36.0,"turns":9.0},{"damage":13.0,"enemies":"Jaw Worm Horde","floor":38.0,"turns":5.0},{"damage":5.0,"enemies":"4 Shapes","floor":39.0,"turns":5.0},{"damage":59,"enemies":"Reptomancer","floor":44,"turns":5}],"seed_played":"-2701988256702963234","potions_obtained":[{"floor":1.0,"key":"Poison Potion"},{"floor":2.0,"key":"Poison Potion"},{"floor":8.0,"key":"Strength Potion"},{"floor":11.0,"key":"Poison Potion"},{"floor":20.0,"key":"PowerPotion"},{"floor":27.0,"key":"Fire Potion"},{"floor":27.0,"key":"Ancient Potion"},{"floor":27.0,"key":"PowerPotion"},{"floor":28.0,"key":"SkillPotion"},{"floor":33.0,"key":"Weak Potion"},{"floor":35.0,"key":"Weak Potion"}],"is_trial":false,"path_per_floor":["M","M","M","?","M","R","?","E","T","M","?","$","R","M","R","B",null,"M","?","M","$","M","R","E","R","T","?","E","$","R","M","R","B",null,"M","M","$","M","M","R","$","?","T","E"],"character_chosen":"IRONCLAD","items_purchased":["Metamorphosis","PrismaticShard","Disarm","Metallicize","Spot Weakness"],"campfire_rested":4,"item_purchase_floors":[12,21,29,37,41],"current_hp_per_floor":[74,79,76,68,54,54,54,12,12,9,15,15,39,40,40,35,80,57,57,44,44,46,70,53,53,53,53,15,15,39,37,37,12,80,53,35,35,28,29,52,52,52,52,0],"gold":25,"neow_bonus":"RANDOM_COMMON_RELIC","is_prod":false,"is_daily":false,"chose_seed":false,"campfire_upgraded":3,"win_rate":0,"timestamp":1555880677,"path_taken":["M","M","M","?","?","R","?","E","T","M","?","$","R","M","R","BOSS","M","?","M","?","?","R","E","R","T","?","E","$","R","M","R","BOSS","M","?","$","M","M","R","$","?","T","E"],"build_version":"2019-01-23","purchased_purges":1,"victory":false,"max_hp_per_floor":[80,80,80,80,80,80,80,80,80,80,80,80,80,80,80,80,80,80,80,80,80,80,80,80,80,80,80,80,80,80,80,80,80,80,80,80,77,77,77,77,77,77,77,77],"card_choices":[{"not_picked":["Wild Strike","Sever Soul"],"picked":"Whirlwind","floor":1.0},{"not_picked":["Clash","Feel No Pain"],"picked":"Disarm","floor":2.0},{"not_picked":["Corruption","Clash","Perfected Strike"],"picked":"SKIP","floor":3.0},{"not_picked":["True Grit","Uppercut"],"picked":"Battle Trance","floor":5.0},{"not_picked":["Dropkick","Feel No Pain","Seeing Red"],"picked":"SKIP","floor":8.0},{"not_picked":["Intimidate","Heavy Blade"],"picked":"Rampage","floor":10.0},{"not_picked":["Power Through","Sentinel","Wild Strike"],"picked":"SKIP","floor":14.0},{"not_picked":["Offering","Juggernaut"],"picked":"Exhume","floor":16.0},{"not_picked":["Rupture","Twin Strike"],"picked":"Flex+1","floor":18.0},{"not_picked":["Cleave","Flame Barrier"],"picked":"Berserk","floor":20.0},{"not_picked":["Double Energy","Poisoned Stab"],"picked":"Inflame","floor":22.0},{"not_picked":["Twin Strike+1","PiercingWail+1"],"picked":"Cloak And Dagger","floor":24.0},{"not_picked":["Flex","Panache"],"picked":"Darkness","floor":28.0},{"not_picked":["Pommel Strike","Gash"],"picked":"Thunderclap","floor":31.0},{"not_picked":["Grand Finale","Exhume"],"picked":"The Bomb","floor":33.0},{"not_picked":["Eviscerate","Bandage Up+1"],"picked":"Sunder","floor":35.0},{"not_picked":["Redo","Prepared"],"picked":"Auto Shields+1","floor":36.0},{"not_picked":["Havoc+1","Storm+1","Clash"],"picked":"SKIP","floor":38.0},{"not_picked":["Perfected Strike","Turbo+1"],"picked":"Coolheaded","floor":39.0}],"player_experience":245836,"relics_obtained":[{"floor":8.0,"key":"Letter Opener"},{"floor":9.0,"key":"Pantograph"},{"floor":11.0,"key":"Odd Mushroom"},{"floor":24.0,"key":"Art of War"},{"floor":28.0,"key":"Anchor"},{"floor":43.0,"key":"Blue Candle"}],"event_choices":[{"damage_healed":0.0,"max_hp_gain":0.0,"max_hp_loss":0.0,"gold_gain":75.0,"event_name":"FaceTrader","player_choice":"Touch","floor":4.0,"gold_loss":0.0,"damage_taken":8.0},{"cards_removed":["Strike_R"],"damage_healed":0.0,"max_hp_gain":0.0,"max_hp_loss":0.0,"gold_gain":0.0,"event_name":"The Cleric","player_choice":"Card Removal","floor":7.0,"gold_loss":50.0,"damage_taken":0.0},{"damage_healed":0.0,"max_hp_gain":0.0,"max_hp_loss":0.0,"gold_gain":0.0,"event_name":"Mushrooms","player_choice":"Fought Mushrooms","floor":11.0,"gold_loss":0.0,"damage_taken":0.0},{"damage_healed":0.0,"max_hp_gain":0.0,"max_hp_loss":0.0,"gold_gain":0.0,"event_name":"N\u0027loth","player_choice":"Traded Relic","floor":19.0,"relics_lost":["Letter Opener"],"gold_loss":0.0,"damage_taken":0.0,"relics_obtained":["Nloth\u0027s Gift"]},{"damage_healed":0.0,"max_hp_gain":0.0,"max_hp_loss":0.0,"gold_gain":0.0,"event_name":"Lab","player_choice":"Got Potions","floor":27.0,"gold_loss":0.0,"damage_taken":0.0},{"damage_healed":0.0,"max_hp_gain":0.0,"max_hp_loss":0.0,"gold_gain":0.0,"event_name":"Mysterious Sphere","player_choice":"Ignored","floor":42.0,"gold_loss":0.0,"damage_taken":0.0}],"is_beta":false,"boss_relics":[{"not_picked":["Coffee Dripper","Busted Crown"],"picked":"Cursed Key"},{"not_picked":["Runic Dome","Mark of Pain"],"picked":"Black Star"}],"items_purged_floors":[37],"is_endless":false,"potions_floor_spawned":[1,2,8,11,20,28,33,35],"killed_by":"Reptomancer","ascension_level":0}