{"gold_per_floor":[112,13,25,40,40,40,60,93,93,126,170,170,345,369,369,369],"floor_reached":16,"playtime":266,"items_purged":[],"score":110,"play_id":"7df96cc2-42ae-4059-92fb-7561206c65d6","local_time":"20181130213628","is_ascension_mode":false,"campfire_choices":[{"data":"Immolate","floor":6,"key":"SMITH"},{"floor":12,"key":"REST"},{"floor":15,"key":"REST"}],"neow_cost":"NONE","seed_source_timestamp":30207359103941,"circlet_count":0,"master_deck":["Strike_R","Strike_R","Strike_R","Strike_R","Strike_R","Defend_R","Defend_R","Defend_R","Defend_R","Bash","Thunderclap","Cleave","Flex","Immolate+1","Thunderclap","Doubt"],"relics":["Burning Blood","NeowsBlessing","Golden Idol","Dodecahedron","Matryoshka","Odd Mushroom","Ornamental Fan"],"potions_floor_usage":[8],"damage_taken":[{"damage":0,"enemies":"Cultist","floor":1,"turns":1},{"damage":0,"enemies":"2 Louse","floor":3,"turns":1},{"damage":0,"enemies":"Jaw Worm","floor":4,"turns":1},{"damage":0,"enemies":"3 Louse","floor":7,"turns":1},{"damage":16,"enemies":"Gremlin Nob","floor":8,"turns":3},{"damage":0,"enemies":"The Mushroom Lair","floor":10,"turns":1},{"damage":18,"enemies":"3 Sentries","floor":11,"turns":3},{"damage":7,"enemies":"2 Fungi Beasts","floor":14,"turns":2},{"damage":81,"enemies":"Hexaghost","floor":16,"turns":9}],"seed_played":"-4842990353625768280","potions_obtained":[{"floor":1,"key":"Ancient Potion"},{"floor":7,"key":"Swift Potion"},{"floor":10,"key":"SteroidPotion"}],"is_trial":false,"path_per_floor":["M","$","M","M","?","R","M","E","T","?","E","R","?","M","R","B"],"character_chosen":"IRONCLAD","items_purchased":["Cleave","Flex"],"campfire_rested":2,"item_purchase_floors":[2,2],"current_hp_per_floor":[80,80,80,80,60,60,66,56,56,62,50,74,74,73,80,0],"gold":369,"neow_bonus":"THREE_ENEMY_KILL","is_prod":false,"is_daily":false,"chose_seed":false,"campfire_upgraded":1,"win_rate":0,"timestamp":1543610188,"path_taken":["M","$","?","M","?","R","M","E","T","?","E","R","?","M","R","BOSS"],"build_version":"2018-11-15","purchased_purges":0,"victory":false,"max_hp_per_floor":[80,80,80,80,80,80,80,80,80,80,80,80,80,80,80,80],"card_choices":[{"not_picked":["Pummel","Armaments"],"picked":"Thunderclap","floor":1},{"not_picked":["Carnage","Reckless Charge","Wild Strike"],"picked":"SKIP","floor":3},{"not_picked":["True Grit","Flex"],"picked":"Immolate","floor":4},{"not_picked":["Bloodletting","Perfected Strike","Wild Strike"],"picked":"SKIP","floor":7},{"not_picked":["Heavy Blade","Headbutt","Twin Strike"],"picked":"SKIP","floor":8},{"not_picked":["Sword Boomerang","Disarm"],"picked":"Thunderclap","floor":11},{"not_picked":["Clash","Entrench","Body Slam"],"picked":"SKIP","floor":14}],"player_experience":158847,"relics_obtained":[{"floor":8,"key":"Dodecahedron"},{"floor":9,"key":"Matryoshka"},{"floor":10,"key":"Odd Mushroom"},{"floor":11,"key":"Ornamental Fan"}],"event_choices":[{"damage_healed":0,"gold_gain":0,"player_choice":"Take Damage","damage_taken":20,"relics_obtained":["Golden Idol"],"max_hp_gain":0,"max_hp_loss":0,"event_name":"Golden Idol","floor":5,"gold_loss":0},{"damage_healed":0,"gold_gain":0,"player_choice":"Fought Mushrooms","damage_taken":0,"max_hp_gain":0,"max_hp_loss":0,"event_name":"Mushrooms","floor":10,"gold_loss":0},{"damage_healed":0,"gold_gain":175,"player_choice":"AGREE","damage_taken":0,"max_hp_gain":0,"max_hp_loss":0,"event_name":"Liars Game","floor":13,"gold_loss":0,"cards_obtained":["Doubt"]}],"is_beta":false,"boss_relics":[],"items_purged_floors":[],"is_endless":false,"potions_floor_spawned":[1,7,10],"killed_by":"Hexaghost","ascension_level":0}