{"gold_per_floor":[112,123,134,150,167,193,193,222,276,67,102,121,121,131,131,231,231,247,347,361,210,220,220,220,220,220,253,253],"floor_reached":28,"playtime":2660,"items_purged":[],"score":336,"play_id":"34bc0973-23fd-4e43-90bb-67c4f2cbae5e","local_time":"20190603134917","is_ascension_mode":true,"campfire_choices":[{"floor":7.0,"key":"REST"},{"data":"Machine Learning","floor":15.0,"key":"SMITH"},{"data":"Conserve Battery","floor":23.0,"key":"SMITH"},{"floor":25.0,"key":"REST"}],"neow_cost":"NONE","seed_source_timestamp":110305472654900,"circlet_count":0,"master_deck":["Strike_B","Strike_B","Strike_B","Defend_B","Defend_B","Defend_B","Defend_B","Zap","Dualcast","Cold Snap","Conserve Battery+1","Coolheaded","Capacitor","Ball Lightning","Cold Snap","Glacier","Machine Learning+1","Genetic Algorithm","Streamline","Cold Snap","Coolheaded+1","Glacier+1","Blizzard+1"],"special_seed":0,"relics":["Cracked Core","Lantern","Vajra","Juzu Bracelet","Lee\u0027s Waffle","Mummified Hand","Bag of Preparation","Nunchaku","Gremlin Horn","Dream Catcher","Matryoshka","Red Mask"],"potions_floor_usage":[27],"damage_taken":[{"damage":1.0,"enemies":"Cultist","floor":1.0,"turns":4.0},{"damage":3.0,"enemies":"Small Slimes","floor":2.0,"turns":3.0},{"damage":6.0,"enemies":"Jaw Worm","floor":3.0,"turns":4.0},{"damage":11.0,"enemies":"Exordium Wildlife","floor":4.0,"turns":7.0},{"damage":8.0,"enemies":"Gremlin Gang","floor":5.0,"turns":5.0},{"damage":20.0,"enemies":"Lagavulin","floor":6.0,"turns":9.0},{"damage":23.0,"enemies":"Gremlin Nob","floor":8.0,"turns":5.0},{"damage":11.0,"enemies":"Lagavulin","floor":11.0,"turns":10.0},{"damage":0.0,"enemies":"2 Fungi Beasts","floor":12.0,"turns":3.0},{"damage":12.0,"enemies":"Lots of Slimes","floor":14.0,"turns":4.0},{"damage":37.0,"enemies":"Hexaghost","floor":16.0,"turns":15.0},{"damage":11.0,"enemies":"Spheric Guardian","floor":18.0,"turns":10.0},{"damage":20.0,"enemies":"Colosseum Slavers","floor":19.0,"turns":7.0},{"damage":7.0,"enemies":"Colosseum Nobs","floor":19.0,"turns":4.0},{"damage":7.0,"enemies":"Chosen","floor":20.0,"turns":5.0},{"damage":5.0,"enemies":"3 Cultists","floor":22.0,"turns":7.0},{"damage":21,"enemies":"Masked Bandits","floor":27,"turns":6},{"damage":29,"enemies":"Book of Stabbing","floor":28,"turns":8}],"seed_played":"3693067519447425316","potions_obtained":[{"floor":2.0,"key":"Poison Potion"},{"floor":3.0,"key":"AttackPotion"},{"floor":4.0,"key":"Poison Potion"},{"floor":8.0,"key":"SkillPotion"},{"floor":18.0,"key":"FearPotion"},{"floor":20.0,"key":"Strength Potion"}],"is_trial":false,"path_per_floor":["M","M","M","M","M","E","R","E","T","$","E","M","?","M","R","B",null,"M","?","M","$","M","R","?","R","T","?","E"],"character_chosen":"DEFECT","items_purchased":["Lee\u0027s Waffle","Dream Catcher"],"campfire_rested":2,"item_purchase_floors":[10,21],"current_hp_per_floor":[74,71,65,54,46,26,50,27,27,89,78,78,78,66,66,29,74,63,36,29,29,24,24,24,50,50,29,0],"gold":253,"neow_bonus":"TEN_PERCENT_HP_BONUS","is_prod":false,"is_daily":false,"chose_seed":false,"campfire_upgraded":2,"win_rate":0,"timestamp":1559594957,"path_taken":["M","M","M","M","M","E","R","E","T","$","E","M","?","M","R","BOSS","M","?","M","$","M","R","?","R","T","?","E"],"build_version":"2019-01-23","purchased_purges":0,"victory":false,"max_hp_per_floor":[82,82,82,82,82,82,82,82,82,89,89,89,89,89,89,89,89,89,89,89,89,89,89,89,89,89,89,89],"card_choices":[{"not_picked":["Rebound","Redo"],"picked":"Cold Snap","floor":1.0},{"not_picked":["Compile Driver","Consume"],"picked":"Conserve Battery","floor":2.0},{"not_picked":["Steam","Stack"],"picked":"Coolheaded","floor":3.0},{"not_picked":["Compile Driver","Stack"],"picked":"Capacitor","floor":4.0},{"not_picked":["Hello World","Rebound"],"picked":"Ball Lightning","floor":5.0},{"not_picked":["Undo","Self Repair"],"picked":"Cold Snap","floor":6.0},{"not_picked":["Static Discharge","Seek"],"picked":"Glacier","floor":8.0},{"not_picked":["Gash","Rip and Tear"],"picked":"Machine Learning","floor":11.0},{"not_picked":["Undo","Capacitor","Chaos"],"picked":"SKIP","floor":12.0},{"not_picked":["Doom and Gloom","Fusion"],"picked":"Genetic Algorithm","floor":14.0},{"not_picked":["Ball Lightning","Turbo"],"picked":"Streamline","floor":18.0},{"not_picked":["Heatsinks+1","Barrage"],"picked":"Cold Snap","floor":19.0},{"not_picked":["Sweeping Beam","Compile Driver+1"],"picked":"Coolheaded+1","floor":20.0},{"not_picked":["Lockon","Coolheaded","Doom and Gloom"],"picked":"SKIP","floor":22.0},{"not_picked":["Ball Lightning","Fusion"],"picked":"Glacier+1","floor":25.0},{"not_picked":["Conserve Battery","Stack+1"],"picked":"Blizzard+1","floor":27}],"player_experience":241743,"relics_obtained":[{"floor":6.0,"key":"Lantern"},{"floor":8.0,"key":"Vajra"},{"floor":9.0,"key":"Juzu Bracelet"},{"floor":11.0,"key":"Mummified Hand"},{"floor":19.0,"key":"Nunchaku"},{"floor":19.0,"key":"Gremlin Horn"},{"floor":26.0,"key":"Matryoshka"},{"floor":27,"key":"Red Mask"}],"event_choices":[{"damage_healed":0.0,"max_hp_gain":0.0,"max_hp_loss":0.0,"gold_gain":0.0,"event_name":"WeMeetAgain","player_choice":"Gave Potion","floor":13.0,"gold_loss":0.0,"damage_taken":0.0,"relics_obtained":["Bag of Preparation"]},{"damage_healed":0.0,"max_hp_gain":0.0,"max_hp_loss":0.0,"gold_gain":0.0,"event_name":"Colosseum","player_choice":"Fight","floor":19.0,"gold_loss":0.0,"damage_taken":0.0},{"damage_healed":0.0,"max_hp_gain":0.0,"max_hp_loss":0.0,"gold_gain":0.0,"event_name":"Colosseum","player_choice":"Fought Nobs","floor":19.0,"gold_loss":0.0,"damage_taken":0.0},{"cards_removed":["Strike_B"],"damage_healed":0.0,"max_hp_gain":0.0,"max_hp_loss":0.0,"gold_gain":0.0,"event_name":"Bonfire Elementals","player_choice":"Offered Basic","floor":24.0,"gold_loss":0.0,"damage_taken":0.0},{"damage_healed":0,"gold_gain":0,"player_choice":"Fought Bandits","damage_taken":0,"max_hp_gain":0,"max_hp_loss":0,"event_name":"Masked Bandits","floor":27,"gold_loss":0}],"is_beta":false,"boss_relics":[{"not_picked":["Runic Dome","Snecko Eye","Velvet Choker"]}],"items_purged_floors":[],"is_endless":false,"potions_floor_spawned":[2,3,4,8,12,18,20],"killed_by":"Book of Stabbing","ascension_level":8}