{"path_per_floor":["M","?","?","$","?","E","R","E","T","?","M","E","M","E","R","B",null,"M","?","M","M","$","E","R","?","T","M","M","M","?","$","R","B",null,"M","?","?","$","M","R","M","M","T"],"character_chosen":"IRONCLAD","items_purchased":["Flash of Steel","Feel No Pain","Apotheosis","Letter Opener"],"gold_per_floor":[119,119,119,13,13,38,38,63,63,63,75,132,152,183,183,282,282,293,293,307,319,246,279,279,279,279,296,316,334,334,157,157,253,253,273,273,328,74,88,88,106,119,190,190],"floor_reached":44,"campfire_rested":1,"playtime":1963,"current_hp_per_floor":[80,68,52,52,52,58,58,64,64,69,75,78,84,85,85,22,85,85,85,85,85,85,67,67,67,67,76,72,63,63,63,63,35,92,82,70,50,50,33,60,36,18,18,0],"items_purged":[],"gold":190,"score":582,"play_id":"39c3e72a-6a7d-4d68-951a-d5fa32357889","local_time":"20180405232147","is_prod":false,"is_daily":false,"is_ascension_mode":true,"campfire_upgraded":4,"timestamp":1522938107,"path_taken":["M","?","?","$","?","E","R","E","T","?","M","E","M","E","R","BOSS","M","?","M","M","$","E","R","?","T","M","M","M","?","?","R","BOSS","M","?","?","$","M","R","M","?","T","E"],"build_version":"2018-03-29v2","purchased_purges":2,"victory":false,"master_deck":["Strike_R+1","Strike_R+1","Strike_R+1","Strike_R+1","Strike_R+1","Defend_R+1","Defend_R+1","Defend_R+1","Bash+1","Twin Strike","Flash of Steel","Twin Strike","Shrug It Off+1","Perfected Strike","Rampage+1","Double Tap+1","Inflame","Double Tap","Corruption+1","Warcry","Flex+1","Feel No Pain","Sever Soul+1","Flex+1","Heavy Blade","Dark Embrace","Apotheosis+1","Exhume","Parasite","Sword Boomerang+1","Madness","Madness","Thunderclap+1","Inflame","Dual Wield"],"max_hp_per_floor":[80,80,80,80,80,80,80,80,80,85,85,85,85,85,85,85,85,85,85,85,85,85,85,85,85,85,85,85,85,85,85,85,85,92,92,92,92,92,92,92,92,92,92,92],"relics":["Burning Blood","NeowsBlessing","Omamori","Thread and Needle","Sundial","Bird Faced Urn","Tiny Chest","Anchor","Mark of Pain","Ginger","War Paint","Torii","Calling Bell","Darkstone Periapt","Prayer Wheel","Strawberry","Peace Pipe","Letter Opener","Ornamental Fan"],"card_choices":[{"not_picked":["Iron Wave","Fire Breathing"],"picked":"Twin Strike","floor":1.0},{"not_picked":["Rage","Evolve"],"picked":"Shrug It Off","floor":6.0},{"not_picked":["Sword Boomerang","Armaments"],"picked":"Perfected Strike","floor":8.0},{"not_picked":["Fire Breathing","Entrench"],"picked":"Rampage","floor":11.0},{"not_picked":["Dual Wield","Power Through"],"picked":"Double Tap","floor":12.0},{"not_picked":["Battle Trance","Heavy Blade"],"picked":"Inflame","floor":13.0},{"not_picked":["Bludgeon","Barricade"],"picked":"Double Tap","floor":16.0},{"not_picked":["Flame Barrier","Wild Strike"],"picked":"Corruption","floor":18.0},{"not_picked":["Cleave","Corruption"],"picked":"Warcry","floor":20.0},{"not_picked":["Iron Wave","Sword Boomerang"],"picked":"Flex","floor":21.0},{"not_picked":["Rupture","Twin Strike"],"picked":"Sever Soul","floor":23.0},{"not_picked":["Blood for Blood","Anger"],"picked":"Flex","floor":27.0},{"not_picked":["Headbutt","Anger"],"picked":"Heavy Blade","floor":29.0},{"not_picked":["Immolate","Impervious"],"picked":"Exhume","floor":33.0},{"not_picked":["Iron Wave","Thunderclap"],"picked":"Sword Boomerang","floor":35.0},{"not_picked":["Dark Embrace","Burning Pact"],"picked":"Thunderclap","floor":39.0},{"not_picked":["Iron Wave","Corruption"],"picked":"Inflame","floor":42},{"not_picked":["Power Through","Sever Soul"],"picked":"Dual Wield","floor":43}],"player_experience":111949,"potions_floor_usage":[44,44,44],"damage_taken":[{"damage":0.0,"enemies":"2 Louse","floor":1.0,"turns":1.0},{"damage":0.0,"enemies":"Gremlin Nob","floor":6.0,"turns":1.0},{"damage":0.0,"enemies":"Lagavulin","floor":8.0,"turns":1.0},{"damage":0.0,"enemies":"Jaw Worm","floor":11.0,"turns":3.0},{"damage":3.0,"enemies":"3 Sentries","floor":12.0,"turns":8.0},{"damage":0.0,"enemies":"Small Slimes","floor":13.0,"turns":3.0},{"damage":1.0,"enemies":"Gremlin Nob","floor":14.0,"turns":3.0},{"damage":71.0,"enemies":"Hexaghost","floor":16.0,"turns":8.0},{"damage":0.0,"enemies":"Spheric Guardian","floor":18.0,"turns":3.0},{"damage":0.0,"enemies":"Chosen","floor":20.0,"turns":3.0},{"damage":0.0,"enemies":"Snake Plant","floor":21.0,"turns":2.0},{"damage":28.0,"enemies":"Slavers","floor":23.0,"turns":5.0},{"damage":1.0,"enemies":"Snecko","floor":27.0,"turns":4.0},{"damage":12.0,"enemies":"Centurion and Healer","floor":28.0,"turns":4.0},{"damage":17.0,"enemies":"Slaver and Parasite","floor":29.0,"turns":4.0},{"damage":42.0,"enemies":"Collector","floor":33.0,"turns":5.0},{"damage":16.0,"enemies":"Orb Walker","floor":35.0,"turns":3.0},{"damage":32.0,"enemies":"신비한 구체","floor":37.0,"turns":5.0},{"damage":27.0,"enemies":"3 Shapes","floor":39.0,"turns":5.0},{"damage":36.0,"enemies":"Maw","floor":41.0,"turns":5.0},{"damage":30,"enemies":"4 Shapes","floor":42,"turns":4},{"damage":23,"enemies":"Nemesis","floor":44,"turns":2}],"event_choices":[{"event_name":"Scrap Ooze","player_choice":"success","floor":2.0,"damage_taken":12.0},{"event_name":"Shining Light","player_choice":"Entered Light","floor":3.0,"damage_taken":0.0},{"event_name":"Living Wall","player_choice":"Change","floor":5.0,"damage_taken":0.0},{"event_name":"Big Fish","player_choice":"Donut","floor":10.0,"damage_taken":0.0},{"event_name":"The Mausoleum","player_choice":"Yes","floor":19.0,"damage_taken":0.0},{"event_name":"Back to Basics","player_choice":"Simplicity","floor":25.0,"damage_taken":0.0},{"event_name":"Match and Keep!","player_choice":"1 cards matched","floor":30.0,"damage_taken":0.0},{"event_name":"Winding Halls","player_choice":"Embrace Madness","floor":36.0,"damage_taken":0.0},{"event_name":"Mysterious Sphere","player_choice":"Fight","floor":37.0,"damage_taken":0.0}],"boss_relics":[],"potions_floor_spawned":[8,12,14,16,18,21,27,29,35,41,42],"seed_played":"-931894216507689089","killed_by":"Nemesis","ascension_level":2,"is_trial":false}