{"gold_per_floor":[14,14,27,43,57,57,57,57,57,57,57,75,75,92,92,92],"floor_reached":16,"playtime":2931,"items_purged":[],"score":175,"play_id":"9a5b87a0-c7a2-4b57-bcdb-a5b171a85026","local_time":"20190527200926","is_ascension_mode":true,"campfire_choices":[{"floor":6,"key":"REST"},{"floor":8,"key":"REST"},{"floor":13,"key":"REST"},{"data":"Zap","floor":15,"key":"SMITH"}],"neow_cost":"NO_GOLD","seed_source_timestamp":230882833753674,"circlet_count":0,"master_deck":["AscendersBane","Strike_B","Strike_B","Defend_B","Defend_B+1","Defend_B","Defend_B+1","Zap+1","Dualcast","Pain","Coolheaded"],"relics":["Cracked Core","WarpedTongs","Orichalcum","Pocketwatch"],"potions_floor_usage":[16],"damage_taken":[{"damage":1,"enemies":"Cultist","floor":1,"turns":3},{"damage":4,"enemies":"Jaw Worm","floor":3,"turns":3},{"damage":5,"enemies":"2 Louse","floor":4,"turns":3},{"damage":42,"enemies":"Exordium Thugs","floor":5,"turns":6},{"damage":17,"enemies":"Blue Slaver","floor":12,"turns":3},{"damage":28,"enemies":"Exordium Wildlife","floor":14,"turns":4},{"damage":11,"enemies":"The Guardian","floor":16,"turns":4}],"seed_played":"8360986512908195909","potions_obtained":[{"floor":4,"key":"FocusPotion"},{"floor":12,"key":"SkillPotion"}],"is_trial":false,"path_per_floor":["M","?","M","M","M","R","?","R","T","T","$","M","R","M","R","B"],"character_chosen":"DEFECT","items_purchased":[],"campfire_rested":3,"item_purchase_floors":[],"current_hp_per_floor":[63,63,59,54,12,33,12,33,33,33,33,16,37,9,9,0],"gold":92,"neow_bonus":"REMOVE_TWO","is_prod":false,"is_daily":false,"chose_seed":false,"campfire_upgraded":1,"win_rate":0,"timestamp":1559012966,"path_taken":["M","?","?","M","M","R","?","R","T","?","$","?","R","M","R","BOSS"],"build_version":"2019-01-23","purchased_purges":0,"victory":false,"max_hp_per_floor":[71,71,71,71,71,71,71,71,71,71,71,71,71,71,71,71],"card_choices":[{"not_picked":["Leap","Go for the Eyes","Loop"],"picked":"SKIP","floor":1},{"not_picked":["Auto Shields","Rebound","Skim"],"picked":"SKIP","floor":3},{"not_picked":["Capacitor","Loop","Recycle"],"picked":"SKIP","floor":4},{"not_picked":["Capacitor","Loop","Recycle"],"picked":"SKIP","floor":4},{"not_picked":["Beam Cell","Cold Snap","Rebound"],"picked":"SKIP","floor":5},{"not_picked":["Blizzard","Redo","Go for the Eyes"],"picked":"SKIP","floor":12},{"not_picked":["Doom and Gloom","Rebound"],"picked":"Coolheaded","floor":14}],"player_experience":770756,"relics_obtained":[{"floor":9,"key":"Orichalcum"},{"floor":10,"key":"Pocketwatch"}],"event_choices":[{"damage_healed":0,"gold_gain":0,"player_choice":"Rummage","damage_taken":0,"relics_obtained":["WarpedTongs"],"max_hp_gain":0,"max_hp_loss":0,"event_name":"Accursed Blacksmith","floor":2,"gold_loss":0,"cards_obtained":["Pain"]},{"damage_healed":0,"gold_gain":0,"player_choice":"Entered Light","damage_taken":21,"max_hp_gain":0,"max_hp_loss":0,"event_name":"Shining Light","floor":7,"gold_loss":0,"cards_upgraded":["Defend_B","Defend_B"]}],"is_beta":false,"boss_relics":[],"items_purged_floors":[],"is_endless":false,"potions_floor_spawned":[4,12,14],"killed_by":"The Guardian","ascension_level":18}