{"gold_per_floor":[116,116,116,116,132,132,161,161,184,184,199,160,160,58,58,58],"floor_reached":16,"playtime":638,"items_purged":["Defend_B"],"score":96,"play_id":"f91ebc4e-c36c-4dec-82d4-b0faadc45a4e","local_time":"20190124220244","is_ascension_mode":false,"campfire_choices":[{"data":"Strike_B","floor":6,"key":"PURGE"},{"data":"Strike_B","floor":8,"key":"PURGE"},{"floor":13,"key":"REST"},{"data":"Defend_B","floor":15,"key":"PURGE"}],"neow_cost":"PERCENT_DAMAGE","seed_source_timestamp":209112581560485,"circlet_count":0,"master_deck":["Defend_B","Zap","Dualcast","Redo","Steam","Cold Snap","Conserve Battery"],"relics":["Cracked Core","Peace Pipe","Bag of Preparation","Anchor","Oddly Smooth Stone"],"potions_floor_usage":[16],"damage_taken":[{"damage":5,"enemies":"Small Slimes","floor":1,"turns":3},{"damage":2,"enemies":"2 Louse","floor":5,"turns":2},{"damage":65,"enemies":"Gremlin Nob","floor":7,"turns":5},{"damage":1,"enemies":"Jaw Worm","floor":11,"turns":3},{"damage":44,"enemies":"Hexaghost","floor":16,"turns":14}],"seed_played":"3325270238586996538","potions_obtained":[{"floor":11,"key":"Regen Potion"}],"is_trial":false,"path_per_floor":["M","?","?","T","M","R","E","R","T","?","M","?","R","$","R","B"],"character_chosen":"DEFECT","items_purchased":["Conserve Battery"],"campfire_rested":1,"item_purchase_floors":[14],"current_hp_per_floor":[49,49,74,74,72,72,7,7,7,7,6,6,28,28,28,0],"gold":58,"neow_bonus":"REMOVE_TWO","is_prod":false,"is_daily":false,"chose_seed":false,"campfire_upgraded":0,"win_rate":0,"timestamp":1548363764,"path_taken":["M","?","?","?","M","R","E","R","T","?","?","?","R","$","R","BOSS"],"build_version":"2019-01-23","purchased_purges":1,"victory":false,"max_hp_per_floor":[75,75,75,75,75,75,75,75,75,75,75,75,75,75,75,75],"card_choices":[{"not_picked":["Streamline","Turbo"],"picked":"Steam","floor":1},{"not_picked":["Recycle","Self Repair"],"picked":"Redo","floor":5},{"not_picked":["Force Field","Hyperbeam"],"picked":"Steam","floor":7},{"not_picked":["Sweeping Beam","Streamline"],"picked":"Cold Snap","floor":11}],"player_experience":179550,"relics_obtained":[{"floor":4,"key":"Peace Pipe"},{"floor":7,"key":"Bag of Preparation"},{"floor":9,"key":"Anchor"}],"event_choices":[{"cards_removed":["Strike_B"],"damage_healed":0,"gold_gain":0,"player_choice":"Forget","damage_taken":0,"max_hp_gain":0,"max_hp_loss":0,"event_name":"Living Wall","floor":2,"gold_loss":0},{"damage_healed":25,"gold_gain":0,"player_choice":"Banana","damage_taken":0,"max_hp_gain":0,"max_hp_loss":0,"event_name":"Big Fish","floor":3,"gold_loss":0},{"cards_removed":["Steam"],"damage_healed":0,"gold_gain":0,"player_choice":"Gave Card","damage_taken":0,"relics_obtained":["Oddly Smooth Stone"],"max_hp_gain":0,"max_hp_loss":0,"event_name":"WeMeetAgain","floor":10,"gold_loss":0},{"damage_healed":0,"gold_gain":0,"player_choice":"Left Gold","damage_taken":0,"max_hp_gain":0,"max_hp_loss":0,"event_name":"World of Goop","floor":12,"gold_loss":39}],"is_beta":false,"boss_relics":[],"items_purged_floors":[14],"is_endless":false,"potions_floor_spawned":[11],"killed_by":"Hexaghost","ascension_level":0}