{"gold_per_floor":[113,126,126,126,142,205,205,216,216,216,230,230,259,259,259,259],"floor_reached":16,"playtime":787,"items_purged":[],"score":216,"play_id":"b1d0224d-87c2-456a-a8b0-2c99d5d34b3b","local_time":"20190604140618","is_ascension_mode":true,"campfire_choices":[{"data":"Zap","floor":7,"key":"SMITH"},{"floor":10,"key":"REST"},{"floor":12,"key":"REST"},{"data":"Consume","floor":15,"key":"SMITH"}],"neow_cost":"NONE","seed_source_timestamp":1310921612336795,"circlet_count":0,"master_deck":["AscendersBane","Strike_B","Strike_B","Strike_B","Defend_B","Defend_B","Defend_B","Zap+1","Dualcast","Consume+1","Turbo","Chill","Leap","Sunder"],"relics":["Cracked Core","Tiny Chest","Pantograph","Emotion Chip","Shuriken"],"potions_floor_usage":[11,11,13],"damage_taken":[{"damage":0,"enemies":"Cultist","floor":1,"turns":3},{"damage":1,"enemies":"Small Slimes","floor":2,"turns":3},{"damage":6,"enemies":"Jaw Worm","floor":5,"turns":4},{"damage":25,"enemies":"Gremlin Nob","floor":6,"turns":4},{"damage":12,"enemies":"Looter","floor":8,"turns":3},{"damage":29,"enemies":"Gremlin Gang","floor":11,"turns":6},{"damage":0,"enemies":"Lagavulin","floor":13,"turns":10},{"damage":61,"enemies":"Hexaghost","floor":16,"turns":10}],"seed_played":"-1904373049944045483","potions_obtained":[{"floor":1,"key":"FearPotion"},{"floor":6,"key":"GamblersBrew"},{"floor":11,"key":"EssenceOfSteel"}],"is_trial":false,"path_per_floor":["M","M","?","?","M","E","R","M","T","R","M","R","E","T","R","B"],"character_chosen":"DEFECT","items_purchased":[],"campfire_rested":2,"item_purchase_floors":[],"current_hp_per_floor":[68,67,60,60,54,29,29,17,17,39,10,32,32,32,32,0],"gold":259,"neow_bonus":"REMOVE_CARD","is_prod":false,"is_daily":false,"chose_seed":false,"campfire_upgraded":2,"win_rate":0,"timestamp":1559671578,"path_taken":["M","M","?","?","?","E","R","M","T","R","M","R","E","?","R","BOSS"],"build_version":"2019-01-23","purchased_purges":0,"victory":false,"max_hp_per_floor":[75,75,75,75,75,75,75,75,75,75,75,75,75,75,75,75],"card_choices":[{"not_picked":["Stack","Hologram"],"picked":"Consume","floor":1},{"not_picked":["Tempest","Streamline","Lockon"],"picked":"SKIP","floor":2},{"not_picked":["Scrape","Gash"],"picked":"Turbo","floor":5},{"not_picked":["Go for the Eyes","Darkness"],"picked":"Chill","floor":6},{"not_picked":["Rebound","Streamline"],"picked":"Leap","floor":8},{"not_picked":["Meteor Strike","Hello World","Fusion"],"picked":"SKIP","floor":11},{"not_picked":["Blizzard","Redo"],"picked":"Sunder","floor":13}],"player_experience":724822,"relics_obtained":[{"floor":6,"key":"Tiny Chest"},{"floor":9,"key":"Pantograph"},{"floor":13,"key":"Emotion Chip"},{"floor":14,"key":"Shuriken"}],"event_choices":[{"cards_removed":["Defend_B"],"damage_healed":0,"gold_gain":0,"player_choice":"Card Removal","damage_taken":7,"max_hp_gain":0,"max_hp_loss":0,"event_name":"Golden Wing","floor":3,"gold_loss":0},{"damage_healed":0,"gold_gain":0,"player_choice":"0 cards matched","damage_taken":0,"max_hp_gain":0,"max_hp_loss":0,"event_name":"Match and Keep!","floor":4,"gold_loss":0,"cards_obtained":[]}],"is_beta":false,"boss_relics":[],"items_purged_floors":[],"is_endless":false,"potions_floor_spawned":[1,6,11],"killed_by":"Hexaghost","ascension_level":12}