{"gold_per_floor":[118,118,134,150,168,195,195,220,247,275,275,308,308,39,39,140,140,157,257,257,272,197,197,226,226,226,251,271,23,36,136,136,233,233,249,265,104,117,217,245,245,273,348,348,363,26,26,37,37,37],"floor_reached":51,"playtime":3678,"items_purged":["Strike_B","Strike_B","Defend_B"],"score":950,"play_id":"71418895-4f98-49cc-822c-fc8e41a29891","local_time":"20190210031558","is_ascension_mode":true,"campfire_choices":[{"data":"Dualcast","floor":7.0,"key":"SMITH"},{"floor":11.0,"key":"REST"},{"data":"Conserve Battery","floor":13.0,"key":"SMITH"},{"data":"Streamline","floor":15.0,"key":"SMITH"},{"data":"Skim","floor":23.0,"key":"SMITH"},{"data":"Electrodynamics","floor":25.0,"key":"SMITH"},{"data":"Skim","floor":32.0,"key":"SMITH"},{"data":"Storm","floor":41,"key":"SMITH"},{"data":"Biased Cognition","floor":44,"key":"SMITH"},{"data":"Beam Cell","floor":49,"key":"SMITH"}],"neow_cost":"NONE","seed_source_timestamp":0,"circlet_count":0,"master_deck":["Zap+1","Dualcast+1","Conserve Battery+1","Glacier","Gash+1","Streamline+1","Ball Lightning+1","Leap","Sweeping Beam","Electrodynamics+1","Skim+1","Reinforced Body+1","Skim+1","Beam Cell+1","Steam+1","Biased Cognition+1","Gash+1","Biased Cognition+1","Storm+1","Storm+1","Gash","Beam Cell+1","Go for the Eyes+1"],"special_seed":0,"relics":["Cracked Core","WingedGreaves","Blood Vial","Anchor","Happy Flower","Whetstone","Pen Nib","Sozu","Gambling Chip","Bottled Lightning","Dream Catcher","Pantograph","Unceasing Top","Lantern","Astrolabe","StoneCalendar","Vajra","Strawberry","Molten Egg 2","Ancient Tea Set","ClockworkSouvenir"],"potions_floor_usage":[33],"damage_taken":[{"damage":7.0,"enemies":"Jaw Worm","floor":1.0,"turns":3.0},{"damage":0.0,"enemies":"Cultist","floor":3.0,"turns":3.0},{"damage":0.0,"enemies":"Small Slimes","floor":4.0,"turns":2.0},{"damage":4.0,"enemies":"2 Fungi Beasts","floor":5.0,"turns":3.0},{"damage":4.0,"enemies":"Lagavulin","floor":6.0,"turns":6.0},{"damage":9.0,"enemies":"Gremlin Nob","floor":8.0,"turns":3.0},{"damage":20.0,"enemies":"3 Sentries","floor":10.0,"turns":6.0},{"damage":18.0,"enemies":"Gremlin Nob","floor":12.0,"turns":5.0},{"damage":0.0,"enemies":"Hexaghost","floor":16.0,"turns":8.0},{"damage":0.0,"enemies":"Chosen","floor":18.0,"turns":3.0},{"damage":12.0,"enemies":"Colosseum Slavers","floor":19.0,"turns":4.0},{"damage":17.0,"enemies":"Colosseum Nobs","floor":19.0,"turns":3.0},{"damage":1.0,"enemies":"2 Thieves","floor":21.0,"turns":3.0},{"damage":8.0,"enemies":"Slavers","floor":24.0,"turns":4.0},{"damage":3.0,"enemies":"Book of Stabbing","floor":27.0,"turns":5.0},{"damage":0.0,"enemies":"Cultist and Chosen","floor":28.0,"turns":4.0},{"damage":0.0,"enemies":"Centurion and Healer","floor":30.0,"turns":2.0},{"damage":48,"enemies":"Champ","floor":33,"turns":8},{"damage":1,"enemies":"3 Darklings","floor":35,"turns":2},{"damage":0,"enemies":"3 Shapes","floor":36,"turns":2},{"damage":0,"enemies":"Maw","floor":38,"turns":3},{"damage":5,"enemies":"Mind Bloom Boss Battle","floor":39,"turns":3},{"damage":12,"enemies":"Nemesis","floor":40,"turns":5},{"damage":4,"enemies":"Giant Head","floor":42,"turns":5},{"damage":0,"enemies":"3 Darklings","floor":45,"turns":2},{"damage":0,"enemies":"Sphere and 2 Shapes","floor":48,"turns":2},{"damage":24,"enemies":"Time Eater","floor":50,"turns":8}],"seed_played":"-2418093709303835274","potions_obtained":[{"floor":1.0,"key":"SpeedPotion"},{"floor":6.0,"key":"SkillPotion"},{"floor":8.0,"key":"LiquidBronze"},{"floor":10.0,"key":"Strength Potion"},{"floor":16.0,"key":"SteroidPotion"}],"is_trial":false,"path_per_floor":["M","?","M","M","M","E","R","E","T","E","R","E","R","$","R","B",null,"M","?","?","M","?","R","E","R","T","E","M","$","M","?","R","B",null,"M","M","$","M","?","E","R","E","T","R","M","$","?","M","R","B",null],"character_chosen":"DEFECT","items_purchased":["Pen Nib","PowerPotion","Lantern","Storm","Ancient Tea Set","ClockworkSouvenir"],"campfire_rested":1,"item_purchase_floors":[14,14,29,37,46,46],"current_hp_per_floor":[68,68,68,68,64,60,60,51,51,33,55,39,39,39,39,41,75,75,48,48,49,49,49,43,43,43,42,44,44,46,46,46,25,75,74,75,75,75,70,60,60,65,65,65,67,67,67,69,69,58],"gold":37,"neow_bonus":"UPGRADE_CARD","is_prod":false,"is_daily":false,"chose_seed":false,"campfire_upgraded":9,"win_rate":0,"timestamp":1549786558,"path_taken":["M","?","M","M","?","E","R","E","T","E","R","E","R","$","R","BOSS","M","?","?","M","?","R","E","R","T","E","M","$","M","?","R","BOSS","M","M","$","M","?","E","R","E","T","R","M","$","?","M","R","BOSS"],"build_version":"2019-01-23","purchased_purges":3,"victory":true,"max_hp_per_floor":[75,75,75,75,75,75,75,75,75,75,75,75,75,75,75,75,75,75,75,75,75,75,75,75,75,75,75,75,75,75,75,75,75,75,75,75,75,75,75,75,75,82,82,82,82,82,82,82,82,82],"card_choices":[{"not_picked":["Chill","Force Field"],"picked":"Conserve Battery","floor":1.0},{"not_picked":["Turbo","Lockon"],"picked":"Glacier","floor":3.0},{"not_picked":["Glacier","Steam"],"picked":"Gash","floor":4.0},{"not_picked":["Rebound","Sunder"],"picked":"Streamline","floor":5.0},{"not_picked":["Steam","Rainbow"],"picked":"Ball Lightning","floor":6.0},{"not_picked":["Double Energy","Steam"],"picked":"Leap","floor":8.0},{"not_picked":["Redo","Storm"],"picked":"Sweeping Beam","floor":10.0},{"not_picked":["Leap","Undo","Sweeping Beam"],"picked":"SKIP","floor":12.0},{"not_picked":["Reboot","Creative AI"],"picked":"Electrodynamics","floor":16.0},{"not_picked":["Ball Lightning","Undo"],"picked":"Skim","floor":18.0},{"not_picked":["Sweeping Beam","Rip and Tear"],"picked":"Reinforced Body+1","floor":19.0},{"not_picked":["Redo+1","Sweeping Beam+1"],"picked":"Skim","floor":21.0},{"not_picked":["Conserve Battery","Heatsinks"],"picked":"Beam Cell","floor":24.0},{"not_picked":["Loop","Heatsinks","Doom and Gloom"],"picked":"SKIP","floor":27.0},{"not_picked":["Loop","Heatsinks","Doom and Gloom"],"picked":"SKIP","floor":27.0},{"not_picked":["Stack","Leap+1","Conserve Battery"],"picked":"SKIP","floor":28.0},{"not_picked":["Leap","Cold Snap"],"picked":"Steam+1","floor":30.0},{"not_picked":["Machine Learning","Reboot"],"picked":"Biased Cognition","floor":33},{"not_picked":["Stack+1","Streamline","Conserve Battery+1"],"picked":"SKIP","floor":35},{"not_picked":["Hologram+1","Streamline"],"picked":"Storm+1","floor":36},{"not_picked":["Hologram","Steam+1"],"picked":"Gash","floor":38},{"not_picked":["Aggregate+1","Hyperbeam"],"picked":"Beam Cell+1","floor":40},{"not_picked":["Darkness+1","Barrage","Cold Snap"],"picked":"SKIP","floor":42},{"not_picked":["Compile Driver+1","Turbo+1","Coolheaded"],"picked":"SKIP","floor":45},{"not_picked":["Streamline+1","Chaos+1"],"picked":"Go for the Eyes+1","floor":48}],"player_experience":182327,"relics_obtained":[{"floor":6.0,"key":"WingedGreaves"},{"floor":8.0,"key":"Blood Vial"},{"floor":9.0,"key":"Anchor"},{"floor":10.0,"key":"Happy Flower"},{"floor":12.0,"key":"Whetstone"},{"floor":19.0,"key":"Gambling Chip"},{"floor":19.0,"key":"Bottled Lightning"},{"floor":24.0,"key":"Dream Catcher"},{"floor":26.0,"key":"Pantograph"},{"floor":27.0,"key":"Unceasing Top"},{"floor":39,"key":"StoneCalendar"},{"floor":40,"key":"Vajra"},{"floor":42,"key":"Strawberry"},{"floor":43,"key":"Molten Egg 2"}],"event_choices":[{"cards_removed":["Strike_B"],"damage_healed":0.0,"max_hp_gain":0.0,"max_hp_loss":0.0,"gold_gain":0.0,"event_name":"Bonfire Elementals","player_choice":"Offered Basic","floor":2.0,"gold_loss":0.0,"damage_taken":0.0},{"damage_healed":0.0,"max_hp_gain":0.0,"max_hp_loss":0.0,"gold_gain":0.0,"event_name":"Colosseum","player_choice":"Fight","floor":19.0,"gold_loss":0.0,"damage_taken":0.0},{"damage_healed":0.0,"max_hp_gain":0.0,"max_hp_loss":0.0,"gold_gain":0.0,"event_name":"Colosseum","player_choice":"Fought Nobs","floor":19.0,"gold_loss":0.0,"damage_taken":0.0},{"damage_healed":0.0,"max_hp_gain":0.0,"max_hp_loss":0.0,"gold_gain":0.0,"event_name":"Ghosts","player_choice":"Ignored","floor":20.0,"gold_loss":0.0,"damage_taken":0.0},{"cards_removed":["Strike_B"],"damage_healed":0.0,"max_hp_gain":0.0,"max_hp_loss":0.0,"gold_gain":0.0,"event_name":"Beggar","player_choice":"Gave Gold","floor":22.0,"gold_loss":75.0,"damage_taken":0.0},{"damage_healed":0.0,"max_hp_gain":0.0,"max_hp_loss":0.0,"gold_gain":100.0,"event_name":"Golden Shrine","player_choice":"Pray","floor":31.0,"gold_loss":0.0,"damage_taken":0.0},{"damage_healed":0,"gold_gain":0,"player_choice":"Fight","damage_taken":0,"max_hp_gain":0,"max_hp_loss":0,"event_name":"MindBloom","floor":39,"gold_loss":0},{"cards_removed":["Static Discharge"],"damage_healed":0,"gold_gain":0,"player_choice":"Removed Power","damage_taken":0,"max_hp_gain":0,"max_hp_loss":0,"event_name":"Falling","floor":47,"gold_loss":0}],"is_beta":false,"boss_relics":[{"not_picked":["Inserter","Busted Crown"],"picked":"Sozu"},{"not_picked":["Philosopher\u0027s Stone","Runic Pyramid"],"picked":"Astrolabe"}],"items_purged_floors":[14,29,37],"is_endless":false,"potions_floor_spawned":[1,6,8,10,16,18,19,21,30,36,39,40],"ascension_level":4}