{"gold_per_floor":[119,44,44,1,21,53,73,73,73,90,102,122,122,122,122,197,197,208,483,494,494],"floor_reached":21,"playtime":917,"items_purged":["Strike_B"],"score":402,"play_id":"61f41161-88cc-4d28-a639-2f4eb3a0da6b","local_time":"20190601213114","is_ascension_mode":true,"campfire_choices":[{"data":"Electrodynamics","floor":13,"key":"SMITH"},{"data":"Defragment","floor":15,"key":"SMITH"}],"neow_cost":"NONE","seed_source_timestamp":13920511570050,"circlet_count":0,"master_deck":["AscendersBane","Strike_B","Strike_B","Defend_B","Defend_B","Defend_B","Defend_B","Zap+1","Dualcast+1","Defragment+1","Electrodynamics+1","Auto Shields","Heatsinks","Fission","Regret"],"relics":["Cracked Core","NeowsBlessing","Blue Candle","Boot","Sozu"],"potions_floor_usage":[16,16],"damage_taken":[{"damage":0,"enemies":"Small Slimes","floor":1,"turns":1},{"damage":0,"enemies":"Jaw Worm","floor":5,"turns":1},{"damage":0,"enemies":"Lagavulin","floor":6,"turns":1},{"damage":0,"enemies":"2 Louse","floor":7,"turns":2},{"damage":0,"enemies":"Red Slaver","floor":10,"turns":3},{"damage":12,"enemies":"2 Fungi Beasts","floor":11,"turns":4},{"damage":3,"enemies":"3 Louse","floor":12,"turns":2},{"damage":30,"enemies":"Hexaghost","floor":16,"turns":9},{"damage":22,"enemies":"3 Byrds","floor":18,"turns":3},{"damage":25,"enemies":"Spheric Guardian","floor":20,"turns":6},{"damage":15,"enemies":"Snake Plant","floor":21,"turns":2}],"seed_played":"-6979498638269082940","potions_obtained":[{"floor":5,"key":"Strength Potion"},{"floor":7,"key":"Swift Potion"},{"floor":12,"key":"Fire Potion"}],"is_trial":false,"path_per_floor":["M","$","?","$","M","E","M","?","T","M","M","M","R","?","R","B",null,"M","?","M","M"],"character_chosen":"DEFECT","items_purchased":["Defragment"],"campfire_rested":0,"item_purchase_floors":[4],"current_hp_per_floor":[64,64,43,43,43,43,43,43,43,43,31,28,28,51,51,21,59,37,37,12,0],"gold":494,"neow_bonus":"THREE_ENEMY_KILL","is_prod":false,"is_daily":false,"chose_seed":false,"campfire_upgraded":2,"win_rate":0,"timestamp":1559449874,"path_taken":["M","$","?","?","M","E","M","?","T","M","?","M","R","?","R","BOSS","M","?","M","?"],"build_version":"2019-01-23","purchased_purges":1,"victory":false,"max_hp_per_floor":[71,71,71,71,71,71,71,71,71,71,71,71,71,71,71,71,71,71,71,71,71],"card_choices":[{"not_picked":["Redo","Beam Cell","Storm"],"picked":"SKIP","floor":1},{"not_picked":["Heatsinks","Compile Driver","Gash"],"picked":"SKIP","floor":5},{"not_picked":["Conserve Battery","FTL"],"picked":"Electrodynamics","floor":6},{"not_picked":["Tempest","Rebound"],"picked":"Auto Shields","floor":7},{"not_picked":["Rebound","Redo","Leap"],"picked":"SKIP","floor":10},{"not_picked":["Reprogram","Seek","White Noise"],"picked":"SKIP","floor":11},{"not_picked":["Steam Power","Go for the Eyes","White Noise"],"picked":"SKIP","floor":12},{"not_picked":["Reboot","Multi-Cast"],"picked":"Fission","floor":16},{"not_picked":["Blizzard","Stack","Steam Power"],"picked":"SKIP","floor":18},{"not_picked":["Rebound+1","Compile Driver","Reprogram"],"picked":"SKIP","floor":20}],"player_experience":812768,"relics_obtained":[{"floor":6,"key":"Blue Candle"},{"floor":9,"key":"Boot"}],"event_choices":[{"damage_healed":0,"gold_gain":0,"player_choice":"Entered Light","damage_taken":21,"max_hp_gain":0,"max_hp_loss":0,"event_name":"Shining Light","floor":3,"gold_loss":0,"cards_upgraded":["Dualcast","Zap"]},{"damage_healed":0,"gold_gain":0,"cards_transformed":["Strike_B"],"player_choice":"Transformed","damage_taken":0,"max_hp_gain":0,"max_hp_loss":0,"event_name":"Transmorgrifier","floor":8,"gold_loss":0,"cards_obtained":["Heatsinks"]},{"damage_healed":23,"gold_gain":0,"player_choice":"Banana","damage_taken":0,"max_hp_gain":0,"max_hp_loss":0,"event_name":"Big Fish","floor":14,"gold_loss":0},{"damage_healed":0,"gold_gain":275,"player_choice":"Desecrate","damage_taken":0,"max_hp_gain":0,"max_hp_loss":0,"event_name":"Golden Shrine","floor":19,"gold_loss":0,"cards_obtained":["Regret"]}],"is_beta":false,"boss_relics":[{"not_picked":["Calling Bell","Runic Dome"],"picked":"Sozu"}],"items_purged_floors":[2],"is_endless":false,"potions_floor_spawned":[5,7,12,18,20],"killed_by":"Snake Plant","ascension_level":19}