{"gold_per_floor":[16,16,29,41,41,41,72,84,110,110,166,179,196,215,215,316,316,336,349,362,39,39,39,65,65,65,77,92,111,111,127,127,127],"floor_reached":33,"playtime":2782,"items_purged":["Strike_R"],"score":355,"play_id":"e6a9c496-3fbf-4e9a-8831-c4c810297c94","local_time":"20190218022511","is_ascension_mode":true,"campfire_choices":[{"data":"Bash","floor":6,"key":"SMITH"},{"data":"True Grit","floor":10,"key":"SMITH"},{"data":"Anger","floor":15,"key":"SMITH"},{"floor":23,"key":"REST"},{"floor":25,"key":"REST"},{"floor":32,"key":"REST"}],"neow_cost":"NO_GOLD","seed_source_timestamp":390354447506843,"circlet_count":0,"master_deck":["Strike_R","Defend_R","Defend_R","Defend_R","Defend_R","Bash+1","Seeing Red","Warcry","True Grit+1","Headbutt","Burning Pact","Havoc","Clothesline","Metallicize","Pommel Strike","Anger+1","Immolate","Infernal Blade","Shrug It Off","Sentinel","Bloodletting","Battle Trance","Anger+1","Brutality"],"relics":["Burning Blood","Ancient Tea Set","Strawberry","Bronze Scales","Runic Cube","Anchor","Regal Pillow","Kunai"],"potions_floor_usage":[8,16,21,24,24,31,33],"damage_taken":[{"damage":0,"enemies":"Small Slimes","floor":1,"turns":3},{"damage":6,"enemies":"Cultist","floor":3,"turns":4},{"damage":6,"enemies":"2 Louse","floor":4,"turns":3},{"damage":35,"enemies":"Gremlin Nob","floor":7,"turns":5},{"damage":10,"enemies":"Exordium Thugs","floor":8,"turns":3},{"damage":26,"enemies":"Gremlin Nob","floor":11,"turns":4},{"damage":3,"enemies":"Looter","floor":12,"turns":3},{"damage":3,"enemies":"Blue Slaver","floor":13,"turns":3},{"damage":9,"enemies":"Exordium Thugs","floor":14,"turns":6},{"damage":20,"enemies":"Hexaghost","floor":16,"turns":9},{"damage":27,"enemies":"Spheric Guardian","floor":18,"turns":4},{"damage":8,"enemies":"Chosen","floor":19,"turns":3},{"damage":46,"enemies":"Centurion and Healer","floor":20,"turns":4},{"damage":28,"enemies":"Gremlin Leader","floor":24,"turns":6},{"damage":17,"enemies":"Sentry and Sphere","floor":27,"turns":4},{"damage":26,"enemies":"Shelled Parasite and Fungi","floor":28,"turns":4},{"damage":9,"enemies":"Snake Plant","floor":29,"turns":2},{"damage":22,"enemies":"Centurion and Healer","floor":31,"turns":3},{"damage":95,"enemies":"Champ","floor":33,"turns":8}],"seed_played":"2222530607117846248","potions_obtained":[{"floor":4,"key":"Ancient Potion"},{"floor":7,"key":"Explosive Potion"},{"floor":8,"key":"LiquidBronze"},{"floor":14,"key":"Dexterity Potion"},{"floor":20,"key":"Regen Potion"},{"floor":27,"key":"Ancient Potion"},{"floor":28,"key":"Regen Potion"},{"floor":31,"key":"PowerPotion"}],"is_trial":false,"path_per_floor":["M","?","M","M","$","R","E","M","T","R","?","M","M","M","R","B",null,"M","M","M","$","?","R","E","R","T","M","M","M","?","M","R","B"],"character_chosen":"IRONCLAD","items_purchased":["Anchor","Fruit Juice"],"campfire_rested":3,"item_purchase_floors":[21,21],"current_hp_per_floor":[78,78,78,78,78,78,49,45,52,52,32,35,38,35,35,21,71,50,48,8,13,13,40,33,75,75,64,44,41,41,34,76,0],"gold":127,"neow_bonus":"REMOVE_TWO","is_prod":false,"is_daily":false,"chose_seed":false,"campfire_upgraded":3,"win_rate":0,"timestamp":1550474711,"path_taken":["M","?","M","M","$","R","E","?","T","R","?","M","M","M","R","BOSS","M","M","M","$","?","R","E","R","T","M","M","M","?","M","R","BOSS"],"build_version":"2019-01-23","purchased_purges":1,"victory":false,"max_hp_per_floor":[80,80,80,80,80,80,80,80,87,87,87,87,87,87,87,87,87,87,87,87,92,92,92,92,92,92,92,92,92,92,92,92,92],"card_choices":[{"not_picked":["Havoc","Warcry"],"picked":"Seeing Red","floor":1},{"not_picked":["Flex","Evolve"],"picked":"True Grit","floor":3},{"not_picked":["Infernal Blade","Clothesline"],"picked":"Headbutt","floor":4},{"not_picked":["Anger","Sword Boomerang"],"picked":"Burning Pact","floor":7},{"not_picked":["Wild Strike","Bloodletting"],"picked":"Havoc","floor":8},{"not_picked":["Rupture","Heavy Blade"],"picked":"Clothesline","floor":11},{"not_picked":["Anger","Fiend Fire"],"picked":"Metallicize","floor":12},{"not_picked":["Shrug It Off","Heavy Blade"],"picked":"Pommel Strike","floor":13},{"not_picked":["Body Slam","Twin Strike"],"picked":"Anger","floor":14},{"not_picked":["Juggernaut","Reaper"],"picked":"Immolate","floor":16},{"not_picked":["Searing Blow","Twin Strike"],"picked":"Infernal Blade","floor":18},{"not_picked":["Havoc","Pommel Strike"],"picked":"Shrug It Off","floor":19},{"not_picked":["Clothesline","Warcry"],"picked":"Sentinel","floor":20},{"not_picked":["Headbutt","True Grit"],"picked":"Bloodletting","floor":24},{"not_picked":["Headbutt","Thunderclap"],"picked":"Battle Trance","floor":27},{"not_picked":["Hemokinesis","Blood for Blood"],"picked":"Anger+1","floor":28},{"not_picked":["Combust","Twin Strike","Havoc"],"picked":"SKIP","floor":29},{"not_picked":["Clash","Sentinel","Pummel+1"],"picked":"SKIP","floor":31}],"player_experience":208781,"relics_obtained":[{"floor":7,"key":"Ancient Tea Set"},{"floor":9,"key":"Strawberry"},{"floor":11,"key":"Bronze Scales"},{"floor":24,"key":"Regal Pillow"},{"floor":26,"key":"Kunai"}],"event_choices":[{"damage_healed":0,"gold_gain":0,"cards_transformed":["Strike_R"],"player_choice":"Transformed","damage_taken":0,"max_hp_gain":0,"max_hp_loss":0,"event_name":"Transmorgrifier","floor":2,"gold_loss":0,"cards_obtained":["Warcry"]},{"damage_healed":0,"gold_gain":0,"player_choice":"Searched \u00271\u0027 times","damage_taken":0,"max_hp_gain":0,"max_hp_loss":0,"event_name":"Dead Adventurer","floor":11,"gold_loss":0},{"damage_healed":0,"gold_gain":0,"player_choice":"Ignored","damage_taken":0,"max_hp_gain":0,"max_hp_loss":0,"event_name":"Beggar","floor":22,"gold_loss":0},{"damage_healed":0,"gold_gain":0,"player_choice":"Read","damage_taken":0,"max_hp_gain":0,"max_hp_loss":0,"event_name":"The Library","floor":30,"gold_loss":0,"cards_obtained":["Brutality"]}],"is_beta":false,"boss_relics":[{"not_picked":["Empty Cage","Lizard Tail"],"picked":"Runic Cube"}],"items_purged_floors":[21],"is_endless":false,"potions_floor_spawned":[4,7,8,14,20,27,28,31],"killed_by":"Champ","ascension_level":6}