{"gold_per_floor":[113,35,35,54,25,25,51,68,68,83,83,83,116,191,191,267,267,279,309,17,67,77,77,77],"floor_reached":24,"playtime":1009,"items_purged":["Strike_R"],"score":420,"play_id":"003d8308-aaf1-4b0c-9429-05f5962203a7","local_time":"20190406135230","is_ascension_mode":true,"campfire_choices":[{"data":"Bash","floor":6,"key":"SMITH"},{"data":"Uppercut","floor":11,"key":"SMITH"},{"data":"Whirlwind","floor":15,"key":"SMITH"},{"data":"True Grit","floor":23,"key":"SMITH"}],"neow_cost":"NONE","seed_source_timestamp":75473904097597,"circlet_count":0,"master_deck":["AscendersBane","Strike_R","Strike_R+1","Strike_R","Defend_R","Defend_R","Defend_R+1","Defend_R","Bash+1","Armaments","Whirlwind+1","Anger","Heavy Blade","Ghostly Armor","Iron Wave","Uppercut+1","Juggernaut","Entrench+1","True Grit+1","Disarm","Pommel Strike"],"relics":["Burning Blood","NeowsBlessing","Prayer Wheel","Ornamental Fan","Blood Vial","Coffee Dripper","Red Mask","TheAbacus"],"potions_floor_usage":[16,16,24],"damage_taken":[{"damage":0,"enemies":"2 Louse","floor":1,"turns":1},{"damage":0,"enemies":"Jaw Worm","floor":4,"turns":1},{"damage":0,"enemies":"Gremlin Nob","floor":7,"turns":1},{"damage":1,"enemies":"Small Slimes","floor":8,"turns":3},{"damage":4,"enemies":"3 Louse","floor":10,"turns":3},{"damage":25,"enemies":"Lagavulin","floor":13,"turns":8},{"damage":23,"enemies":"Hexaghost","floor":16,"turns":11},{"damage":16,"enemies":"Shell Parasite","floor":18,"turns":5},{"damage":32,"enemies":"Masked Bandits","floor":19,"turns":5},{"damage":4,"enemies":"3 Byrds","floor":22,"turns":4},{"damage":8,"enemies":"Slavers","floor":24,"turns":2}],"seed_played":"2995902714487151314","potions_obtained":[{"floor":1,"key":"Weak Potion"},{"floor":4,"key":"BloodPotion"},{"floor":7,"key":"FearPotion"},{"floor":10,"key":"EssenceOfSteel"},{"floor":22,"key":"SkillPotion"}],"is_trial":false,"path_per_floor":["M","$","?","M","$","R","E","M","T","M","R","?","E","?","R","B",null,"M","?","$","?","M","R","E"],"character_chosen":"IRONCLAD","items_purchased":["Whirlwind","Heavy Blade","TheAbacus"],"campfire_rested":0,"item_purchase_floors":[2,5,20],"current_hp_per_floor":[74,74,67,73,73,73,75,75,75,75,75,52,33,22,22,7,58,50,26,26,26,30,30,24],"gold":77,"neow_bonus":"THREE_ENEMY_KILL","is_prod":false,"is_daily":false,"chose_seed":false,"campfire_upgraded":4,"win_rate":0,"timestamp":1554533550,"path_taken":["M","$","?","M","?","R","E","M","T","M","R","?","E","?","R","BOSS","M","?","$","?","M","R","E"],"build_version":"2019-01-23","purchased_purges":1,"victory":false,"max_hp_per_floor":[75,75,75,75,75,75,75,75,75,75,75,75,75,75,75,75,75,75,75,75,75,75,75,75],"card_choices":[{"not_picked":["Blood for Blood","Perfected Strike"],"picked":"Armaments","floor":1},{"not_picked":["Ghostly Armor","Shrug It Off"],"picked":"Anger","floor":4},{"not_picked":["Sword Boomerang","Cleave","Body Slam"],"picked":"SKIP","floor":7},{"not_picked":["Searing Blow","Body Slam"],"picked":"Ghostly Armor","floor":8},{"not_picked":["Anger","Clash"],"picked":"Iron Wave","floor":8},{"not_picked":["Clothesline","Ghostly Armor"],"picked":"Uppercut","floor":10},{"not_picked":["Body Slam","Twin Strike","Armaments"],"picked":"SKIP","floor":10},{"not_picked":["Berserk","Sword Boomerang","Sentinel"],"picked":"SKIP","floor":13},{"not_picked":["Dark Embrace","Berserk"],"picked":"Juggernaut","floor":16},{"not_picked":["Rupture","Rage+1"],"picked":"Entrench+1","floor":18},{"not_picked":["Anger","Hemokinesis"],"picked":"True Grit","floor":18},{"not_picked":["Perfected Strike","Seeing Red"],"picked":"Disarm","floor":19},{"not_picked":["Rage","Sword Boomerang"],"picked":"Pommel Strike","floor":22},{"not_picked":["Rampage","Warcry","Body Slam"],"picked":"SKIP","floor":22}],"player_experience":425275,"relics_obtained":[{"floor":7,"key":"Prayer Wheel"},{"floor":9,"key":"Ornamental Fan"},{"floor":13,"key":"Blood Vial"},{"floor":19,"key":"Red Mask"}],"event_choices":[{"cards_removed":["Strike_R"],"damage_healed":0,"gold_gain":0,"player_choice":"Card Removal","damage_taken":7,"max_hp_gain":0,"max_hp_loss":0,"event_name":"Golden Wing","floor":3,"gold_loss":0},{"damage_healed":0,"gold_gain":0,"player_choice":"Entered Light","damage_taken":23,"max_hp_gain":0,"max_hp_loss":0,"event_name":"Shining Light","floor":12,"gold_loss":0,"cards_upgraded":["Defend_R","Strike_R"]},{"damage_healed":0,"gold_gain":75,"player_choice":"Gather Gold","damage_taken":11,"max_hp_gain":0,"max_hp_loss":0,"event_name":"World of Goop","floor":14,"gold_loss":0},{"damage_healed":0,"gold_gain":0,"player_choice":"Fought Bandits","damage_taken":0,"max_hp_gain":0,"max_hp_loss":0,"event_name":"Masked Bandits","floor":19,"gold_loss":0},{"damage_healed":0,"gold_gain":50,"player_choice":"Stole From Cult","damage_taken":0,"max_hp_gain":0,"max_hp_loss":0,"event_name":"Nest","floor":21,"gold_loss":0}],"is_beta":false,"boss_relics":[{"not_picked":["Philosopher\u0027s Stone","Calling Bell"],"picked":"Coffee Dripper"}],"items_purged_floors":[20],"is_endless":false,"potions_floor_spawned":[1,4,7,10,22],"killed_by":"Slavers","ascension_level":17}