{"gold_per_floor":[110,110,185,1,1,1,61,61,61,105,153,202,227,152,152,152],"floor_reached":16,"playtime":588,"items_purged":[],"score":308,"play_id":"ac5d9478-bd85-4f0e-b38b-ef9ae88b24c8","local_time":"20190603173758","is_ascension_mode":true,"campfire_choices":[{"data":"HandOfGreed","floor":6,"key":"SMITH"},{"data":"Glacier","floor":15,"key":"SMITH"}],"neow_cost":"NONE","seed_source_timestamp":19351654027226,"circlet_count":0,"master_deck":["AscendersBane","Strike_B","Strike_B","Strike_B","Defend_B","Defend_B","Defend_B","Defend_B","Zap","Dualcast","HandOfGreed+1","Glacier+1","Seek","Undo","Defragment"],"relics":["Cracked Core","NeowsBlessing","Golden Idol","Bag of Preparation","Bottled Lightning"],"potions_floor_usage":[13,16],"damage_taken":[{"damage":0,"enemies":"Jaw Worm","floor":1,"turns":1},{"damage":0,"enemies":"Lagavulin","floor":7,"turns":2},{"damage":0,"enemies":"Gremlin Nob","floor":10,"turns":1},{"damage":0,"enemies":"2 Louse","floor":11,"turns":2},{"damage":2,"enemies":"Cultist","floor":12,"turns":3},{"damage":0,"enemies":"Blue Slaver","floor":13,"turns":5},{"damage":68,"enemies":"Slime Boss","floor":16,"turns":11}],"seed_played":"-4938852218960557322","potions_obtained":[{"floor":10,"key":"Regen Potion"},{"floor":12,"key":"AttackPotion"}],"is_trial":false,"path_per_floor":["M","?","?","$","?","R","E","$","T","E","M","M","M","?","R","B"],"character_chosen":"DEFECT","items_purchased":["HandOfGreed"],"campfire_rested":0,"item_purchase_floors":[4],"current_hp_per_floor":[64,64,53,53,53,53,53,53,53,53,53,51,51,51,51,0],"gold":152,"neow_bonus":"THREE_ENEMY_KILL","is_prod":false,"is_daily":false,"chose_seed":false,"campfire_upgraded":2,"win_rate":0,"timestamp":1559608678,"path_taken":["M","?","?","$","?","R","E","$","T","E","?","M","M","?","R","BOSS"],"build_version":"2019-01-23","purchased_purges":0,"victory":false,"max_hp_per_floor":[71,64,64,64,64,64,64,64,64,64,64,64,64,64,64,64],"card_choices":[{"not_picked":["Rebound","Coolheaded","Leap"],"picked":"SKIP","floor":1},{"not_picked":["Stack","Auto Shields"],"picked":"Glacier","floor":7},{"not_picked":["Stack","Conserve Battery"],"picked":"Seek","floor":10},{"not_picked":["Go for the Eyes","Compile Driver","Redo"],"picked":"SKIP","floor":11},{"not_picked":["Stack","Creative AI"],"picked":"Undo","floor":12},{"not_picked":["Static Discharge","White Noise"],"picked":"Defragment","floor":13}],"player_experience":817835,"relics_obtained":[{"floor":7,"key":"Bag of Preparation"},{"floor":10,"key":"Bottled Lightning"}],"event_choices":[{"damage_healed":0,"gold_gain":0,"player_choice":"Lose Max HP","damage_taken":0,"relics_obtained":["Golden Idol"],"max_hp_gain":0,"max_hp_loss":7,"event_name":"Golden Idol","floor":2,"gold_loss":0},{"damage_healed":0,"gold_gain":75,"player_choice":"Gather Gold","damage_taken":11,"max_hp_gain":0,"max_hp_loss":0,"event_name":"World of Goop","floor":3,"gold_loss":0},{"damage_healed":0,"gold_gain":0,"player_choice":"Ignored","damage_taken":0,"max_hp_gain":0,"max_hp_loss":0,"event_name":"WeMeetAgain","floor":5,"gold_loss":0},{"cards_removed":["Strike_B"],"damage_healed":0,"gold_gain":0,"player_choice":"Card Removal","damage_taken":0,"max_hp_gain":0,"max_hp_loss":0,"event_name":"The Cleric","floor":14,"gold_loss":75}],"is_beta":false,"boss_relics":[],"items_purged_floors":[],"is_endless":false,"potions_floor_spawned":[10,12],"killed_by":"Slime Boss","ascension_level":19}