{"gold_per_floor":[115,194,119,194,194,226,226,244,270,270,285,297,316,330,330,433,433,453,453,368,382,482,537,537,554,601,156,171,171],"floor_reached":29,"playtime":1863,"items_purged":["Strike_B","Strike_B"],"score":282,"play_id":"4e037b71-7f75-4095-bb79-ae53cbba9cf4","local_time":"20190206174854","is_ascension_mode":true,"campfire_choices":[{"floor":10,"key":"REST"},{"floor":15,"key":"REST"},{"floor":24,"key":"REST"}],"neow_cost":"NONE","seed_source_timestamp":2347887343833329,"circlet_count":0,"master_deck":["Defend_B","Defend_B","Defend_B","Defend_B","Zap+1","Dualcast","Skim","Static Discharge+1","Compile Driver","Ball Lightning","Conserve Battery","Static Discharge+1","Creative AI+1","Coolheaded","Loop+1","Apotheosis","Amplify","Capacitor+1","Glacier"],"relics":["Cracked Core","Symbiotic Virus","Frozen Egg 2","Oddly Smooth Stone","Sozu","Enchiridion","Boot","Tiny Chest","Dream Catcher"],"potions_floor_usage":[16,23],"damage_taken":[{"damage":1,"enemies":"Cultist","floor":1,"turns":3},{"damage":30,"enemies":"3 Sentries","floor":6,"turns":7},{"damage":0,"enemies":"2 Louse","floor":8,"turns":1},{"damage":0,"enemies":"Small Slimes","floor":11,"turns":3},{"damage":13,"enemies":"3 Louse","floor":12,"turns":2},{"damage":2,"enemies":"Exordium Thugs","floor":13,"turns":3},{"damage":15,"enemies":"Gremlin Gang","floor":14,"turns":1},{"damage":12,"enemies":"Slime Boss","floor":16,"turns":6},{"damage":13,"enemies":"2 Thieves","floor":18,"turns":3},{"damage":0,"enemies":"Chosen","floor":21,"turns":4},{"damage":41,"enemies":"Slavers","floor":23,"turns":4},{"damage":21,"enemies":"Shelled Parasite and Fungi","floor":25,"turns":7},{"damage":0,"enemies":"Snecko","floor":28,"turns":2},{"damage":15,"enemies":"Cultist and Chosen","floor":29,"turns":4}],"seed_played":"-788928418285829503","potions_obtained":[{"floor":1,"key":"FairyPotion"},{"floor":6,"key":"PowerPotion"},{"floor":16,"key":"Explosive Potion"}],"is_trial":false,"path_per_floor":["M","T","$","?","?","E","?","M","T","R","M","M","M","M","R","B",null,"M","?","?","M","?","E","R","M","T","$","M","M"],"character_chosen":"DEFECT","items_purchased":["Apotheosis","Amplify","Capacitor+1"],"campfire_rested":3,"item_purchase_floors":[27,27,27],"current_hp_per_floor":[74,74,74,63,56,26,26,26,26,48,48,35,33,18,40,28,75,62,46,46,46,46,5,27,6,6,6,6,0],"gold":171,"neow_bonus":"UPGRADE_CARD","is_prod":false,"is_daily":false,"chose_seed":false,"campfire_upgraded":0,"win_rate":0,"timestamp":1549493334,"path_taken":["M","?","$","?","?","E","?","?","T","R","M","M","M","?","R","BOSS","M","?","?","M","?","E","R","?","T","$","M","M"],"build_version":"2019-01-23","purchased_purges":2,"victory":false,"max_hp_per_floor":[75,75,75,75,75,75,75,75,75,75,75,75,75,75,75,75,75,75,75,75,75,75,75,75,75,75,75,75,75],"card_choices":[{"not_picked":["Sunder","Beam Cell"],"picked":"Skim","floor":1},{"not_picked":["Rebound","Force Field"],"picked":"Static Discharge","floor":6},{"not_picked":["Sunder","Coolheaded"],"picked":"Compile Driver","floor":8},{"not_picked":["Doom and Gloom","Beam Cell"],"picked":"Ball Lightning","floor":11},{"not_picked":["Turbo","Redo"],"picked":"Conserve Battery","floor":12},{"not_picked":["Conserve Battery","Hyperbeam"],"picked":"Static Discharge+1","floor":13},{"not_picked":["Beam Cell","Steam Power","Turbo"],"picked":"SKIP","floor":14},{"not_picked":["Hyperbeam","Seek"],"picked":"Creative AI+1","floor":16},{"not_picked":["Compile Driver","Gash+1","Beam Cell"],"picked":"SKIP","floor":18},{"not_picked":["Compile Driver+1","Chaos"],"picked":"Coolheaded","floor":21},{"not_picked":["Beam Cell","Barrage","Turbo"],"picked":"SKIP","floor":23},{"not_picked":["Steam Power+1","Ball Lightning"],"picked":"Loop+1","floor":25},{"not_picked":["Aggregate+1","Loop+1"],"picked":"Glacier","floor":28}],"player_experience":157593,"relics_obtained":[{"floor":2,"key":"Symbiotic Virus"},{"floor":6,"key":"Frozen Egg 2"},{"floor":9,"key":"Oddly Smooth Stone"},{"floor":19,"key":"Enchiridion"},{"floor":23,"key":"Tiny Chest"},{"floor":26,"key":"Dream Catcher"}],"event_choices":[{"damage_healed":0,"gold_gain":75,"player_choice":"Gather Gold","damage_taken":11,"max_hp_gain":0,"max_hp_loss":0,"event_name":"World of Goop","floor":4,"gold_loss":0},{"cards_removed":["Strike_B"],"damage_healed":0,"gold_gain":0,"player_choice":"Card Removal","damage_taken":7,"max_hp_gain":0,"max_hp_loss":0,"event_name":"Golden Wing","floor":5,"gold_loss":0},{"cards_removed":["Strike_B"],"damage_healed":0,"gold_gain":0,"player_choice":"Forget","damage_taken":0,"max_hp_gain":0,"max_hp_loss":0,"event_name":"Living Wall","floor":7,"gold_loss":0},{"damage_healed":0,"gold_gain":0,"player_choice":"Obtained Book","damage_taken":16,"max_hp_gain":0,"max_hp_loss":0,"event_name":"Cursed Tome","floor":19,"gold_loss":0},{"damage_healed":0,"gold_gain":0,"player_choice":"Obtained Relic","damage_taken":0,"relics_obtained":["Boot"],"max_hp_gain":0,"max_hp_loss":0,"event_name":"Addict","floor":20,"gold_loss":85},{"damage_healed":0,"gold_gain":100,"player_choice":"Pray","damage_taken":0,"max_hp_gain":0,"max_hp_loss":0,"event_name":"Golden Shrine","floor":22,"gold_loss":0}],"is_beta":false,"boss_relics":[{"not_picked":["Fusion Hammer","Inserter"],"picked":"Sozu"}],"items_purged_floors":[3,27],"is_endless":false,"potions_floor_spawned":[1,6,16,21,23],"killed_by":"Cultist and Chosen","ascension_level":3}