{"gold_per_floor":[118,118,118,49,65,91,10,10,88,88,107,125,144,161,161,261,261,271,281,281,295,295,295,326,326,353,373,452,465,65,85,85,190,190,210,230,246,246,260,260,260,260,287,338,338,338,12,12,12,12],"floor_reached":50,"playtime":1929,"items_purged":["Strike_B","Strike_B"],"score":487,"play_id":"e67ef076-15e3-42e1-bd29-7bfd72ce571c","local_time":"20180705092129","is_ascension_mode":false,"campfire_choices":[{"data":"Electrodynamics","floor":8,"key":"SMITH"},{"data":"Static Discharge","floor":10,"key":"SMITH"},{"data":"Hello World","floor":15,"key":"SMITH"},{"floor":23,"key":"REST"},{"data":"Auto Shields","floor":25,"key":"SMITH"},{"data":"Go for the Eyes","floor":32,"key":"SMITH"},{"data":"Zap","floor":40,"key":"SMITH"},{"data":"Amplify","floor":42,"key":"SMITH"},{"floor":45,"key":"REST"},{"floor":49,"key":"REST"}],"neow_cost":"NONE","seed_source_timestamp":252003574197295,"circlet_count":0,"master_deck":["Defend_B","Defend_B","Defend_B","Zap+1","Dualcast","Redo","Jack Of All Trades","Electrodynamics+1","Static Discharge+1","Go for the Eyes+1","Conserve Battery","Capacitor","Capacitor","Conserve Battery","Hello World+1","Amplify+1","Redo+1","Auto Shields+1","Decay","Fusion+1","White Noise+1","Go for the Eyes","Loop+1","Conserve Battery","Echo Form+1","Conserve Battery","Bandage Up","Clumsy","Defragment+1","White Noise"],"relics":["Cracked Core","Blood Vial","Letter Opener","Matryoshka","Empty Cage","Bird Faced Urn","Pear","Art of War","Pen Nib","Frozen Egg 2","Bottled Flame","Cursed Key","Juzu Bracelet","Girya","Ice Cream"],"potions_floor_usage":[16,16,21,24,29,33,33,46,46,50,50],"damage_taken":[{"damage":10,"enemies":"2 Louse","floor":1,"turns":3},{"damage":6,"enemies":"Jaw Worm","floor":5,"turns":3},{"damage":12,"enemies":"3 Sentries","floor":6,"turns":3},{"damage":0,"enemies":"Cultist","floor":11,"turns":3},{"damage":0,"enemies":"Large Slime","floor":12,"turns":5},{"damage":6,"enemies":"Exordium Wildlife","floor":13,"turns":2},{"damage":12,"enemies":"3 Louse","floor":14,"turns":2},{"damage":14,"enemies":"Hexaghost","floor":16,"turns":8},{"damage":18,"enemies":"Chosen","floor":18,"turns":5},{"damage":3,"enemies":"3 Byrds","floor":19,"turns":2},{"damage":33,"enemies":"Centurion and Healer","floor":21,"turns":5},{"damage":38,"enemies":"Slavers","floor":24,"turns":4},{"damage":15,"enemies":"Snecko","floor":27,"turns":6},{"damage":11,"enemies":"Cultist and Chosen","floor":29,"turns":6},{"damage":13,"enemies":"Snake Plant","floor":31,"turns":4},{"damage":58,"enemies":"Champ","floor":33,"turns":10},{"damage":19,"enemies":"Orb Walker","floor":35,"turns":4},{"damage":64,"enemies":"3 Darklings","floor":36,"turns":6},{"damage":12,"enemies":"4 Shapes","floor":37,"turns":4},{"damage":30,"enemies":"Maw","floor":39,"turns":7},{"damage":74,"floor":44,"turns":5},{"damage":24,"floor":46,"turns":6},{"damage":96,"enemies":"Time Eater","floor":50,"turns":6}],"seed_played":"3936734947129755126","potions_obtained":[{"floor":1,"key":"Strength Potion"},{"floor":6,"key":"Strength Potion"},{"floor":16,"key":"Poison Potion"},{"floor":19,"key":"Block Potion"},{"floor":24,"key":"Block Potion"},{"floor":27,"key":"FearPotion"},{"floor":29,"key":"Regen Potion"},{"floor":33,"key":"FearPotion"},{"floor":37,"key":"EssenceOfSteel"},{"floor":44,"key":"Regen Potion"}],"is_trial":false,"path_per_floor":["M","?","?","$","M","E","$","R","T","R","M","M","M","M","R","B",null,"M","M","?","M","?","R","E","R","T","M","T","M","$","M","R","B",null,"M","M","M","?","M","R","?","R","T","?","R","?","$","?","R"],"character_chosen":"DEFECT","items_purchased":["Static Discharge","Capacitor","Bottled Flame","Loop+1","Defragment+1","White Noise","GamblersBrew","Strength Potion"],"campfire_rested":3,"item_purchase_floors":[4,7,30,30,47,47,47,47],"current_hp_per_floor":[65,65,65,65,61,51,51,51,51,51,53,55,51,48,48,43,75,71,70,70,46,46,68,46,46,56,64,64,81,81,74,74,55,85,81,61,72,72,72,72,72,72,72,25,50,78,78,78,85,0],"gold":12,"neow_bonus":"RANDOM_COMMON_RELIC","is_prod":false,"is_daily":false,"chose_seed":false,"campfire_upgraded":7,"win_rate":0,"timestamp":1530775289,"path_taken":["M","?","?","?","M","E","$","R","T","R","M","M","M","M","R","BOSS","M","M","?","M","?","R","E","R","T","?","?","?","$","M","R","BOSS","M","M","M","?","M","R","?","R","T","?","R","?","$","?","R","BOSS"],"build_version":"2018-06-28","purchased_purges":2,"victory":false,"max_hp_per_floor":[75,75,75,75,75,75,75,75,75,75,75,75,75,75,75,75,75,75,75,75,75,75,75,75,75,85,85,85,85,85,85,85,85,85,85,85,85,85,85,85,85,85,85,85,85,85,85,85,85,85],"card_choices":[{"not_picked":["Chaos","Recycle"],"picked":"Redo","floor":1},{"not_picked":["Blizzard","Scrape"],"picked":"Go for the Eyes","floor":5},{"not_picked":["Go for the Eyes","Redo"],"picked":"Conserve Battery","floor":6},{"not_picked":["Turbo","Gash"],"picked":"Capacitor","floor":11},{"not_picked":["Chaos","Steam"],"picked":"Self Repair","floor":12},{"not_picked":["Barrage","Rebound"],"picked":"Conserve Battery","floor":13},{"not_picked":["Streamline","Meteor Strike"],"picked":"Hello World","floor":14},{"not_picked":["Core Surge","Electrodynamics"],"picked":"Amplify","floor":16},{"not_picked":["Steam","Ball Lightning"],"picked":"Redo+1","floor":18},{"not_picked":["Leap","Conserve Battery"],"picked":"Auto Shields","floor":19},{"not_picked":["Stack","All For One"],"picked":"Fusion+1","floor":21},{"not_picked":["Gash","Creative AI"],"picked":"White Noise+1","floor":24},{"not_picked":["Undo","Stack","Chill"],"picked":"SKIP","floor":27},{"not_picked":["Gash+1","Steam"],"picked":"Go for the Eyes","floor":29},{"not_picked":["Rebound","Heatsinks+1"],"picked":"Conserve Battery","floor":31},{"not_picked":["Seek","Machine Learning+1"],"picked":"Echo Form+1","floor":33},{"not_picked":["Streamline+1","Capacitor+1","Tempest+1"],"picked":"SKIP","floor":35},{"not_picked":["Ball Lightning","Double Energy+1"],"picked":"Conserve Battery","floor":36},{"not_picked":["Scrape","Multi-Cast","Heatsinks+1"],"picked":"SKIP","floor":37},{"not_picked":["Deep Breath","Madness"],"picked":"Bandage Up","floor":38},{"not_picked":["Hologram+1","Gash","Stack"],"picked":"SKIP","floor":39}],"player_experience":78807,"relics_obtained":[{"floor":6,"key":"Letter Opener"},{"floor":9,"key":"Matryoshka"},{"floor":24,"key":"Bird Faced Urn"},{"floor":26,"key":"Pear"},{"floor":26,"key":"Art of War"},{"floor":28,"key":"Pen Nib"},{"floor":28,"key":"Frozen Egg 2"},{"floor":43,"key":"Juzu Bracelet"},{"floor":44,"key":"Girya"},{"floor":46,"key":"Ice Cream"}],"event_choices":[{"event_name":"Living Wall","player_choice":"Forget","floor":2,"damage_taken":0},{"event_name":"Match and Keep!","player_choice":"2 cards matched","floor":3,"damage_taken":0},{"event_name":"Forgotten Altar","player_choice":"Smashed Altar","floor":20,"damage_taken":0},{"event_name":"Drug Dealer","player_choice":"Ignored","floor":22,"damage_taken":0},{"event_name":"SensoryStone","player_choice":"Memory 1","floor":38,"damage_taken":0},{"event_name":"Tomb of Lord Red Mask","player_choice":"Ignored","floor":41,"damage_taken":0},{"event_name":"Mysterious Sphere","player_choice":"Fight","floor":44,"damage_taken":0},{"event_name":"MindBloom","player_choice":"Fight","floor":46,"damage_taken":0},{"event_name":"Falling","player_choice":"Removed Power","floor":48,"damage_taken":0}],"boss_relics":[{"not_picked":["Nuclear Battery","Velvet Choker"],"picked":"Empty Cage"},{"not_picked":["Runic Pyramid","Calling Bell"],"picked":"Cursed Key"}],"items_purged_floors":[30,47],"is_endless":false,"potions_floor_spawned":[1,6,16,19,24,27,29,33,37,44],"killed_by":"Time Eater","ascension_level":0}