{"gold_per_floor":[214,164,239,239,251,251,264,264,287,44,61,71,86,100,100,204,204,224,324,163,176,190,190,215,215,215,247,247],"floor_reached":28,"playtime":1565,"items_purged":["Defend_B"],"score":263,"play_id":"afab97bb-02e5-4f3f-8119-901ebe8d9c1f","local_time":"20190424224225","is_ascension_mode":true,"campfire_choices":[{"floor":6,"key":"REST"},{"data":"White Noise","floor":8,"key":"SMITH"},{"floor":15,"key":"REST"},{"floor":23,"key":"REST"},{"floor":25,"key":"REST"}],"neow_cost":"NONE","seed_source_timestamp":1015096141490187,"circlet_count":0,"master_deck":["Strike_B","Strike_B","Strike_B","Strike_B","Defend_B","Defend_B","Zap","Dualcast","Skim","Ball Lightning","White Noise+1","Melter+1","Go for the Eyes+1","Gash+1","Chill","All For One+1","BootSequence+1","Panacea","BootSequence","Chaos","Gash+1"],"relics":["Cracked Core","Potion Belt","Molten Egg 2","Philosopher\u0027s Stone","Gremlin Horn","Bottled Lightning","Symbiotic Virus"],"potions_floor_usage":[11,16,16,24,28],"damage_taken":[{"damage":1,"enemies":"Jaw Worm","floor":1,"turns":3},{"damage":10,"enemies":"Small Slimes","floor":5,"turns":2},{"damage":6,"enemies":"Cultist","floor":7,"turns":3},{"damage":7,"enemies":"2 Fungi Beasts","floor":11,"turns":2},{"damage":16,"enemies":"3 Louse","floor":12,"turns":3},{"damage":13,"enemies":"Red Slaver","floor":13,"turns":2},{"damage":0,"enemies":"2 Fungi Beasts","floor":14,"turns":2},{"damage":32,"enemies":"Hexaghost","floor":16,"turns":7},{"damage":20,"enemies":"Shell Parasite","floor":18,"turns":4},{"damage":0,"enemies":"Spheric Guardian","floor":21,"turns":3},{"damage":18,"enemies":"Cultist and Chosen","floor":22,"turns":6},{"damage":41,"enemies":"Gremlin Leader","floor":24,"turns":8},{"damage":25,"enemies":"Book of Stabbing","floor":27,"turns":5},{"damage":34,"enemies":"Centurion and Healer","floor":28,"turns":4}],"seed_played":"6222926386130292966","potions_obtained":[{"floor":7,"key":"Explosive Potion"},{"floor":12,"key":"FocusPotion"},{"floor":14,"key":"FearPotion"},{"floor":24,"key":"Fruit Juice"},{"floor":27,"key":"Poison Potion"}],"is_trial":false,"path_per_floor":["M","?","?","?","M","R","M","R","T","$","M","M","M","M","R","B",null,"M","?","$","M","M","R","E","R","T","E","M"],"character_chosen":"DEFECT","items_purchased":["Molten Egg 2","Panacea"],"campfire_rested":4,"item_purchase_floors":[10,20],"current_hp_per_floor":[74,74,63,68,58,80,74,74,74,74,67,51,38,38,62,30,80,60,60,60,60,42,66,30,55,55,30,0],"gold":247,"neow_bonus":"HUNDRED_GOLD","is_prod":false,"is_daily":false,"chose_seed":false,"campfire_upgraded":1,"win_rate":0,"timestamp":1556170945,"path_taken":["M","?","?","?","?","R","M","R","T","$","M","M","M","M","R","BOSS","M","?","$","M","M","R","E","R","T","E","M"],"build_version":"2019-01-23","purchased_purges":1,"victory":false,"max_hp_per_floor":[75,75,75,80,80,80,80,80,80,80,80,80,80,80,80,80,80,80,80,80,80,80,80,85,85,85,85,85],"card_choices":[{"not_picked":["Steam","Undo"],"picked":"Skim","floor":1},{"not_picked":["Hologram","Rebound"],"picked":"Ball Lightning","floor":5},{"not_picked":["Recycle","Defragment"],"picked":"White Noise","floor":7},{"not_picked":["Aggregate","Glacier"],"picked":"Melter+1","floor":11},{"not_picked":["Streamline+1","Rebound+1"],"picked":"Go for the Eyes+1","floor":12},{"not_picked":["Stack","Steam"],"picked":"Gash+1","floor":13},{"not_picked":["Melter+1","Compile Driver+1"],"picked":"Chill","floor":14},{"not_picked":["Biased Cognition","Seek"],"picked":"All For One+1","floor":16},{"not_picked":["Redo","Go for the Eyes+1"],"picked":"BootSequence+1","floor":18},{"not_picked":["Sweeping Beam+1","Barrage+1","Cold Snap+1"],"picked":"SKIP","floor":21},{"not_picked":["Rip and Tear+1","Stack"],"picked":"BootSequence","floor":22},{"not_picked":["Rebound+1","Sweeping Beam+1"],"picked":"Chaos","floor":24},{"not_picked":["Sweeping Beam+1","Blizzard+1"],"picked":"Gash+1","floor":27}],"player_experience":98626,"relics_obtained":[{"floor":9,"key":"Potion Belt"},{"floor":24,"key":"Gremlin Horn"},{"floor":26,"key":"Bottled Lightning"},{"floor":27,"key":"Symbiotic Virus"}],"event_choices":[{"cards_removed":["Defend_B"],"damage_healed":0,"gold_gain":0,"player_choice":"Card Removal","damage_taken":0,"max_hp_gain":0,"max_hp_loss":0,"event_name":"The Cleric","floor":2,"gold_loss":50},{"damage_healed":0,"gold_gain":75,"player_choice":"Gather Gold","damage_taken":11,"max_hp_gain":0,"max_hp_loss":0,"event_name":"World of Goop","floor":3,"gold_loss":0},{"damage_healed":0,"gold_gain":0,"player_choice":"Donut","damage_taken":0,"max_hp_gain":5,"max_hp_loss":0,"event_name":"Big Fish","floor":4,"gold_loss":0},{"damage_healed":0,"gold_gain":100,"player_choice":"Pray","damage_taken":0,"max_hp_gain":0,"max_hp_loss":0,"event_name":"Golden Shrine","floor":19,"gold_loss":0}],"is_beta":false,"boss_relics":[{"not_picked":["Tiny House","Coffee Dripper"],"picked":"Philosopher\u0027s Stone"}],"items_purged_floors":[20],"is_endless":false,"potions_floor_spawned":[7,12,14,24,27],"killed_by":"Centurion and Healer","ascension_level":1}