{"gold_per_floor":[11,11,36,60,84,149,149,185,210,210,285,301,319,59,59,190,190,204,119,131,163,196,208,259,290,347,359,404,416,5,24,24,144,144,157,490,501,550,195,226,226,4,4,16,46,72,72],"floor_reached":47,"playtime":4366,"items_purged":["Shame","Regret","Doubt"],"score":937,"play_id":"f6ec0f14-ac8f-4f91-a43d-13f647b2364f","local_time":"20190422022956","is_ascension_mode":true,"campfire_choices":[{"data":"Armaments","floor":10,"key":"SMITH"},{"floor":15,"key":"REST"},{"data":"Juggernaut","floor":23,"key":"SMITH"},{"floor":32,"key":"REST"}],"neow_cost":"NO_GOLD","seed_source_timestamp":2598523536960492,"circlet_count":0,"master_deck":["AscendersBane","Defend_R+1","Defend_R+1","Defend_R+1","Defend_R+1","Bash","Headbutt","Corruption","Uppercut","Armaments+1","Offering","Seeing Red","Shockwave","Exhume","Master of Strategy","Juggernaut+1","Flex+1","Burning Pact+1","Rage","Shrug It Off","Feel No Pain","Body Slam+1","Reaper","Inflame+1","Barricade+1","Clothesline+1","Flex","Power Through","Evolve","Immolate","True Grit","Shrug It Off","Normality"],"relics":["Burning Blood","Tiny Chest","Blood Vial","Strawberry","Cursed Key","MawBank","Pantograph","Orichalcum","Unceasing Top","Medical Kit","Bag of Marbles","Astrolabe","Happy Flower","Oddly Smooth Stone","Gremlin Horn","Question Card","Red Skull","Bronze Scales"],"potions_floor_usage":[6,13,16,24,24,31,33,33],"damage_taken":[{"damage":10,"enemies":"Small Slimes","floor":1,"turns":3},{"damage":1,"enemies":"2 Louse","floor":3,"turns":3},{"damage":14,"enemies":"Jaw Worm","floor":4,"turns":4},{"damage":15,"enemies":"Blue Slaver","floor":5,"turns":5},{"damage":28,"enemies":"Gremlin Nob","floor":6,"turns":4},{"damage":31,"enemies":"Lagavulin","floor":8,"turns":6},{"damage":8,"enemies":"3 Louse","floor":12,"turns":3},{"damage":6,"enemies":"Looter","floor":13,"turns":2},{"damage":23,"enemies":"The Guardian","floor":16,"turns":13},{"damage":18,"enemies":"3 Byrds","floor":18,"turns":5},{"damage":12,"enemies":"Chosen","floor":21,"turns":4},{"damage":12,"enemies":"Snake Plant","floor":22,"turns":2},{"damage":6,"enemies":"Book of Stabbing","floor":24,"turns":3},{"damage":24,"enemies":"3 Cultists","floor":25,"turns":6},{"damage":34,"enemies":"Gremlin Leader","floor":28,"turns":5},{"damage":7,"enemies":"Snecko","floor":31,"turns":4},{"damage":51,"enemies":"Collector","floor":33,"turns":8},{"damage":19,"enemies":"3 Shapes","floor":35,"turns":3},{"damage":22,"enemies":"Orb Walker","floor":37,"turns":4},{"damage":12,"enemies":"Giant Head","floor":40,"turns":9},{"damage":31,"enemies":"Spire Growth","floor":44,"turns":6},{"damage":49,"enemies":"Nemesis","floor":45,"turns":9},{"damage":27,"enemies":"Writhing Mass","floor":47,"turns":2}],"seed_played":"5294352713308663556","potions_obtained":[{"floor":3,"key":"Weak Potion"},{"floor":5,"key":"SteroidPotion"},{"floor":8,"key":"FearPotion"},{"floor":12,"key":"Poison Potion"},{"floor":21,"key":"Swift Potion"},{"floor":22,"key":"AttackPotion"},{"floor":28,"key":"BloodPotion"},{"floor":31,"key":"SkillPotion"},{"floor":35,"key":"Fire Potion"}],"is_trial":false,"path_per_floor":["M","?","M","M","M","E","?","E","T","R","?","M","M","$","R","B",null,"M","?","?","M","M","R","E","M","T","?","E","?","$","M","R","B",null,"M","?","M","T","$","E","T","$","T","M","E","T","M"],"character_chosen":"IRONCLAD","items_purchased":["Exhume","Master of Strategy","Medical Kit","Bag of Marbles","Power Through","Oddly Smooth Stone","Evolve","True Grit","Swift Potion"],"campfire_rested":2,"item_purchase_floors":[14,14,30,30,39,39,39,42,42],"current_hp_per_floor":[68,68,73,65,56,34,58,33,40,40,29,29,31,31,55,40,71,61,61,61,57,53,53,55,39,39,39,13,13,13,22,46,28,68,57,57,55,55,55,66,66,66,66,52,18,18,0],"gold":72,"neow_bonus":"REMOVE_TWO","is_prod":false,"is_daily":false,"chose_seed":false,"campfire_upgraded":2,"win_rate":0,"timestamp":1555914596,"path_taken":["M","?","M","M","M","E","?","E","T","R","?","M","M","$","R","BOSS","M","?","?","M","M","R","E","?","T","?","E","?","$","M","R","BOSS","M","?","M","?","$","E","?","?","T","M","E","?","M"],"build_version":"2019-01-23","purchased_purges":3,"victory":false,"max_hp_per_floor":[80,74,74,74,74,74,74,74,81,81,81,81,81,81,81,81,81,81,81,81,81,81,81,81,81,81,81,81,81,81,81,81,81,81,81,81,81,81,81,81,81,81,81,81,81,81,81],"card_choices":[{"not_picked":["Metallicize","Spot Weakness"],"picked":"Headbutt","floor":1},{"not_picked":["Havoc","Heavy Blade"],"picked":"Corruption","floor":3},{"not_picked":["Wild Strike","True Grit"],"picked":"Uppercut","floor":4},{"not_picked":["Rupture","Clothesline"],"picked":"Armaments","floor":5},{"not_picked":["Iron Wave","Rage","Carnage"],"picked":"SKIP","floor":6},{"not_picked":["Thunderclap","Armaments"],"picked":"Offering","floor":8},{"not_picked":["Shockwave","Bloodletting"],"picked":"Seeing Red","floor":12},{"not_picked":["Cleave","Body Slam"],"picked":"Shockwave","floor":13},{"not_picked":["Feed","Reaper"],"picked":"Juggernaut","floor":16},{"not_picked":["Warcry","Thunderclap"],"picked":"Flex+1","floor":18},{"not_picked":["Cleave","Iron Wave"],"picked":"Burning Pact+1","floor":21},{"not_picked":["Havoc","Blood for Blood+1"],"picked":"Rage","floor":22},{"not_picked":["Clothesline","Whirlwind+1"],"picked":"Shrug It Off","floor":24},{"not_picked":["Pommel Strike","Heavy Blade+1","Headbutt"],"picked":"SKIP","floor":25},{"not_picked":["Fire Breathing+1","Feed"],"picked":"Body Slam+1","floor":28},{"not_picked":["Corruption","Warcry","Headbutt"],"picked":"SKIP","floor":31},{"not_picked":["Limit Break","Berserk"],"picked":"Reaper","floor":33},{"not_picked":["Armaments+1","Clothesline"],"picked":"Flex","floor":35},{"not_picked":["Twin Strike","Anger+1","Thunderclap"],"picked":"SKIP","floor":37},{"not_picked":["Twin Strike","Blood for Blood+1"],"picked":"Immolate","floor":40},{"not_picked":["True Grit+1","Headbutt","Havoc"],"picked":"Shrug It Off","floor":44},{"not_picked":["Cleave","Whirlwind","Wild Strike","Flex+1"],"picked":"SKIP","floor":45}],"player_experience":316529,"relics_obtained":[{"floor":6,"key":"Tiny Chest"},{"floor":8,"key":"Blood Vial"},{"floor":9,"key":"Strawberry"},{"floor":24,"key":"Pantograph"},{"floor":26,"key":"Orichalcum"},{"floor":28,"key":"Unceasing Top"},{"floor":38,"key":"Happy Flower"},{"floor":40,"key":"Gremlin Horn"},{"floor":41,"key":"Question Card"},{"floor":45,"key":"Red Skull"},{"floor":46,"key":"Bronze Scales"}],"event_choices":[{"damage_healed":0,"gold_gain":0,"player_choice":"Lose Max HP","damage_taken":0,"relics_obtained":["Golden Idol"],"max_hp_gain":0,"max_hp_loss":6,"event_name":"Golden Idol","floor":2,"gold_loss":0},{"damage_healed":24,"gold_gain":0,"player_choice":"Banana","damage_taken":0,"max_hp_gain":0,"max_hp_loss":0,"event_name":"Big Fish","floor":7,"gold_loss":0},{"damage_healed":0,"gold_gain":75,"player_choice":"Gather Gold","damage_taken":11,"max_hp_gain":0,"max_hp_loss":0,"event_name":"World of Goop","floor":11,"gold_loss":0},{"damage_healed":0,"gold_gain":0,"player_choice":"Obtained Relic","damage_taken":0,"relics_obtained":["MawBank"],"max_hp_gain":0,"max_hp_loss":0,"event_name":"Addict","floor":19,"gold_loss":85},{"damage_healed":0,"gold_gain":0,"player_choice":"Simplicity","damage_taken":0,"max_hp_gain":0,"max_hp_loss":0,"event_name":"Back to Basics","floor":20,"gold_loss":0,"cards_upgraded":["Strike_R","Strike_R","Strike_R","Defend_R","Defend_R","Defend_R","Defend_R"]},{"damage_healed":0,"gold_gain":0,"player_choice":"Read","damage_taken":0,"max_hp_gain":0,"max_hp_loss":0,"event_name":"The Library","floor":27,"gold_loss":0,"cards_obtained":["Feel No Pain"]},{"damage_healed":0,"gold_gain":0,"player_choice":"Ignored","damage_taken":0,"max_hp_gain":0,"max_hp_loss":0,"event_name":"The Mausoleum","floor":29,"gold_loss":0},{"damage_healed":0,"gold_gain":333,"player_choice":"Gave Idol","damage_taken":0,"max_hp_gain":0,"max_hp_loss":0,"event_name":"The Moai Head","floor":36,"relics_lost":["Golden Idol"],"gold_loss":0}],"is_beta":false,"boss_relics":[{"not_picked":["Eternal Feather","Ectoplasm"],"picked":"Cursed Key"},{"not_picked":["Black Star","Orrery"],"picked":"Astrolabe"}],"items_purged_floors":[30,39,42],"is_endless":false,"potions_floor_spawned":[3,5,8,12,21,22,28,31,35],"killed_by":"Writhing Mass","ascension_level":10}