{"gold_per_floor":[116,116,132,132,207,235,235,269,269,304,254,18,18,31,31,136,136,146,71,71,84,96,96,131,131,131,149,149,7,7,17,17,112,112,127,127,143,143,159,159,159,159,186,203,0,0,11,11,11,11],"floor_reached":51,"playtime":6613,"items_purged":["Strike_B"],"score":754,"play_id":"03698677-fc4c-4363-bf7e-745356c5ff43","local_time":"20190208040449","is_ascension_mode":true,"campfire_choices":[{"data":"Static Discharge","floor":7,"key":"SMITH"},{"data":"Chaos","floor":13,"key":"SMITH"},{"data":"Coolheaded","floor":15,"key":"SMITH"},{"floor":23,"key":"REST"},{"data":"Fission","floor":25,"key":"SMITH"},{"floor":28,"key":"REST"},{"data":"Hologram","floor":30,"key":"SMITH"},{"floor":32,"key":"REST"},{"data":"Beam Cell","floor":40,"key":"SMITH"},{"data":"Skim","floor":41,"key":"SMITH"},{"data":"Auto Shields","floor":42,"key":"PURGE"},{"floor":46,"key":"REST"},{"floor":49,"key":"REST"}],"neow_cost":"NONE","seed_source_timestamp":0,"circlet_count":0,"master_deck":["Defend_B","Defend_B","Defend_B","Defend_B","Zap+1","Dualcast","Static Discharge+1","Cold Snap","Coolheaded+1","Chaos+1","Gash","All For One","Hologram+1","White Noise","Compile Driver","Fission+1","BootSequence+1","Seek","Conserve Battery+1","Echo Form","Scrape","Skim+1","Go for the Eyes","Self Repair+1","Hologram+1","Finesse","Beam Cell+1","Gash"],"special_seed":0,"relics":["Cracked Core","NeowsBlessing","Peace Pipe","WingedGreaves","Orichalcum","Philosopher\u0027s Stone","Nloth\u0027s Gift","Kunai","Gremlin Horn","Orrery","Smiling Mask","Red Mask"],"potions_floor_usage":[10,16,18,27,33,37,47,50],"damage_taken":[{"damage":0.0,"enemies":"2 Louse","floor":1.0,"turns":1.0},{"damage":0.0,"enemies":"Cultist","floor":3.0,"turns":1.0},{"damage":0,"enemies":"3 Sentries","floor":6,"turns":1},{"damage":11,"enemies":"Lagavulin","floor":8,"turns":6},{"damage":10,"enemies":"3 Sentries","floor":10,"turns":5},{"damage":0,"enemies":"Small Slimes","floor":14,"turns":2},{"damage":4,"enemies":"Hexaghost","floor":16,"turns":8},{"damage":6,"enemies":"3 Byrds","floor":18,"turns":3},{"damage":13,"enemies":"Shell Parasite","floor":21,"turns":4},{"damage":22,"enemies":"Sentry and Sphere","floor":22,"turns":6},{"damage":24,"enemies":"Book of Stabbing","floor":24,"turns":5},{"damage":17,"enemies":"Snake Plant","floor":27,"turns":3},{"damage":0,"enemies":"Cultist and Chosen","floor":31,"turns":6},{"damage":35,"enemies":"Champ","floor":33,"turns":15},{"damage":10,"enemies":"Orb Walker","floor":35,"turns":4},{"damage":23,"enemies":"3 Darklings","floor":37,"turns":6},{"damage":28,"enemies":"4 Shapes","floor":39,"turns":7},{"damage":24,"enemies":"Writhing Mass","floor":44,"turns":7},{"damage":13,"enemies":"Maw","floor":47,"turns":9},{"damage":47,"enemies":"Donu and Deca","floor":50,"turns":7}],"seed_played":"3483748759965064751","potions_obtained":[{"floor":6,"key":"Fire Potion"},{"floor":8,"key":"Fire Potion"},{"floor":10,"key":"FocusPotion"},{"floor":21,"key":"Fire Potion"},{"floor":22,"key":"Energy Potion"},{"floor":27,"key":"GamblersBrew"},{"floor":31,"key":"SkillPotion"},{"floor":37,"key":"Poison Potion"},{"floor":47,"key":"Poison Potion"}],"is_trial":false,"path_per_floor":["M","?","M","?","?","E","R","E","T","E","?","$","R","M","R","B",null,"M","?","?","M","M","R","E","R","T","M","R","$","R","M","R","B",null,"M","?","M","?","M","R","R","R","T","M","?","R","M","?","R","B",null],"character_chosen":"DEFECT","items_purchased":["Gash","All For One","Seek"],"campfire_rested":5,"item_purchase_floors":[12,12,29],"current_hp_per_floor":[75,75,75,75,64,64,64,53,53,43,43,43,43,43,43,39,75,69,69,69,56,34,56,32,32,32,15,37,37,37,37,59,24,75,75,75,62,62,44,44,44,44,44,30,30,52,49,49,70,23],"gold":11,"neow_bonus":"THREE_ENEMY_KILL","is_prod":false,"is_daily":false,"chose_seed":false,"campfire_upgraded":7,"win_rate":0,"timestamp":1549616689,"path_taken":["M","?","?","?","?","E","R","E","T","E","?","$","R","M","R","BOSS","M","?","?","?","M","R","E","R","T","M","R","$","R","?","R","BOSS","M","?","M","?","?","R","R","R","T","M","?","R","M","?","R","BOSS"],"build_version":"2019-01-23","purchased_purges":1,"victory":true,"max_hp_per_floor":[75,75,75,75,75,75,75,75,75,75,75,75,75,75,75,75,75,75,75,75,75,75,75,75,75,75,75,75,75,75,75,75,75,75,75,75,75,75,75,75,75,75,75,75,75,75,75,71,71,71],"card_choices":[{"not_picked":["Barrage","Sunder","Turbo"],"picked":"SKIP","floor":1.0},{"not_picked":["Skim","Compile Driver"],"picked":"Static Discharge","floor":3.0},{"not_picked":["Blizzard","Rip and Tear"],"picked":"Cold Snap","floor":6},{"not_picked":["Double Energy","Stack"],"picked":"Coolheaded","floor":8},{"not_picked":["Cold Snap","Go for the Eyes"],"picked":"Chaos","floor":10},{"not_picked":["BootSequence","Chaos"],"picked":"Hologram","floor":14},{"not_picked":["Consume+1","Doom and Gloom"],"picked":"White Noise","floor":18},{"not_picked":["Rebound","Redo"],"picked":"Auto Shields","floor":21},{"not_picked":["Coolheaded","Doom and Gloom"],"picked":"Compile Driver","floor":22},{"not_picked":["Sweeping Beam","Hologram+1"],"picked":"Fission","floor":24},{"not_picked":["Static Discharge","Rip and Tear"],"picked":"BootSequence+1","floor":27},{"not_picked":["Buffer","Cold Snap"],"picked":"Conserve Battery+1","floor":31},{"not_picked":["Meteor Strike","Creative AI"],"picked":"Echo Form","floor":33},{"not_picked":["Storm+1","Leap+1"],"picked":"Scrape","floor":34},{"not_picked":["Leap+1","Sweeping Beam+1"],"picked":"Skim","floor":34},{"not_picked":["Sweeping Beam","Meteor Strike"],"picked":"Go for the Eyes","floor":34},{"not_picked":["Undo","Redo"],"picked":"Self Repair+1","floor":34},{"not_picked":["Go for the Eyes","All For One"],"picked":"Hologram+1","floor":35},{"not_picked":["Sadistic Nature","Magnetism"],"picked":"Finesse","floor":36},{"not_picked":["Recycle+1","Reboot"],"picked":"Beam Cell","floor":37},{"not_picked":["Conserve Battery","Recycle+1","Aggregate"],"picked":"SKIP","floor":39},{"not_picked":["Melter","Double Energy","Rebound"],"picked":"SKIP","floor":44},{"not_picked":["Coolheaded+1","Force Field"],"picked":"Gash","floor":47}],"player_experience":170385,"relics_obtained":[{"floor":6,"key":"Peace Pipe"},{"floor":8,"key":"Blue Candle"},{"floor":9,"key":"WingedGreaves"},{"floor":10,"key":"Orichalcum"},{"floor":24,"key":"Kunai"},{"floor":26,"key":"Gremlin Horn"},{"floor":43,"key":"Smiling Mask"}],"event_choices":[{"damage_healed":0.0,"max_hp_gain":0.0,"max_hp_loss":0.0,"gold_gain":0.0,"event_name":"Accursed Blacksmith","player_choice":"Forge","floor":2.0,"gold_loss":0.0,"damage_taken":0.0,"cards_upgraded":["Zap"]},{"cards_removed":["Strike_B"],"damage_healed":0,"gold_gain":0,"player_choice":"Forget","damage_taken":0,"max_hp_gain":0,"max_hp_loss":0,"event_name":"Living Wall","floor":4,"gold_loss":0},{"damage_healed":0,"gold_gain":75,"player_choice":"Gather Gold","damage_taken":11,"max_hp_gain":0,"max_hp_loss":0,"event_name":"World of Goop","floor":5,"gold_loss":0},{"cards_removed":["Strike_B"],"damage_healed":0,"gold_gain":0,"player_choice":"Card Removal","damage_taken":0,"max_hp_gain":0,"max_hp_loss":0,"event_name":"The Cleric","floor":11,"gold_loss":50},{"cards_removed":["Strike_B"],"damage_healed":0,"gold_gain":0,"player_choice":"Gave Gold","damage_taken":0,"max_hp_gain":0,"max_hp_loss":0,"event_name":"Beggar","floor":19,"gold_loss":75},{"damage_healed":0,"gold_gain":0,"player_choice":"Traded Relic","damage_taken":0,"relics_obtained":["Nloth\u0027s Gift"],"max_hp_gain":0,"max_hp_loss":0,"event_name":"N\u0027loth","floor":20,"relics_lost":["Blue Candle"],"gold_loss":0},{"damage_healed":0,"gold_gain":0,"player_choice":"Memory 1","damage_taken":0,"max_hp_gain":0,"max_hp_loss":0,"event_name":"SensoryStone","floor":36,"gold_loss":0},{"damage_healed":0,"gold_gain":0,"player_choice":"0 cards matched","damage_taken":0,"max_hp_gain":0,"max_hp_loss":0,"event_name":"Match and Keep!","floor":38,"gold_loss":0,"cards_obtained":[]},{"damage_healed":0,"gold_gain":0,"player_choice":"0 cards matched","damage_taken":0,"max_hp_gain":0,"max_hp_loss":0,"event_name":"Match and Keep!","floor":38,"gold_loss":0,"cards_obtained":[]},{"damage_healed":0,"gold_gain":0,"player_choice":"Paid","damage_taken":0,"relics_obtained":["Red Mask"],"max_hp_gain":0,"max_hp_loss":0,"event_name":"Tomb of Lord Red Mask","floor":45,"gold_loss":203},{"damage_healed":0,"gold_gain":0,"player_choice":"Max HP","damage_taken":0,"max_hp_gain":0,"max_hp_loss":4,"event_name":"Winding Halls","floor":48,"gold_loss":0}],"is_beta":false,"boss_relics":[{"not_picked":["Runic Pyramid","White Beast Statue"],"picked":"Philosopher\u0027s Stone"},{"not_picked":["Black Star","Snecko Eye"],"picked":"Orrery"}],"items_purged_floors":[12],"is_endless":false,"potions_floor_spawned":[6,8,10,21,22,27,31,37,47],"ascension_level":3}