{"gold_per_floor":[11,11,11,29,45,79,79,96,121,121,147,147,157,157,157,252,252,263,263,1,13,33,33,65,65,65,94,0,14,14,14,14,114,114,133,133,533,558,577,608,608,643,643,553,553,97,109,124,124,124],"floor_reached":51,"playtime":3115,"items_purged":["Strike_B","Strike_B"],"score":1292,"play_id":"87b76f44-f3e9-4b3d-bf32-8f939429a91f","local_time":"20190512093704","is_ascension_mode":true,"campfire_choices":[{"floor":7,"key":"REST"},{"floor":10,"key":"REST"},{"floor":12,"key":"REST"},{"data":"Zap","floor":15,"key":"SMITH"},{"floor":23,"key":"REST"},{"data":"Double Energy","floor":25,"key":"SMITH"},{"data":"Dualcast","floor":30,"key":"SMITH"},{"floor":32,"key":"REST"},{"data":"Panache","floor":41,"key":"SMITH"},{"floor":45,"key":"REST"},{"floor":49,"key":"REST"}],"neow_cost":"NO_GOLD","seed_source_timestamp":520553182102790,"circlet_count":0,"master_deck":["AscendersBane","Strike_B+1","Defend_B","Defend_B","Defend_B","Defend_B","Zap+1","Dualcast+1","Chill","Gash","Steam","Beam Cell","Go for the Eyes","Go for the Eyes","Electrodynamics","Steam","Sadistic Nature","Double Energy+1","Go for the Eyes","Purity","Panache+1","Finesse","Gash+1"],"relics":["Cracked Core","Unceasing Top","Orichalcum","Oddly Smooth Stone","Strawberry","Runic Dome","Symbiotic Virus","Meat on the Bone","Cables","Sozu","Old Coin","Dream Catcher","Anchor","Bag of Marbles","Dodecahedron","Medical Kit","Ancient Tea Set"],"potions_floor_usage":[6,11,16,21,24,40,40],"damage_taken":[{"damage":1,"enemies":"Jaw Worm","floor":1,"turns":4},{"damage":3,"enemies":"Small Slimes","floor":4,"turns":4},{"damage":3,"enemies":"Cultist","floor":5,"turns":4},{"damage":52,"enemies":"Gremlin Nob","floor":6,"turns":5},{"damage":2,"enemies":"Large Slime","floor":8,"turns":6},{"damage":20,"enemies":"3 Sentries","floor":11,"turns":10},{"damage":1,"enemies":"Blue Slaver","floor":13,"turns":4},{"damage":29,"enemies":"Slime Boss","floor":16,"turns":11},{"damage":0,"enemies":"Spheric Guardian","floor":18,"turns":3},{"damage":15,"enemies":"Chosen","floor":21,"turns":6},{"damage":7,"enemies":"3 Cultists","floor":22,"turns":6},{"damage":25,"enemies":"Slavers","floor":24,"turns":6},{"damage":0,"enemies":"Gremlin Leader","floor":27,"turns":5},{"damage":0,"enemies":"Snake Plant","floor":29,"turns":3},{"damage":40,"enemies":"Automaton","floor":33,"turns":8},{"damage":0,"enemies":"3 Shapes","floor":35,"turns":2},{"damage":0,"enemies":"Mind Bloom Boss Battle","floor":37,"turns":4},{"damage":0,"enemies":"Orb Walker","floor":39,"turns":2},{"damage":0,"enemies":"Giant Head","floor":40,"turns":4},{"damage":44,"enemies":"Nemesis","floor":42,"turns":7},{"damage":13,"enemies":"3 Darklings","floor":47,"turns":3},{"damage":17,"enemies":"Writhing Mass","floor":48,"turns":3},{"damage":2,"enemies":"Awakened One","floor":50,"turns":6}],"seed_played":"-9194922763553899421","potions_obtained":[{"floor":1,"key":"Regen Potion"},{"floor":8,"key":"FocusPotion"},{"floor":11,"key":"FocusPotion"},{"floor":16,"key":"Regen Potion"},{"floor":19,"key":"Block Potion"},{"floor":21,"key":"SteroidPotion"},{"floor":29,"key":"Dexterity Potion"}],"is_trial":false,"path_per_floor":["M","$","?","M","M","E","R","M","T","R","E","R","M","?","R","B",null,"M","?","$","M","M","R","E","R","T","E","?","M","R","?","R","B",null,"M","?","?","T","M","E","R","E","T","?","R","$","M","M","R","B",null],"character_chosen":"DEFECT","items_purchased":["Sadistic Nature","Medical Kit","Ancient Tea Set"],"campfire_rested":7,"item_purchase_floors":[20,46,46],"current_hp_per_floor":[67,67,67,64,61,18,40,38,38,60,47,71,70,70,70,41,72,72,72,72,57,50,74,64,64,64,64,64,64,64,64,82,42,72,72,62,62,62,62,62,62,30,30,30,54,54,53,48,72,70],"gold":124,"neow_bonus":"ONE_RARE_RELIC","is_prod":false,"is_daily":false,"chose_seed":false,"campfire_upgraded":4,"win_rate":0,"timestamp":1557679024,"path_taken":["M","$","?","M","M","E","R","M","T","R","E","R","M","?","R","BOSS","M","?","$","M","?","R","E","R","T","E","?","M","R","?","R","BOSS","M","?","?","?","M","E","R","E","T","?","R","$","?","M","R","BOSS"],"build_version":"2019-01-23","purchased_purges":2,"victory":true,"max_hp_per_floor":[75,75,75,75,75,75,75,75,75,75,82,82,82,82,82,82,82,82,82,82,82,82,82,82,82,82,82,82,82,82,82,82,82,82,82,82,82,82,82,82,82,82,82,82,82,82,82,82,82,82],"card_choices":[{"not_picked":["Loop","Scrape"],"picked":"Chill","floor":1},{"not_picked":["Coolheaded","Beam Cell"],"picked":"Gash","floor":4},{"not_picked":["Leap","Loop"],"picked":"Steam","floor":5},{"not_picked":["Machine Learning","Rebound"],"picked":"Beam Cell","floor":6},{"not_picked":["Hologram","Redo"],"picked":"Go for the Eyes","floor":8},{"not_picked":["Turbo","Conserve Battery"],"picked":"Go for the Eyes","floor":11},{"not_picked":["Loop","Compile Driver","Cold Snap"],"picked":"SKIP","floor":13},{"not_picked":["Hyperbeam","Thunder Strike"],"picked":"Electrodynamics","floor":16},{"not_picked":["Barrage","Steam Power"],"picked":"Steam","floor":18},{"not_picked":["Capacitor","Cold Snap","Undo+1"],"picked":"SKIP","floor":21},{"not_picked":["Skim","Consume","Conserve Battery"],"picked":"SKIP","floor":22},{"not_picked":["Beam Cell","Steam Power"],"picked":"Double Energy","floor":24},{"not_picked":["Ball Lightning","Steam Power","Barrage"],"picked":"SKIP","floor":27},{"not_picked":["Cold Snap","Reinforced Body"],"picked":"Go for the Eyes","floor":29},{"not_picked":["Compile Driver","Turbo","Rip and Tear"],"picked":"SKIP","floor":35},{"not_picked":["Chrysalis","Transmutation"],"picked":"Purity","floor":36},{"not_picked":["Trip","Swift Strike"],"picked":"Panache","floor":36},{"not_picked":["Mayhem","Blind"],"picked":"Finesse","floor":36},{"not_picked":["Lockon","Ball Lightning","Rebound"],"picked":"SKIP","floor":39},{"not_picked":["Streamline","Barrage","Stack+1"],"picked":"SKIP","floor":40},{"not_picked":["Coolheaded","Steam Power","Core Surge"],"picked":"SKIP","floor":42},{"not_picked":["Compile Driver","Turbo","Rebound"],"picked":"SKIP","floor":47},{"not_picked":["Sweeping Beam","Cold Snap","Leap"],"picked":"SKIP","floor":48},{"not_picked":["Hello World","Conserve Battery+1"],"picked":"Gash+1","floor":49}],"player_experience":487577,"relics_obtained":[{"floor":6,"key":"Orichalcum"},{"floor":9,"key":"Oddly Smooth Stone"},{"floor":11,"key":"Strawberry"},{"floor":24,"key":"Symbiotic Virus"},{"floor":26,"key":"Meat on the Bone"},{"floor":27,"key":"Cables"},{"floor":37,"key":"Old Coin"},{"floor":38,"key":"Dream Catcher"},{"floor":40,"key":"Anchor"},{"floor":42,"key":"Bag of Marbles"},{"floor":43,"key":"Dodecahedron"}],"event_choices":[{"damage_healed":0,"gold_gain":0,"player_choice":"Ignored","damage_taken":0,"max_hp_gain":0,"max_hp_loss":0,"event_name":"Liars Game","floor":3,"gold_loss":0},{"damage_healed":0,"gold_gain":0,"player_choice":"Ignored","damage_taken":0,"max_hp_gain":0,"max_hp_loss":0,"event_name":"Golden Idol","floor":14,"gold_loss":0},{"damage_healed":0,"gold_gain":0,"player_choice":"Got Potions","damage_taken":0,"max_hp_gain":0,"max_hp_loss":0,"event_name":"Lab","floor":19,"gold_loss":0},{"damage_healed":0,"gold_gain":0,"player_choice":"Paid Fearfully","damage_taken":0,"max_hp_gain":0,"max_hp_loss":0,"event_name":"Masked Bandits","floor":28,"gold_loss":94},{"damage_healed":0,"gold_gain":0,"player_choice":"Ignored","damage_taken":0,"max_hp_gain":0,"max_hp_loss":0,"event_name":"Beggar","floor":31,"gold_loss":0},{"damage_healed":0,"gold_gain":0,"player_choice":"Memory 3","damage_taken":10,"max_hp_gain":0,"max_hp_loss":0,"event_name":"SensoryStone","floor":36,"gold_loss":0},{"damage_healed":0,"gold_gain":0,"player_choice":"Fight","damage_taken":0,"max_hp_gain":0,"max_hp_loss":0,"event_name":"MindBloom","floor":37,"gold_loss":0},{"cards_removed":["Strike_B"],"damage_healed":0,"gold_gain":0,"player_choice":"Upgrade and Remove","damage_taken":0,"max_hp_gain":0,"max_hp_loss":0,"event_name":"Designer","floor":44,"gold_loss":90,"cards_upgraded":["Strike_B"]}],"is_beta":false,"boss_relics":[{"not_picked":["Orrery","Fusion Hammer"],"picked":"Runic Dome"},{"not_picked":["Tiny House","Cursed Key"],"picked":"Sozu"}],"items_purged_floors":[20,46],"is_endless":false,"potions_floor_spawned":[1,8,11,16,21,22,29,35,37,48],"ascension_level":12}