{"gold_per_floor":[215,215,232,61,77,91,117,292,319,319,379,397,397,407,407,407],"floor_reached":16,"playtime":411,"items_purged":[],"score":102,"play_id":"59a5a0f5-9436-433b-b7de-8eaa6510ab42","local_time":"20190417224656","is_ascension_mode":false,"campfire_choices":[{"data":"Sunder","floor":10,"key":"SMITH"},{"floor":15,"key":"REST"}],"neow_cost":"NONE","seed_source_timestamp":434738207552869,"circlet_count":0,"master_deck":["Strike_B","Strike_B","Strike_B","Strike_B","Defend_B","Defend_B","Defend_B","Defend_B","Zap","Dualcast+1","Sunder+1","Gash","Capacitor","Leap+1","Doubt","Self Repair","Gash"],"relics":["Cracked Core","Lantern","Boot","War Paint","Frozen Egg 2"],"potions_floor_usage":[4,14,16,16],"damage_taken":[{"damage":6,"enemies":"2 Louse","floor":1,"turns":2},{"damage":6,"enemies":"Cultist","floor":3,"turns":3},{"damage":1,"enemies":"Jaw Worm","floor":5,"turns":3},{"damage":8,"enemies":"Exordium Wildlife","floor":6,"turns":4},{"damage":30,"enemies":"Lagavulin","floor":7,"turns":8},{"damage":19,"enemies":"Gremlin Nob","floor":11,"turns":4},{"damage":6,"enemies":"2 Fungi Beasts","floor":12,"turns":3},{"damage":0,"enemies":"3 Louse","floor":14,"turns":1},{"damage":35,"enemies":"The Guardian","floor":16,"turns":7}],"seed_played":"7588767780108726555","potions_obtained":[{"floor":7,"key":"PowerPotion"},{"floor":11,"key":"AttackPotion"},{"floor":14,"key":"LiquidBronze"}],"is_trial":false,"path_per_floor":["M","$","M","$","M","M","E","?","T","R","?","M","?","M","R","B"],"character_chosen":"DEFECT","items_purchased":["Capacitor","Fruit Juice"],"campfire_rested":1,"item_purchase_floors":[4,4],"current_hp_per_floor":[69,69,63,68,67,59,29,29,29,29,10,11,11,11,35,0],"gold":407,"neow_bonus":"HUNDRED_GOLD","is_prod":false,"is_daily":false,"chose_seed":false,"campfire_upgraded":1,"win_rate":0,"timestamp":1555508816,"path_taken":["M","$","M","$","M","M","E","?","T","R","?","M","?","M","R","BOSS"],"build_version":"2019-01-23","purchased_purges":0,"victory":false,"max_hp_per_floor":[75,75,75,80,80,80,80,80,80,80,80,80,80,80,80,80],"card_choices":[{"not_picked":["Go for the Eyes","Sweeping Beam"],"picked":"Sunder","floor":1},{"not_picked":["Fusion","Rip and Tear"],"picked":"Gash","floor":3},{"not_picked":["Rebound","Darkness"],"picked":"Leap","floor":5},{"not_picked":["Rainbow","Cold Snap"],"picked":"Go for the Eyes","floor":6},{"not_picked":["Leap","Rainbow","Turbo"],"picked":"SKIP","floor":7},{"not_picked":["Coolheaded","Blizzard"],"picked":"Self Repair","floor":11},{"not_picked":["Cold Snap","Sweeping Beam"],"picked":"Gash","floor":12},{"not_picked":["Barrage","Redo","Doom and Gloom"],"picked":"SKIP","floor":14}],"player_experience":393688,"relics_obtained":[{"floor":7,"key":"Lantern"},{"floor":9,"key":"Boot"}],"event_choices":[{"damage_healed":0,"gold_gain":175,"player_choice":"AGREE","damage_taken":0,"max_hp_gain":0,"max_hp_loss":0,"event_name":"Liars Game","floor":8,"gold_loss":0,"cards_obtained":["Doubt"]},{"damage_healed":0,"gold_gain":0,"player_choice":"Searched \u00273\u0027 times","damage_taken":0,"relics_obtained":["War Paint"],"max_hp_gain":0,"max_hp_loss":0,"event_name":"Dead Adventurer","floor":11,"gold_loss":0},{"cards_removed":["Go for the Eyes"],"damage_healed":0,"gold_gain":0,"player_choice":"Gave Card","damage_taken":0,"relics_obtained":["Frozen Egg 2"],"max_hp_gain":0,"max_hp_loss":0,"event_name":"WeMeetAgain","floor":13,"gold_loss":0}],"is_beta":false,"boss_relics":[],"items_purged_floors":[],"is_endless":false,"potions_floor_spawned":[7,11,14],"killed_by":"The Guardian","ascension_level":0}