{"gold_per_floor":[110,123,142,158,48,48,64,64,141,171,71,90,90,109,109,213,213,233,148,148,165,180,206,206,218,218,218,15,42,42,59,59,164,164,174,24,48,148,148,148,175,175,175,200,234,234,234,249,249,249,249,249,0,25,25],"floor_reached":55,"playtime":2132,"items_purged":["Decay","Bash","Clumsy","Strike_R"],"score":773,"play_id":"5bbc99ba-bd58-4a38-a0d3-3dab9f8ad042","local_time":"20181202082821","is_ascension_mode":false,"campfire_choices":[{"data":"Clothesline","floor":6,"key":"SMITH"},{"data":"Disarm","floor":8,"key":"SMITH"},{"floor":13,"key":"DIG"},{"floor":15,"key":"DIG"},{"data":"Armaments","floor":24,"key":"SMITH"},{"floor":30,"key":"DIG"},{"floor":32,"key":"DIG"},{"floor":40,"key":"DIG"},{"floor":42,"key":"DIG"},{"floor":47,"key":"RECALL"},{"floor":49,"key":"DIG"},{"data":"Master of Strategy","floor":52,"key":"SMITH"}],"neow_cost":"CURSE","seed_source_timestamp":153608935571848,"circlet_count":0,"master_deck":["Strike_R","Strike_R","Strike_R","Strike_R","Defend_R","Defend_R","Defend_R","Defend_R","Master of Strategy+1","Dark Shackles","Disarm+1","Thunderclap","Pommel Strike","Clothesline+1","Disarm","Flex","Shrug It Off","Metallicize","Pommel Strike","Armaments+1","Inflame","Metallicize","Battle Trance","Burning Pact","Berserk","Intimidate+1","Body Slam+1","Metamorphosis","Body Slam+1","Impervious","Spot Weakness"],"relics":["Burning Blood","Bottled Lightning","Shovel","Bronze Scales","Centennial Puzzle","Cursed Key","Charon\u0027s Ashes","Strawberry","PreservedInsect","Molten Egg 2","Omamori","Juzu Bracelet","Coffee Dripper","Pen Nib","WingedGreaves","Smiling Mask","Shuriken","Bag of Marbles","Ancient Tea Set","Paper Frog","Question Card","Mummified Hand","Singing Bowl"],"potions_floor_usage":[10,16,18,21,25,29,33,33,41,44,50,50],"damage_taken":[{"damage":1,"enemies":"Cultist","floor":1,"turns":4},{"damage":0,"enemies":"Small Slimes","floor":2,"turns":3},{"damage":16,"enemies":"Jaw Worm","floor":3,"turns":5},{"damage":10,"enemies":"3 Louse","floor":4,"turns":4},{"damage":22,"enemies":"Lots of Slimes","floor":7,"turns":4},{"damage":13,"enemies":"Gremlin Nob","floor":10,"turns":4},{"damage":11,"enemies":"2 Fungi Beasts","floor":12,"turns":4},{"damage":8,"enemies":"Large Slime","floor":14,"turns":5},{"damage":7,"enemies":"Hexaghost","floor":16,"turns":13},{"damage":4,"enemies":"Shell Parasite","floor":18,"turns":5},{"damage":12,"enemies":"2 Thieves","floor":21,"turns":4},{"damage":3,"enemies":"Snecko","floor":22,"turns":6},{"damage":8,"enemies":"Gremlin Leader","floor":23,"turns":9},{"damage":19,"enemies":"Sentry and Sphere","floor":25,"turns":6},{"damage":14,"enemies":"Slavers","floor":29,"turns":3},{"damage":18,"enemies":"Shelled Parasite and Fungi","floor":31,"turns":6},{"damage":48,"enemies":"Collector","floor":33,"turns":11},{"damage":6,"enemies":"3 Shapes","floor":35,"turns":4},{"damage":9,"enemies":"Mind Bloom Boss Battle","floor":38,"turns":8},{"damage":20,"enemies":"Reptomancer","floor":41,"turns":5},{"damage":9,"enemies":"Nemesis","floor":44,"turns":5},{"damage":11,"enemies":"Giant Head","floor":45,"turns":7},{"damage":0,"enemies":"Orb Walker","floor":48,"turns":2},{"damage":45,"enemies":"Time Eater","floor":50,"turns":13},{"damage":35,"enemies":"Shield and Spear","floor":54,"turns":5},{"damage":86,"enemies":"The Heart","floor":55,"turns":5}],"seed_played":"-5721897766654787258","potions_obtained":[{"floor":2,"key":"FearPotion"},{"floor":4,"key":"PowerPotion"},{"floor":14,"key":"AttackPotion"},{"floor":16,"key":"Poison Potion"},{"floor":21,"key":"PowerPotion"},{"floor":23,"key":"Weak Potion"},{"floor":27,"key":"Explosive Potion"},{"floor":27,"key":"FearPotion"},{"floor":33,"key":"Weak Potion"},{"floor":41,"key":"Poison Potion"},{"floor":45,"key":"LiquidBronze"},{"floor":48,"key":"Dexterity Potion"}],"is_trial":false,"path_per_floor":["M","M","M","M","$","R","M","R","T","E","$","M","R","M","R","B",null,"M","?","?","M","M","E","R","M","T","?","$","E","R","M","R","B",null,"M","$","T","?","?","R","E","R","T","E","E","?","R","M","R","B",null,"R","$","E","B"],"character_chosen":"IRONCLAD","items_purchased":["Disarm","Battle Trance","Mummified Hand"],"campfire_rested":0,"item_purchase_floors":[5,28,53],"current_hp_per_floor":[80,80,70,66,66,66,50,50,50,43,43,38,38,36,36,35,80,80,80,80,78,80,87,87,74,74,74,74,78,78,66,66,38,87,87,87,87,87,87,87,77,77,77,74,78,78,78,84,84,45,87,87,87,60,0],"gold":25,"neow_bonus":"RANDOM_COLORLESS_2","is_prod":false,"is_daily":false,"chose_seed":false,"campfire_upgraded":4,"win_rate":0,"timestamp":1543735701,"path_taken":["M","M","M","M","$","R","M","R","T","E","?","M","R","M","R","BOSS","M","?","?","M","?","E","R","M","T","?","$","E","R","M","R","BOSS","M","$","?","?","?","R","E","R","T","E","E","?","R","M","R","BOSS","R","$","E","BOSS"],"build_version":"2018-11-15","purchased_purges":4,"victory":false,"max_hp_per_floor":[80,80,80,80,80,80,80,80,80,80,80,80,80,80,80,80,80,80,80,80,80,80,87,87,87,87,87,87,87,87,87,87,87,87,87,87,87,87,87,87,87,87,87,87,87,87,87,87,87,87,87,87,87,89,89],"card_choices":[{"not_picked":["Cleave","Rupture"],"picked":"Disarm","floor":1},{"not_picked":["Perfected Strike","Sword Boomerang"],"picked":"Thunderclap","floor":2},{"not_picked":["Iron Wave","Entrench"],"picked":"Pommel Strike","floor":3},{"not_picked":["Limit Break","Anger"],"picked":"Clothesline","floor":4},{"not_picked":["Perfected Strike","Pommel Strike"],"picked":"Flex","floor":7},{"not_picked":["True Grit","Twin Strike","Clash"],"picked":"SKIP","floor":10},{"not_picked":["Bloodletting","Iron Wave","Limit Break"],"picked":"SKIP","floor":12},{"not_picked":["Body Slam","Whirlwind"],"picked":"Shrug It Off","floor":14},{"not_picked":["Immolate","Fiend Fire"],"picked":"Reaper","floor":16},{"not_picked":["Hemokinesis","Body Slam"],"picked":"Metallicize","floor":18},{"not_picked":["Clash","Iron Wave"],"picked":"Pommel Strike","floor":21},{"not_picked":["Havoc","Cleave"],"picked":"Armaments","floor":22},{"not_picked":["Uppercut","Infernal Blade"],"picked":"Inflame","floor":23},{"not_picked":["Offering","Blood for Blood"],"picked":"Metallicize","floor":25},{"not_picked":["Cleave+1","Heavy Blade"],"picked":"Burning Pact","floor":29},{"not_picked":["Iron Wave+1","Battle Trance","Anger+1"],"picked":"SKIP","floor":31},{"not_picked":["Limit Break","Impervious"],"picked":"Berserk","floor":33},{"not_picked":["Carnage+1","Uppercut+1"],"picked":"Intimidate+1","floor":35},{"not_picked":["Clothesline+1","Flex+1"],"picked":"Body Slam+1","floor":38},{"not_picked":["Jack Of All Trades","Forethought"],"picked":"Metamorphosis","floor":39},{"not_picked":["Iron Wave+1","Sword Boomerang+1"],"picked":"Body Slam+1","floor":41},{"not_picked":["Sever Soul+1","Pommel Strike+1","Power Through"],"picked":"SKIP","floor":44},{"not_picked":["Wild Strike+1","Blood for Blood+1"],"picked":"Impervious","floor":45},{"not_picked":["Clash+1","Flame Barrier"],"picked":"Spot Weakness","floor":48},{"not_picked":["Corruption+1","Combust","Wild Strike+1","Reckless Charge+1"],"picked":"Singing Bowl","floor":54}],"player_experience":167427,"relics_obtained":[{"floor":9,"key":"Bottled Lightning"},{"floor":10,"key":"Shovel"},{"floor":13,"key":"Bronze Scales"},{"floor":15,"key":"Centennial Puzzle"},{"floor":23,"key":"Strawberry"},{"floor":26,"key":"PreservedInsect"},{"floor":29,"key":"Molten Egg 2"},{"floor":30,"key":"Omamori"},{"floor":32,"key":"Juzu Bracelet"},{"floor":37,"key":"Pen Nib"},{"floor":38,"key":"WingedGreaves"},{"floor":40,"key":"Smiling Mask"},{"floor":41,"key":"Shuriken"},{"floor":42,"key":"Bag of Marbles"},{"floor":44,"key":"Ancient Tea Set"},{"floor":45,"key":"Paper Frog"},{"floor":49,"key":"Question Card"},{"floor":54,"key":"Singing Bowl"}],"event_choices":[{"damage_healed":0,"gold_gain":0,"player_choice":"Obtained Relic","damage_taken":0,"relics_obtained":["Charon\u0027s Ashes"],"max_hp_gain":0,"max_hp_loss":0,"event_name":"Addict","floor":19,"gold_loss":85},{"damage_healed":0,"gold_gain":0,"player_choice":"Ignored","damage_taken":0,"max_hp_gain":0,"max_hp_loss":0,"event_name":"Ghosts","floor":20,"gold_loss":0},{"damage_healed":0,"gold_gain":0,"player_choice":"Got Potions","damage_taken":0,"max_hp_gain":0,"max_hp_loss":0,"event_name":"Lab","floor":27,"gold_loss":0},{"damage_healed":0,"gold_gain":0,"player_choice":"Fight","damage_taken":0,"max_hp_gain":0,"max_hp_loss":0,"event_name":"MindBloom","floor":38,"gold_loss":0},{"damage_healed":0,"gold_gain":0,"player_choice":"Memory 1","damage_taken":0,"max_hp_gain":0,"max_hp_loss":0,"event_name":"SensoryStone","floor":39,"gold_loss":0},{"cards_removed":["Reaper"],"damage_healed":0,"gold_gain":0,"player_choice":"Removed Attack","damage_taken":0,"max_hp_gain":0,"max_hp_loss":0,"event_name":"Falling","floor":46,"gold_loss":0}],"is_beta":false,"boss_relics":[{"not_picked":["Runic Dome","Calling Bell"],"picked":"Cursed Key"},{"not_picked":["Runic Cube","Black Blood"],"picked":"Coffee Dripper"}],"items_purged_floors":[5,11,28,36],"is_endless":false,"potions_floor_spawned":[2,4,14,16,21,23,33,41,45,48],"killed_by":"The Heart","ascension_level":0}