{"gold_per_floor":[117,128,53,8,22,22,38,51,51,104,116,126,126,126],"floor_reached":14,"playtime":660,"items_purged":["Strike_B"],"score":143,"play_id":"cb086ead-4062-4bcc-91bd-4806bc6ad3cc","local_time":"20190518143351","is_ascension_mode":true,"campfire_choices":[{"floor":6,"key":"REST"}],"neow_cost":"PERCENT_DAMAGE","seed_source_timestamp":19957338815915,"circlet_count":0,"master_deck":["AscendersBane","Strike_B","Strike_B","Strike_B","Defend_B","Defend_B","Defend_B","Defend_B","Zap","Dualcast","Go for the Eyes","Beam Cell","Streamline","Gash"],"relics":["Cracked Core","Unceasing Top","Shuriken","Dodecahedron"],"potions_floor_usage":[8,8,12],"damage_taken":[{"damage":2,"enemies":"2 Louse","floor":1,"turns":4},{"damage":12,"enemies":"Jaw Worm","floor":2,"turns":3},{"damage":0,"enemies":"Cultist","floor":5,"turns":3},{"damage":33,"enemies":"Exordium Wildlife","floor":7,"turns":5},{"damage":5,"enemies":"Gremlin Gang","floor":8,"turns":4},{"damage":12,"enemies":"2 Fungi Beasts","floor":11,"turns":3},{"damage":0,"enemies":"Looter","floor":12,"turns":2},{"damage":13,"enemies":"Large Slime","floor":14,"turns":1}],"seed_played":"-4358123439609235319","potions_obtained":[{"floor":5,"key":"SpeedPotion"},{"floor":7,"key":"FocusPotion"},{"floor":11,"key":"SpeedPotion"}],"is_trial":false,"path_per_floor":["M","M","$","?","M","R","M","M","T","?","M","M","T","M"],"character_chosen":"DEFECT","items_purchased":[],"campfire_rested":1,"item_purchase_floors":[],"current_hp_per_floor":[44,32,32,32,32,53,20,15,15,15,3,3,3,0],"gold":126,"neow_bonus":"ONE_RARE_RELIC","is_prod":false,"is_daily":false,"chose_seed":false,"campfire_upgraded":0,"win_rate":0,"timestamp":1558215231,"path_taken":["M","M","$","?","M","R","M","M","T","?","M","M","?","?"],"build_version":"2019-01-23","purchased_purges":1,"victory":false,"max_hp_per_floor":[71,71,71,71,71,71,71,71,71,71,71,71,71,71],"card_choices":[{"not_picked":["Steam","Self Repair"],"picked":"Go for the Eyes","floor":1},{"not_picked":["Compile Driver","Sweeping Beam","Sunder"],"picked":"SKIP","floor":2},{"not_picked":["Go for the Eyes","Stack"],"picked":"Beam Cell","floor":5},{"not_picked":["Hologram","Redo"],"picked":"Streamline","floor":7},{"not_picked":["Rebound","Static Discharge"],"picked":"Gash","floor":8},{"not_picked":["Stack","Barrage","Rebound"],"picked":"SKIP","floor":11},{"not_picked":["Sunder","Scrape","Barrage"],"picked":"SKIP","floor":12}],"player_experience":624399,"relics_obtained":[{"floor":9,"key":"Shuriken"},{"floor":13,"key":"Dodecahedron"}],"event_choices":[{"damage_healed":0,"gold_gain":0,"player_choice":"Left Gold","damage_taken":0,"max_hp_gain":0,"max_hp_loss":0,"event_name":"World of Goop","floor":4,"gold_loss":45},{"damage_healed":0,"gold_gain":53,"player_choice":"Gained Gold","damage_taken":0,"max_hp_gain":0,"max_hp_loss":0,"event_name":"Golden Wing","floor":10,"gold_loss":0}],"is_beta":false,"boss_relics":[],"items_purged_floors":[3],"is_endless":false,"potions_floor_spawned":[5,7,11],"killed_by":"Large Slime","ascension_level":14}