{"gold_per_floor":[113,38,52,62,77,77,90,90,90,90,107,122,197,197,197,197],"floor_reached":16,"playtime":698,"items_purged":["Strike_B"],"score":160,"play_id":"c5ff26df-3ecc-421a-a10e-cfa9231a3460","local_time":"20190519094340","is_ascension_mode":true,"campfire_choices":[{"floor":6,"key":"REST"},{"floor":8,"key":"REST"},{"data":"Strike_B","floor":10,"key":"PURGE"},{"floor":15,"key":"REST"}],"neow_cost":"PERCENT_DAMAGE","seed_source_timestamp":36542315908632,"circlet_count":0,"master_deck":["AscendersBane","Strike_B","Strike_B","Defend_B","Defend_B","Defend_B","Defend_B","Zap","Dualcast","Steam","BootSequence","Double Energy","Beam Cell"],"relics":["Cracked Core","Peace Pipe","Unceasing Top","Mercury Hourglass"],"potions_floor_usage":[16,16],"damage_taken":[{"damage":1,"enemies":"Cultist","floor":1,"turns":3},{"damage":6,"enemies":"Jaw Worm","floor":3,"turns":3},{"damage":3,"enemies":"Small Slimes","floor":4,"turns":4},{"damage":4,"enemies":"3 Louse","floor":5,"turns":3},{"damage":7,"enemies":"Lots of Slimes","floor":7,"turns":5},{"damage":5,"enemies":"Exordium Thugs","floor":11,"turns":5},{"damage":1,"enemies":"Looter","floor":12,"turns":4},{"damage":72,"enemies":"Hexaghost","floor":16,"turns":9}],"seed_played":"-3005034765926245753","potions_obtained":[{"floor":4,"key":"EssenceOfSteel"},{"floor":5,"key":"FearPotion"},{"floor":7,"key":"Strength Potion"}],"is_trial":false,"path_per_floor":["M","$","M","M","M","R","M","R","T","R","M","M","?","T","R","B"],"character_chosen":"DEFECT","items_purchased":[],"campfire_rested":3,"item_purchase_floors":[],"current_hp_per_floor":[45,45,39,36,32,53,46,67,67,67,62,61,50,50,71,0],"gold":197,"neow_bonus":"ONE_RARE_RELIC","is_prod":false,"is_daily":false,"chose_seed":false,"campfire_upgraded":0,"win_rate":0,"timestamp":1558284220,"path_taken":["M","$","M","?","M","R","M","R","T","R","M","M","?","?","R","BOSS"],"build_version":"2019-01-23","purchased_purges":1,"victory":false,"max_hp_per_floor":[71,71,71,71,71,71,71,71,71,71,71,71,71,71,71,71],"card_choices":[{"not_picked":["FTL","Barrage"],"picked":"Steam","floor":1},{"not_picked":["Consume","Streamline"],"picked":"BootSequence","floor":3},{"not_picked":["Stack","Scrape","Barrage"],"picked":"SKIP","floor":4},{"not_picked":["Coolheaded","Reprogram"],"picked":"Double Energy","floor":5},{"not_picked":["Sweeping Beam","Coolheaded","Leap"],"picked":"SKIP","floor":7},{"not_picked":["Redo","Scrape"],"picked":"Beam Cell","floor":11},{"not_picked":["Ball Lightning","Redo","Beam Cell"],"picked":"SKIP","floor":12}],"player_experience":639834,"relics_obtained":[{"floor":9,"key":"Unceasing Top"},{"floor":14,"key":"Mercury Hourglass"}],"event_choices":[{"damage_healed":0,"gold_gain":75,"player_choice":"Gather Gold","damage_taken":11,"max_hp_gain":0,"max_hp_loss":0,"event_name":"World of Goop","floor":13,"gold_loss":0}],"is_beta":false,"boss_relics":[],"items_purged_floors":[2],"is_endless":false,"potions_floor_spawned":[4,5,7],"killed_by":"Hexaghost","ascension_level":14}