{"gold_per_floor":[109,123,143,143,161,161,186,186,186,218,236,45,120,153,153,251,251,269,269,289,45,63,63,75,75,124,124,74,0,13,24,24,129,129,144,158,8,22,41,41,70,70,70,83,33,43,43,43,43,43],"floor_reached":51,"playtime":2936,"items_purged":["Strike_R","Regret","Doubt","Parasite"],"score":899,"play_id":"b9d4ae6d-d5f0-4442-9a25-822914c98b07","local_time":"20190530173132","is_ascension_mode":true,"campfire_choices":[{"data":"Pommel Strike","floor":6.0,"key":"SMITH"},{"data":"Twin Strike","floor":8.0,"key":"SMITH"},{"floor":15.0,"key":"REST"},{"data":"Inflame","floor":23.0,"key":"SMITH"},{"data":"Metallicize","floor":25.0,"key":"SMITH"},{"floor":32.0,"key":"REST"},{"floor":40.0,"key":"REST"},{"data":"Barricade","floor":42.0,"key":"SMITH"},{"data":"Demon Form","floor":47.0,"key":"SMITH"},{"data":"Heavy Blade","floor":49.0,"key":"SMITH"}],"neow_cost":"NONE","seed_source_timestamp":115473622204800,"circlet_count":0,"master_deck":["Strike_R","Strike_R","Strike_R","Strike_R","Defend_R","Defend_R","Defend_R","Defend_R","Bash","Headbutt","Pommel Strike+1","Seeing Red+1","Twin Strike+1","Inflame+1","Barricade+1","Metallicize+1","Battle Trance","Demon Form+1","Iron Wave","Cleave","Flex+1","Rage","Heavy Blade+1","Armaments","Iron Wave","Metallicize+1","Twin Strike+1","Twin Strike+1","Armaments+1"],"special_seed":0,"relics":["Burning Blood","Happy Flower","Potion Belt","Bottled Flame","Nunchaku","Bag of Marbles","Calling Bell","Ancient Tea Set","Ornamental Fan","FossilizedHelix","Mummified Hand","Orichalcum","Smiling Mask","MutagenicStrength","White Beast Statue","Vajra","Unceasing Top","Mercury Hourglass"],"potions_floor_usage":[50,50,50,50,50],"damage_taken":[{"damage":13.0,"enemies":"Jaw Worm","floor":1.0,"turns":4.0},{"damage":7.0,"enemies":"Small Slimes","floor":2.0,"turns":4.0},{"damage":0.0,"enemies":"2 Louse","floor":3.0,"turns":3.0},{"damage":0.0,"enemies":"Large Slime","floor":5.0,"turns":2.0},{"damage":39.0,"enemies":"Lagavulin","floor":7.0,"turns":7.0},{"damage":16.0,"enemies":"Gremlin Nob","floor":10.0,"turns":3.0},{"damage":2.0,"enemies":"Exordium Wildlife","floor":11.0,"turns":3.0},{"damage":3.0,"enemies":"Lagavulin","floor":14.0,"turns":6.0},{"damage":15.0,"enemies":"Slime Boss","floor":16.0,"turns":5.0},{"damage":24.0,"enemies":"2 Thieves","floor":18.0,"turns":4.0},{"damage":7.0,"enemies":"Shell Parasite","floor":20.0,"turns":4.0},{"damage":14.0,"enemies":"Centurion and Healer","floor":22.0,"turns":8.0},{"damage":8.0,"enemies":"Snake Plant","floor":24.0,"turns":2.0},{"damage":0.0,"enemies":"3 Cultists","floor":30.0,"turns":4.0},{"damage":11.0,"enemies":"Sentry and Sphere","floor":31.0,"turns":4.0},{"damage":18.0,"enemies":"Collector","floor":33.0,"turns":13.0},{"damage":31.0,"enemies":"3 Darklings","floor":35.0,"turns":6.0},{"damage":0.0,"enemies":"3 Shapes","floor":36.0,"turns":3.0},{"damage":10.0,"enemies":"Writhing Mass","floor":38.0,"turns":7.0},{"damage":19.0,"enemies":"Maw","floor":39.0,"turns":8.0},{"damage":0.0,"enemies":"Giant Head","floor":41.0,"turns":7.0},{"damage":0.0,"enemies":"3 Darklings","floor":44.0,"turns":6.0},{"damage":0.0,"enemies":"Sphere and 2 Shapes","floor":46.0,"turns":3.0},{"damage":69,"enemies":"Time Eater","floor":50,"turns":8}],"seed_played":"3633454500301670279","potions_obtained":[{"floor":1.0,"key":"SpeedPotion"},{"floor":3.0,"key":"Ancient Potion"},{"floor":7.0,"key":"PowerPotion"},{"floor":14.0,"key":"Poison Potion"},{"floor":16.0,"key":"SkillPotion"},{"floor":22.0,"key":"Dexterity Potion"},{"floor":30.0,"key":"Swift Potion"},{"floor":33.0,"key":"Strength Potion"},{"floor":35.0,"key":"Energy Potion"},{"floor":36.0,"key":"SteroidPotion"},{"floor":38.0,"key":"Weak Potion"},{"floor":39.0,"key":"AttackPotion"},{"floor":41.0,"key":"SpeedPotion"},{"floor":44.0,"key":"Swift Potion"},{"floor":46.0,"key":"Regen Potion"}],"is_trial":false,"path_per_floor":["M","M","M","?","M","R","E","R","T","E","M","$","?","E","R","B",null,"M","?","M","$","M","R","M","R","T","?","$","?","M","M","R","B",null,"M","M","$","M","M","R","E","R","T","M","$","M","R","?","R","B",null],"character_chosen":"IRONCLAD","items_purchased":["Metallicize","Battle Trance","Orichalcum","Vajra"],"campfire_rested":3,"item_purchase_floors":[12,12,21,37],"current_hp_per_floor":[73,72,78,78,80,80,47,47,47,37,41,41,30,33,57,48,72,54,54,53,53,45,45,43,43,43,43,43,43,49,44,68,56,74,49,55,55,51,38,62,68,68,68,74,74,77,77,77,77,23],"gold":43,"neow_bonus":"RANDOM_COMMON_RELIC","is_prod":false,"is_daily":false,"chose_seed":false,"campfire_upgraded":7,"win_rate":0,"timestamp":1559262692,"path_taken":["M","M","M","?","M","R","E","R","T","E","M","$","?","E","R","BOSS","M","?","M","$","M","R","M","R","T","?","?","?","M","M","R","BOSS","M","M","$","M","M","R","E","R","T","M","$","M","R","?","R","BOSS"],"build_version":"2019-01-23","purchased_purges":4,"victory":true,"max_hp_per_floor":[80,80,80,80,80,80,80,80,80,80,80,80,80,80,80,80,80,80,80,80,80,80,80,80,80,80,80,80,80,80,80,80,80,80,80,80,80,80,80,80,80,80,80,80,77,77,77,77,77,77],"card_choices":[{"not_picked":["Power Through","Heavy Blade"],"picked":"Headbutt","floor":1.0},{"not_picked":["Anger","Sword Boomerang"],"picked":"Pommel Strike","floor":2.0},{"not_picked":["Warcry","Body Slam"],"picked":"Seeing Red","floor":3.0},{"not_picked":["Corruption","Ghostly Armor","Flex"],"picked":"SKIP","floor":5.0},{"not_picked":["Burning Pact","Hemokinesis"],"picked":"Twin Strike","floor":7.0},{"not_picked":["Sever Soul","Havoc"],"picked":"Inflame","floor":10.0},{"not_picked":["Blood for Blood","Iron Wave"],"picked":"Barricade","floor":11.0},{"not_picked":["Uppercut","Thunderclap","Burning Pact"],"picked":"SKIP","floor":14.0},{"not_picked":["Brutality","Berserk"],"picked":"Demon Form","floor":16.0},{"not_picked":["Wild Strike","Body Slam"],"picked":"Iron Wave","floor":18.0},{"not_picked":["Hemokinesis","Havoc"],"picked":"Cleave","floor":20.0},{"not_picked":["Havoc","Impervious"],"picked":"Flex+1","floor":22.0},{"not_picked":["Body Slam","Fire Breathing"],"picked":"Rage","floor":24.0},{"not_picked":["Havoc","Pommel Strike"],"picked":"Heavy Blade","floor":30.0},{"not_picked":["Hemokinesis","Metallicize"],"picked":"Armaments","floor":31.0},{"not_picked":["Heavy Blade","Inflame"],"picked":"Iron Wave","floor":35.0},{"not_picked":["Armaments+1","Pommel Strike+1"],"picked":"Metallicize+1","floor":36.0},{"not_picked":["Thunderclap+1","Dual Wield","Clothesline"],"picked":"SKIP","floor":38.0},{"not_picked":["Thunderclap+1","Havoc"],"picked":"Twin Strike+1","floor":39.0},{"not_picked":["Anger","Shockwave+1"],"picked":"Twin Strike+1","floor":41.0},{"not_picked":["Heavy Blade","Hemokinesis+1"],"picked":"Armaments+1","floor":44.0},{"not_picked":["Burning Pact+1","Wild Strike+1","Clash"],"picked":"SKIP","floor":46.0}],"player_experience":149078,"relics_obtained":[{"floor":7.0,"key":"Potion Belt"},{"floor":9.0,"key":"Bottled Flame"},{"floor":10.0,"key":"Nunchaku"},{"floor":14.0,"key":"Bag of Marbles"},{"floor":17.0,"key":"Ancient Tea Set"},{"floor":17.0,"key":"Ornamental Fan"},{"floor":17.0,"key":"FossilizedHelix"},{"floor":26.0,"key":"Smiling Mask"},{"floor":41.0,"key":"Unceasing Top"},{"floor":43.0,"key":"Mercury Hourglass"}],"event_choices":[{"damage_healed":0.0,"max_hp_gain":0.0,"max_hp_loss":0.0,"gold_gain":0.0,"event_name":"Living Wall","player_choice":"Grow","floor":4.0,"gold_loss":0.0,"damage_taken":0.0,"cards_upgraded":["Seeing Red"]},{"damage_healed":0.0,"max_hp_gain":0.0,"max_hp_loss":0.0,"gold_gain":75.0,"event_name":"World of Goop","player_choice":"Gather Gold","floor":13.0,"gold_loss":0.0,"damage_taken":11.0},{"damage_healed":0.0,"max_hp_gain":0.0,"max_hp_loss":0.0,"gold_gain":0.0,"event_name":"The Mausoleum","player_choice":"Opened","floor":19.0,"gold_loss":0.0,"damage_taken":0.0,"relics_obtained":["Mummified Hand"]},{"damage_healed":0.0,"max_hp_gain":0.0,"max_hp_loss":0.0,"gold_gain":0.0,"event_name":"Drug Dealer","player_choice":"Inject Mutagens","floor":27.0,"gold_loss":0.0,"damage_taken":0.0,"relics_obtained":["MutagenicStrength"]},{"damage_healed":0.0,"max_hp_gain":0.0,"max_hp_loss":0.0,"gold_gain":0.0,"event_name":"Masked Bandits","player_choice":"Paid Fearfully","floor":29.0,"gold_loss":74.0,"damage_taken":0.0},{"damage_healed":0.0,"max_hp_gain":0.0,"max_hp_loss":0.0,"gold_gain":0.0,"event_name":"SensoryStone","player_choice":"Memory 1","floor":48.0,"gold_loss":0.0,"damage_taken":0.0}],"is_beta":false,"boss_relics":[{"not_picked":["Snecko Eye","Busted Crown"],"picked":"Calling Bell"},{"not_picked":["Runic Dome","Velvet Choker"],"picked":"White Beast Statue"}],"items_purged_floors":[12,21,28,45],"is_endless":false,"potions_floor_spawned":[1,3,7,14,16,22,30,33,35,36,38,39,41,44,46],"ascension_level":5}