{"gold_per_floor":[114,43,59,59,77,88,13,13,39,39,55,83,83,101,101,176,176,191,202,213,9,27,27,27,27,100,135,166,178,190],"floor_reached":30,"playtime":2630,"items_purged":["Strike_B"],"score":416,"play_id":"b6cd466c-8bc0-4d8b-817e-aef9666e8423","local_time":"20190516202046","is_ascension_mode":true,"campfire_choices":[{"floor":10,"key":"REST"},{"data":"Zap","floor":15,"key":"SMITH"},{"floor":23,"key":"REST"},{"floor":25,"key":"REST"},{"floor":29,"key":"REST"}],"neow_cost":"NONE","seed_source_timestamp":638056653299816,"circlet_count":0,"master_deck":["AscendersBane","Defend_B","Defend_B","Defend_B","Defend_B","Zap+1","Dualcast","Capacitor","BootSequence","Conserve Battery","Cold Snap","White Noise+1","Rainbow","Turbo+1","Chill+1","Echo Form+1","BootSequence","Blizzard"],"relics":["Cracked Core","Lantern","Oddly Smooth Stone","Anchor","Astrolabe","Runic Capacitor","Symbiotic Virus","MawBank"],"potions_floor_usage":[11,16,22],"damage_taken":[{"damage":1,"enemies":"Cultist","floor":1,"turns":4},{"damage":0,"enemies":"Jaw Worm","floor":3,"turns":3},{"damage":2,"enemies":"2 Louse","floor":5,"turns":2},{"damage":7,"enemies":"Exordium Wildlife","floor":6,"turns":5},{"damage":5,"enemies":"Large Slime","floor":11,"turns":8},{"damage":6,"enemies":"Lagavulin","floor":12,"turns":10},{"damage":0,"enemies":"Gremlin Gang","floor":14,"turns":6},{"damage":57,"enemies":"Slime Boss","floor":16,"turns":15},{"damage":9,"enemies":"Chosen","floor":18,"turns":7},{"damage":18,"enemies":"3 Byrds","floor":19,"turns":4},{"damage":12,"enemies":"Snake Plant","floor":20,"turns":6},{"damage":9,"enemies":"Snecko","floor":22,"turns":9},{"damage":40,"enemies":"Slavers","floor":27,"turns":9},{"damage":6,"enemies":"Sentry and Sphere","floor":28,"turns":6},{"damage":39,"enemies":"Gremlin Leader","floor":30,"turns":5}],"seed_played":"-576796061937068766","potions_obtained":[{"floor":5,"key":"SkillPotion"},{"floor":11,"key":"Strength Potion"},{"floor":14,"key":"Dexterity Potion"},{"floor":20,"key":"AttackPotion"},{"floor":22,"key":"FearPotion"},{"floor":27,"key":"Fire Potion"}],"is_trial":false,"path_per_floor":["M","$","M","?","M","M","$","?","T","R","M","E","?","M","R","B",null,"M","M","M","$","M","R","?","R","T","E","M","R","E"],"character_chosen":"DEFECT","items_purchased":["BootSequence","Runic Capacitor"],"campfire_rested":4,"item_purchase_floors":[2,21],"current_hp_per_floor":[67,67,67,67,65,58,58,58,58,75,70,64,64,64,64,7,58,49,31,19,19,10,32,32,54,54,14,8,30,0],"gold":190,"neow_bonus":"RANDOM_COMMON_RELIC","is_prod":false,"is_daily":false,"chose_seed":false,"campfire_upgraded":1,"win_rate":0,"timestamp":1558063246,"path_taken":["M","?","M","?","M","M","$","?","T","R","?","E","?","M","R","BOSS","M","M","?","$","M","R","?","R","T","E","M","R","E"],"build_version":"2019-01-23","purchased_purges":1,"victory":false,"max_hp_per_floor":[75,75,75,75,75,75,75,75,75,75,75,75,75,75,75,75,75,75,75,75,75,75,75,75,75,75,75,75,75,75],"card_choices":[{"not_picked":["Steam","Turbo"],"picked":"Capacitor","floor":1},{"not_picked":["Steam Power","Streamline"],"picked":"Conserve Battery","floor":3},{"not_picked":["Multi-Cast","Stack"],"picked":"Cold Snap","floor":5},{"not_picked":["Stack","Double Energy"],"picked":"White Noise","floor":6},{"not_picked":["Heatsinks","Leap","Barrage"],"picked":"SKIP","floor":11},{"not_picked":["Gash","Reprogram","Loop"],"picked":"SKIP","floor":12},{"not_picked":["Gash","Stack","Steam Power"],"picked":"SKIP","floor":14},{"not_picked":["Multi-Cast","All For One"],"picked":"Rainbow","floor":16},{"not_picked":["Coolheaded","Reprogram","Leap"],"picked":"SKIP","floor":18},{"not_picked":["Leap","Self Repair","Genetic Algorithm"],"picked":"SKIP","floor":19},{"not_picked":["Defragment","Cold Snap+1"],"picked":"BootSequence","floor":20},{"not_picked":["Beam Cell","Hologram+1"],"picked":"Blizzard","floor":22},{"not_picked":["Gash","Leap","Compile Driver"],"picked":"SKIP","floor":27},{"not_picked":["Leap","Loop","Compile Driver+1"],"picked":"SKIP","floor":28}],"player_experience":599686,"relics_obtained":[{"floor":9,"key":"Oddly Smooth Stone"},{"floor":12,"key":"Anchor"},{"floor":26,"key":"Symbiotic Virus"},{"floor":27,"key":"MawBank"}],"event_choices":[{"damage_healed":0,"gold_gain":0,"cards_transformed":["Strike_B"],"player_choice":"Change","damage_taken":0,"max_hp_gain":0,"max_hp_loss":0,"event_name":"Living Wall","floor":4,"gold_loss":0,"cards_obtained":["Storm"]},{"damage_healed":0,"gold_gain":0,"player_choice":"Ignored","damage_taken":0,"max_hp_gain":0,"max_hp_loss":0,"event_name":"Liars Game","floor":8,"gold_loss":0},{"damage_healed":0,"gold_gain":0,"player_choice":"Upgraded","damage_taken":0,"max_hp_gain":0,"max_hp_loss":0,"event_name":"Upgrade Shrine","floor":13,"gold_loss":0,"cards_upgraded":["White Noise"]},{"damage_healed":0,"gold_gain":0,"player_choice":"Ignored","damage_taken":0,"max_hp_gain":0,"max_hp_loss":0,"event_name":"Cursed Tome","floor":24,"gold_loss":0}],"is_beta":false,"boss_relics":[{"not_picked":["Orrery","Tiny House"],"picked":"Astrolabe"}],"items_purged_floors":[7],"is_endless":false,"potions_floor_spawned":[5,11,14,20,22,27],"killed_by":"Gremlin Leader","ascension_level":13}