{"gold_per_floor":[115,290,290,290,309,343,343,376,449,449,171,186,204,220,220,220],"floor_reached":16,"playtime":484,"items_purged":["Doubt"],"score":135,"play_id":"322b0593-c92f-4159-ba2f-9a8c8900a8e4","local_time":"20190318231821","is_ascension_mode":false,"campfire_choices":[{"data":"Infernal Blade","floor":7,"key":"SMITH"},{"data":"Feed","floor":10,"key":"SMITH"},{"data":"Metallicize","floor":15,"key":"SMITH"}],"neow_cost":"NONE","seed_source_timestamp":439258039659503,"circlet_count":0,"master_deck":["Strike_R","Strike_R","Strike_R","Strike_R","Strike_R","Defend_R","Defend_R+1","Defend_R+1","Defend_R","Bash","Headbutt","Infernal Blade+1","Pommel Strike","Feed+1","Metallicize+1","Dual Wield+1"],"relics":["Burning Blood","NeowsBlessing","Golden Idol","Blood Vial","Question Card","Toxic Egg 2","ClockworkSouvenir"],"potions_floor_usage":[16],"damage_taken":[{"damage":0,"enemies":"2 Louse","floor":1,"turns":1},{"damage":0,"enemies":"Jaw Worm","floor":5,"turns":1},{"damage":0,"enemies":"3 Sentries","floor":6,"turns":2},{"damage":42,"enemies":"Lagavulin","floor":8,"turns":7},{"damage":0,"enemies":"Cultist","floor":12,"turns":2},{"damage":5,"enemies":"Lots of Slimes","floor":13,"turns":4},{"damage":2,"enemies":"Blue Slaver","floor":14,"turns":4},{"damage":64,"enemies":"The Guardian","floor":16,"turns":15}],"seed_played":"-3791214431887037002","potions_obtained":[{"floor":1,"key":"FairyPotion"},{"floor":13,"key":"Poison Potion"},{"floor":14,"key":"Regen Potion"}],"is_trial":false,"path_per_floor":["M","?","?","?","M","E","R","E","T","R","$","M","M","M","R","B"],"character_chosen":"IRONCLAD","items_purchased":["ClockworkSouvenir"],"campfire_rested":0,"item_purchase_floors":[11],"current_hp_per_floor":[80,80,64,44,50,56,56,22,22,22,22,34,41,47,47,0],"gold":220,"neow_bonus":"THREE_ENEMY_KILL","is_prod":false,"is_daily":false,"chose_seed":false,"campfire_upgraded":3,"win_rate":0,"timestamp":1552918701,"path_taken":["M","?","?","?","?","E","R","E","T","R","?","?","M","M","R","BOSS"],"build_version":"2019-01-23","purchased_purges":1,"victory":false,"max_hp_per_floor":[80,80,80,80,80,80,80,80,80,80,80,84,88,88,88,88],"card_choices":[{"not_picked":["Burning Pact","Evolve"],"picked":"Headbutt","floor":1},{"not_picked":["Seeing Red","Armaments"],"picked":"Infernal Blade","floor":5},{"not_picked":["Bloodletting","True Grit"],"picked":"Pommel Strike","floor":6},{"not_picked":["Sword Boomerang","Heavy Blade"],"picked":"Feed","floor":8},{"not_picked":["Flex+1","Ghostly Armor+1","Body Slam"],"picked":"Metallicize","floor":12},{"not_picked":["Flex+1","Heavy Blade","Perfected Strike"],"picked":"Dual Wield+1","floor":13},{"not_picked":["Warcry+1","Iron Wave","Body Slam","Havoc+1"],"picked":"SKIP","floor":14}],"player_experience":310198,"relics_obtained":[{"floor":6,"key":"Blood Vial"},{"floor":8,"key":"Question Card"},{"floor":9,"key":"Toxic Egg 2"}],"event_choices":[{"damage_healed":0,"gold_gain":175,"player_choice":"AGREE","damage_taken":0,"max_hp_gain":0,"max_hp_loss":0,"event_name":"Liars Game","floor":2,"gold_loss":0,"cards_obtained":["Doubt"]},{"damage_healed":0,"gold_gain":0,"player_choice":"Entered Light","damage_taken":16,"max_hp_gain":0,"max_hp_loss":0,"event_name":"Shining Light","floor":3,"gold_loss":0,"cards_upgraded":["Defend_R","Defend_R"]},{"damage_healed":0,"gold_gain":0,"player_choice":"Take Damage","damage_taken":20,"relics_obtained":["Golden Idol"],"max_hp_gain":0,"max_hp_loss":0,"event_name":"Golden Idol","floor":4,"gold_loss":0}],"is_beta":false,"boss_relics":[],"items_purged_floors":[11],"is_endless":false,"potions_floor_spawned":[1,13,14],"killed_by":"The Guardian","ascension_level":0}