{"path_per_floor":["M","M","?","M","$","R","M","R","T","M","?","R","?","E","R","B",null,"M","M","$","?","M","E","$","?","T","?","M","R","M","?","R"],"character_chosen":"IRONCLAD","items_purchased":["Dead Branch","Corruption","Matryoshka","Feel No Pain"],"gold_per_floor":[361,374,374,389,58,58,69,69,95,114,114,114,114,145,145,274,274,298,311,59,59,80,111,73,73,154,154,170,170,195,195,195,195],"floor_reached":33,"campfire_rested":3,"playtime":1461,"current_hp_per_floor":[44,44,44,50,50,50,56,80,80,76,76,76,56,34,58,30,80,59,62,62,62,68,20,20,20,20,20,17,41,47,47,47,0],"items_purged":[],"gold":195,"score":318,"play_id":"aebc87ae-7f02-4f63-96e0-91ea99e31431","local_time":"20180426113105","is_prod":false,"is_daily":false,"chose_seed":true,"is_ascension_mode":true,"campfire_upgraded":3,"timestamp":1524709865,"path_taken":["M","M","?","M","$","R","M","R","T","M","?","R","?","E","R","BOSS","M","M","$","?","M","E","?","?","T","?","?","R","M","?","R","BOSS"],"build_version":"2018-04-19","seed_source_timestamp":730496368412204,"purchased_purges":0,"victory":false,"master_deck":["Strike_R","Strike_R","Strike_R","Strike_R","Defend_R","Defend_R","Defend_R","Defend_R","Bash+1","Battle Trance","Shrug It Off","Corruption+1","Limit Break","Battle Trance","Armaments","Fiend Fire","Flex","Flame Barrier","Spot Weakness","Body Slam","Uppercut","Rupture","Rage","Demon Form+1","Flex","Feel No Pain","Havoc","Heavy Blade+1","Feed"],"max_hp_per_floor":[80,80,80,80,80,80,80,80,80,80,80,80,80,80,80,80,80,80,80,80,80,80,80,80,80,80,80,80,80,80,80,80,80],"relics":["Burning Blood","Dead Branch","Anchor","Golden Idol","Art of War","Orrery","Matryoshka","Bottled Flame","Vajra","Question Card"],"card_choices":[{"not_picked":["Clothesline","Iron Wave"],"picked":"Battle Trance","floor":1},{"not_picked":["Armaments","Thunderclap"],"picked":"Shrug It Off","floor":2},{"not_picked":["Inflame","Havoc"],"picked":"Limit Break","floor":7},{"not_picked":["Rupture","Thunderclap"],"picked":"Searing Blow","floor":10},{"not_picked":["Cleave","Carnage"],"picked":"Armaments","floor":14},{"not_picked":["Brutality","Juggernaut"],"picked":"Fiend Fire","floor":16},{"not_picked":["Thunderclap","True Grit"],"picked":"Flex","floor":17},{"not_picked":["True Grit","Whirlwind"],"picked":"Flame Barrier","floor":17},{"not_picked":["Entrench","Sword Boomerang"],"picked":"Spot Weakness","floor":17},{"not_picked":["True Grit","Pommel Strike"],"picked":"Body Slam","floor":17},{"not_picked":["Perfected Strike","Clothesline"],"picked":"Uppercut","floor":17},{"not_picked":["Heavy Blade","Headbutt"],"picked":"Rupture","floor":18},{"not_picked":["Body Slam","Sword Boomerang"],"picked":"Rage","floor":19},{"not_picked":["Inflame","Bloodletting"],"picked":"Demon Form","floor":22},{"not_picked":["Thunderclap","Limit Break"],"picked":"Flex","floor":23},{"not_picked":["Clash","Headbutt","True Grit"],"picked":"Havoc","floor":28},{"not_picked":["Twin Strike","Rampage","Armaments"],"picked":"Heavy Blade","floor":30}],"player_experience":140686,"potions_floor_usage":[16,23],"damage_taken":[{"damage":2,"enemies":"2 Louse","floor":1,"turns":2},{"damage":6,"enemies":"Cultist","floor":2,"turns":3},{"damage":0,"enemies":"Small Slimes","floor":4,"turns":3},{"damage":0,"enemies":"Looter","floor":7,"turns":2},{"damage":10,"enemies":"Large Slime","floor":10,"turns":7},{"damage":28,"enemies":"Lagavulin","floor":14,"turns":5},{"damage":34,"enemies":"Hexaghost","floor":16,"turns":7},{"damage":27,"enemies":"Spheric Guardian","floor":18,"turns":4},{"damage":3,"enemies":"3 Byrds","floor":19,"turns":4},{"damage":0,"enemies":"Snecko","floor":22,"turns":3},{"damage":54,"enemies":"Gremlin Leader","floor":23,"turns":6},{"damage":9,"enemies":"Centurion and Healer","floor":28,"turns":4},{"damage":0,"enemies":"Slaver and Parasite","floor":30,"turns":1},{"damage":48,"enemies":"Collector","floor":33,"turns":4}],"event_choices":[{"event_name":"Purifier","player_choice":"One Purge","floor":3,"damage_taken":0},{"event_name":"Living Wall","player_choice":"Change","floor":11,"damage_taken":0},{"event_name":"Golden Idol","player_choice":"Take Damage","floor":13,"damage_taken":0},{"event_name":"Drug Dealer","player_choice":"Ignored","floor":21,"damage_taken":0},{"event_name":"N\u0027loth","player_choice":"Ignored","floor":25,"damage_taken":0},{"event_name":"Vampires","player_choice":"Ignored","floor":27,"damage_taken":0},{"event_name":"Match and Keep!","player_choice":"1 cards matched","floor":31,"damage_taken":0}],"boss_relics":[{"not_picked":["Tiny House","White Beast Statue"],"picked":"Orrery"}],"potions_floor_spawned":[1,22],"seed_played":"8762657302750960836","killed_by":"Collector","ascension_level":4,"is_trial":false}