{"gold_per_floor":[113,288,288,299,314,314,326,361,361,377,377,359,374,340,340,440,440,457,20,34,44,44,44,44],"floor_reached":24,"playtime":2318,"items_purged":[],"score":219,"play_id":"87654a97-9dd2-40b8-9673-da6ac62b2b41","local_time":"20190124022854","is_ascension_mode":true,"campfire_choices":[{"data":"Rebound","floor":6,"key":"SMITH"},{"floor":11,"key":"REST"},{"data":"Machine Learning","floor":15,"key":"SMITH"},{"data":"Hologram","floor":23,"key":"SMITH"}],"neow_cost":"NONE","seed_source_timestamp":1169032228200515,"circlet_count":0,"master_deck":["Strike_B","Defend_B","Defend_B","Defend_B","Defend_B","Zap","Dualcast","Rebound+1","Self Repair","Stack","Melter","Machine Learning+1","Auto Shields","Streamline","Core Surge","Thunder Strike","Rainbow+1","Storm+1","Rebound+1","Hologram+1","Self Repair","Loop"],"relics":["Snecko Eye","Spirit Poop","Blue Candle","Shuriken","Astrolabe","FossilizedHelix"],"potions_floor_usage":[8,16,18,21,24,24,24],"damage_taken":[{"damage":11,"enemies":"2 Louse","floor":1,"turns":3},{"damage":5,"enemies":"Small Slimes","floor":4,"turns":3},{"damage":1,"enemies":"Cultist","floor":5,"turns":4},{"damage":30,"enemies":"Gremlin Gang","floor":7,"turns":5},{"damage":26,"enemies":"Lagavulin","floor":8,"turns":6},{"damage":16,"enemies":"2 Fungi Beasts","floor":10,"turns":3},{"damage":0,"enemies":"Exordium Thugs","floor":12,"turns":4},{"damage":6,"enemies":"3 Louse","floor":13,"turns":3},{"damage":44,"enemies":"Hexaghost","floor":16,"turns":11},{"damage":50,"enemies":"3 Byrds","floor":18,"turns":4},{"damage":5,"enemies":"Chosen","floor":20,"turns":5},{"damage":5,"enemies":"Snecko","floor":21,"turns":4},{"damage":32,"enemies":"Colosseum Slavers","floor":24,"turns":4},{"damage":36,"enemies":"Colosseum Nobs","floor":24,"turns":3}],"seed_played":"2760415792926011646","potions_obtained":[{"floor":5,"key":"SteroidPotion"},{"floor":10,"key":"Regen Potion"},{"floor":12,"key":"Swift Potion"},{"floor":13,"key":"Regen Potion"},{"floor":20,"key":"Energy Potion"},{"floor":21,"key":"Weak Potion"}],"is_trial":false,"path_per_floor":["M","?","?","M","M","R","M","E","T","M","R","M","M","?","R","B",null,"M","$","M","M","?","R","?"],"character_chosen":"DEFECT","items_purchased":["FossilizedHelix","Self Repair","SkillPotion"],"campfire_rested":1,"item_purchase_floors":[19,19,19],"current_hp_per_floor":[64,64,64,59,65,65,42,23,23,7,29,36,37,37,37,8,75,37,37,39,48,48,48,0],"gold":44,"neow_bonus":"BOSS_RELIC","is_prod":false,"is_daily":false,"chose_seed":false,"campfire_upgraded":3,"win_rate":0,"timestamp":1548314934,"path_taken":["M","?","?","M","?","R","?","E","T","M","R","M","M","?","R","BOSS","M","$","M","M","?","R","?"],"build_version":"2019-01-23","purchased_purges":0,"victory":false,"max_hp_per_floor":[75,75,75,75,75,75,75,75,75,75,75,75,75,75,75,75,75,75,75,75,75,75,75,75],"card_choices":[{"not_picked":["Stack","Rip and Tear"],"picked":"Rebound","floor":1},{"not_picked":["Reinforced Body","Heatsinks"],"picked":"Self Repair","floor":4},{"not_picked":["Double Energy","Gash"],"picked":"Stack","floor":5},{"not_picked":["Rebound","Compile Driver"],"picked":"Melter","floor":7},{"not_picked":["Rip and Tear","Cold Snap"],"picked":"Machine Learning","floor":8},{"not_picked":["Compile Driver","Recycle"],"picked":"Auto Shields","floor":10},{"not_picked":["Barrage","Gash"],"picked":"Streamline","floor":12},{"not_picked":["Leap","Stack"],"picked":"Core Surge","floor":13},{"not_picked":["All For One","Hyperbeam"],"picked":"Thunder Strike","floor":16},{"not_picked":["Cold Snap","Beam Cell"],"picked":"Hologram","floor":18},{"not_picked":["Gash+1","Redo"],"picked":"Loop","floor":20},{"not_picked":["Steam","Conserve Battery+1","Beam Cell"],"picked":"SKIP","floor":21}],"player_experience":102806,"relics_obtained":[{"floor":8,"key":"Blue Candle"},{"floor":9,"key":"Shuriken"}],"event_choices":[{"damage_healed":0,"gold_gain":175,"player_choice":"AGREE","damage_taken":0,"max_hp_gain":0,"max_hp_loss":0,"event_name":"Liars Game","floor":2,"gold_loss":0,"cards_obtained":["Doubt"]},{"cards_removed":["Doubt"],"damage_healed":0,"gold_gain":0,"player_choice":"Offered Curse","damage_taken":0,"relics_obtained":["Spirit Poop"],"max_hp_gain":0,"max_hp_loss":0,"event_name":"Bonfire Elementals","floor":3,"gold_loss":0},{"damage_healed":0,"gold_gain":0,"player_choice":"Left Gold","damage_taken":0,"max_hp_gain":0,"max_hp_loss":0,"event_name":"World of Goop","floor":14,"gold_loss":34},{"damage_healed":0,"gold_gain":0,"player_choice":"Ignored","damage_taken":0,"max_hp_gain":0,"max_hp_loss":0,"event_name":"Vampires","floor":22,"gold_loss":0},{"damage_healed":0,"gold_gain":0,"player_choice":"Fight","damage_taken":0,"max_hp_gain":0,"max_hp_loss":0,"event_name":"Colosseum","floor":24,"gold_loss":0},{"damage_healed":0,"gold_gain":0,"player_choice":"Fought Nobs","damage_taken":0,"max_hp_gain":0,"max_hp_loss":0,"event_name":"Colosseum","floor":24,"gold_loss":0}],"is_beta":false,"boss_relics":[{"not_picked":["Empty Cage","Lizard Tail"],"picked":"Astrolabe"}],"items_purged_floors":[],"is_endless":false,"potions_floor_spawned":[5,10,12,13,20,21,24],"killed_by":"Colosseum Nobs","ascension_level":2}