{"gold_per_floor":[109,109,109,10,34,72,3,17,40,71,71,95,95,108,108,236,236,256,156,174,197,216,216,247,247],"floor_reached":25,"playtime":821,"items_purged":["Regret","Strike_R"],"score":245,"play_id":"d3360efe-adb0-4a6f-a34e-78082b0dce0f","local_time":"20181125195433","is_ascension_mode":true,"campfire_choices":[{"floor":13,"key":"REST"},{"data":"Armaments","floor":15,"key":"SMITH"},{"data":"Limit Break","floor":23,"key":"SMITH"}],"neow_cost":"NONE","seed_source_timestamp":179079102462009,"circlet_count":0,"master_deck":["Strike_R","Strike_R","Strike_R","Strike_R","Defend_R","Defend_R","Defend_R","Defend_R","Bash+1","Spot Weakness","Armaments+1","Heavy Blade","Inflame","Pummel","Metallicize","Shrug It Off","Immolate","Pommel Strike","Sword Boomerang","Seeing Red","Demon Form","Flex","Metallicize","Metallicize","Limit Break+1"],"relics":["Burning Blood","Golden Idol","Boot","Letter Opener","Happy Flower","Odd Mushroom","Runic Pyramid","Oddly Smooth Stone"],"potions_floor_usage":[16,16,16,21,22,24],"damage_taken":[{"damage":0,"enemies":"Small Slimes","floor":1,"turns":3},{"damage":0,"enemies":"Jaw Worm","floor":5,"turns":3},{"damage":23,"enemies":"Lagavulin","floor":6,"turns":7},{"damage":1,"enemies":"Cultist","floor":8,"turns":4},{"damage":33,"enemies":"The Mushroom Lair","floor":10,"turns":5},{"damage":0,"enemies":"2 Fungi Beasts","floor":12,"turns":4},{"damage":6,"enemies":"Looter","floor":14,"turns":3},{"damage":45,"enemies":"Slime Boss","floor":16,"turns":9},{"damage":6,"enemies":"3 Byrds","floor":18,"turns":5},{"damage":0,"enemies":"Spheric Guardian","floor":20,"turns":3},{"damage":27,"enemies":"Snake Plant","floor":21,"turns":5},{"damage":9,"enemies":"Snecko","floor":22,"turns":5},{"damage":61,"enemies":"Gremlin Leader","floor":24,"turns":8},{"damage":20,"enemies":"Centurion and Healer","floor":25,"turns":1}],"seed_played":"-6929935979004596835","potions_obtained":[{"floor":5,"key":"SpeedPotion"},{"floor":10,"key":"EssenceOfSteel"},{"floor":14,"key":"Swift Potion"},{"floor":16,"key":"Regen Potion"},{"floor":18,"key":"EssenceOfSteel"},{"floor":21,"key":"BloodPotion"}],"is_trial":false,"path_per_floor":["M","?","?","$","M","E","$","M","T","?","?","M","R","M","R","B",null,"M","$","M","M","M","R","E","M"],"character_chosen":"IRONCLAD","items_purchased":["Armaments","Pummel"],"campfire_rested":1,"item_purchase_floors":[4,7],"current_hp_per_floor":[80,60,60,60,66,49,49,54,54,27,27,33,57,57,57,18,80,80,80,80,66,63,63,16,0],"gold":247,"neow_bonus":"UPGRADE_CARD","is_prod":false,"is_daily":false,"chose_seed":false,"campfire_upgraded":2,"win_rate":0,"timestamp":1543172073,"path_taken":["M","?","?","?","?","E","$","M","T","?","?","M","R","M","R","BOSS","M","$","M","?","M","R","E","M"],"build_version":"2018-11-15","purchased_purges":2,"victory":false,"max_hp_per_floor":[80,80,80,80,80,80,80,80,80,80,80,80,80,80,80,80,80,80,80,80,80,80,80,80,80],"card_choices":[{"not_picked":["Clothesline","Dual Wield"],"picked":"Spot Weakness","floor":1},{"not_picked":["Carnage","Warcry"],"picked":"Heavy Blade","floor":5},{"not_picked":["Dual Wield","Pummel"],"picked":"Inflame","floor":6},{"not_picked":["Uppercut","Shrug It Off"],"picked":"Metallicize","floor":8},{"not_picked":["Bloodletting","Dropkick"],"picked":"Shrug It Off","floor":10},{"not_picked":["Havoc","Corruption"],"picked":"Sword Boomerang","floor":12},{"not_picked":["Reckless Charge","Uppercut"],"picked":"Seeing Red","floor":14},{"not_picked":["Offering","Bludgeon"],"picked":"Demon Form","floor":16},{"not_picked":["Pommel Strike+1","Anger"],"picked":"Flex","floor":18},{"not_picked":["Flame Barrier+1","Battle Trance"],"picked":"Metallicize","floor":20},{"not_picked":["Clothesline","Pommel Strike+1"],"picked":"Metallicize","floor":21},{"not_picked":["True Grit","Power Through"],"picked":"Limit Break","floor":22},{"not_picked":["Clothesline","Sever Soul","Double Tap"],"picked":"SKIP","floor":24}],"player_experience":140131,"relics_obtained":[{"floor":6,"key":"Letter Opener"},{"floor":9,"key":"Happy Flower"},{"floor":10,"key":"Odd Mushroom"},{"floor":24,"key":"Oddly Smooth Stone"}],"event_choices":[{"damage_healed":0,"gold_gain":0,"player_choice":"Take Damage","damage_taken":20,"relics_obtained":["Golden Idol"],"max_hp_gain":0,"max_hp_loss":0,"event_name":"Golden Idol","floor":2,"gold_loss":0},{"damage_healed":0,"gold_gain":0,"player_choice":"Box","damage_taken":0,"relics_obtained":["Boot"],"max_hp_gain":0,"max_hp_loss":0,"event_name":"Big Fish","floor":3,"gold_loss":0,"cards_obtained":["Regret"]},{"damage_healed":0,"gold_gain":0,"player_choice":"Fought Mushrooms","damage_taken":0,"max_hp_gain":0,"max_hp_loss":0,"event_name":"Mushrooms","floor":10,"gold_loss":0},{"damage_healed":0,"gold_gain":0,"player_choice":"2 cards matched","damage_taken":0,"max_hp_gain":0,"max_hp_loss":0,"event_name":"Match and Keep!","floor":11,"gold_loss":0,"cards_obtained":["Immolate","Pommel Strike"]}],"is_beta":false,"boss_relics":[{"not_picked":["Fusion Hammer","Velvet Choker"],"picked":"Runic Pyramid"}],"items_purged_floors":[4,19],"is_endless":false,"potions_floor_spawned":[5,10,14,16,18,21],"killed_by":"Centurion and Healer","ascension_level":2}