{"gold_per_floor":[216,141,152,165,139,139,164,175,200,200,21,40,40,65,65,158,158,172,62,62,62],"floor_reached":21,"playtime":1427,"items_purged":[],"score":335,"play_id":"35b1753f-2203-4115-a822-8ca975e5508b","local_time":"20190601005651","is_ascension_mode":true,"campfire_choices":[{"data":"True Grit","floor":6,"key":"SMITH"},{"floor":15,"key":"REST"}],"neow_cost":"NONE","seed_source_timestamp":1055167780825068,"circlet_count":0,"master_deck":["AscendersBane","Strike_R","Strike_R","Defend_R","Defend_R","Defend_R","Defend_R","Bash","Headbutt","Cleave","Limit Break+1","True Grit+1","Corruption","Battle Trance","Injury","Feel No Pain","Bandage Up","Shockwave","Spot Weakness","Limit Break","Heavy Blade","Disarm","Headbutt"],"relics":["Burning Blood","Bag of Preparation","Orichalcum","Golden Idol","Orrery"],"potions_floor_usage":[14,16,20],"damage_taken":[{"damage":4,"enemies":"2 Louse","floor":1,"turns":4},{"damage":9,"enemies":"Jaw Worm","floor":3,"turns":4},{"damage":12,"enemies":"Small Slimes","floor":4,"turns":4},{"damage":43,"enemies":"3 Sentries","floor":7,"turns":10},{"damage":17,"enemies":"Exordium Thugs","floor":8,"turns":6},{"damage":0,"enemies":"Looter","floor":12,"turns":4},{"damage":2,"enemies":"Gremlin Gang","floor":14,"turns":4},{"damage":13,"enemies":"The Guardian","floor":16,"turns":10},{"damage":52,"enemies":"Spheric Guardian","floor":18,"turns":8},{"damage":3,"enemies":"3 Byrds","floor":20,"turns":2},{"damage":35,"enemies":"Cultist and Chosen","floor":21,"turns":7}],"seed_played":"-6888474209358581131","potions_obtained":[{"floor":1,"key":"EssenceOfSteel"},{"floor":14,"key":"PowerPotion"},{"floor":18,"key":"SmokeBomb"}],"is_trial":false,"path_per_floor":["M","?","M","M","$","R","E","M","T","?","$","M","?","M","R","B",null,"M","?","M","M"],"character_chosen":"IRONCLAD","items_purchased":["True Grit","Feel No Pain","Bandage Up"],"campfire_rested":1,"item_purchase_floors":[5,11,11],"current_hp_per_floor":[70,70,67,61,61,61,24,13,13,13,13,23,23,31,53,50,69,27,27,34,3],"gold":62,"neow_bonus":"HUNDRED_GOLD","is_prod":false,"is_daily":false,"chose_seed":false,"campfire_upgraded":1,"win_rate":0,"timestamp":1559375811,"path_taken":["M","?","M","M","$","R","E","M","T","?","?","M","?","?","R","BOSS","M","?","M","?"],"build_version":"2019-01-23","purchased_purges":0,"victory":false,"max_hp_per_floor":[75,75,75,75,75,75,75,75,75,75,75,75,75,75,75,75,75,75,75,75,75],"card_choices":[{"not_picked":["Rage","Whirlwind"],"picked":"Headbutt","floor":1},{"not_picked":["Body Slam","Perfected Strike"],"picked":"Cleave","floor":3},{"not_picked":["Pummel","Spot Weakness"],"picked":"Limit Break","floor":4},{"not_picked":["Power Through","Anger"],"picked":"Corruption","floor":7},{"not_picked":["Shrug It Off","Anger"],"picked":"Battle Trance","floor":8},{"not_picked":["True Grit","Evolve"],"picked":"Shockwave","floor":12},{"not_picked":["Burning Pact","Warcry"],"picked":"Spot Weakness","floor":14},{"not_picked":["Dark Embrace","Brutality"],"picked":"Limit Break","floor":16},{"not_picked":["True Grit","Havoc"],"picked":"Heavy Blade","floor":17},{"not_picked":["Spot Weakness","Wild Strike"],"picked":"Disarm","floor":17},{"not_picked":["True Grit","Clash"],"picked":"Headbutt","floor":17},{"not_picked":["Wild Strike","Evolve","Headbutt"],"picked":"SKIP","floor":18}],"player_experience":515566,"relics_obtained":[{"floor":7,"key":"Bag of Preparation"},{"floor":9,"key":"Orichalcum"}],"event_choices":[{"cards_removed":["Strike_R"],"damage_healed":0,"gold_gain":0,"player_choice":"Card Removal","damage_taken":0,"max_hp_gain":0,"max_hp_loss":0,"event_name":"The Cleric","floor":2,"gold_loss":75},{"damage_healed":0,"gold_gain":0,"player_choice":"Take Wound","damage_taken":0,"relics_obtained":["Golden Idol"],"max_hp_gain":0,"max_hp_loss":0,"event_name":"Golden Idol","floor":10,"gold_loss":0,"cards_obtained":["Injury"]},{"cards_removed":["Strike_R"],"damage_healed":0,"gold_gain":0,"player_choice":"Purged","damage_taken":0,"max_hp_gain":0,"max_hp_loss":0,"event_name":"Purifier","floor":13,"gold_loss":0},{"cards_removed":["Strike_R"],"damage_healed":0,"gold_gain":0,"player_choice":"Upgrade and Remove","damage_taken":0,"max_hp_gain":0,"max_hp_loss":0,"event_name":"Designer","floor":19,"gold_loss":110,"cards_upgraded":["Limit Break"]}],"is_beta":false,"boss_relics":[{"not_picked":["Lizard Tail","Coffee Dripper"],"picked":"Orrery"}],"items_purged_floors":[],"is_endless":false,"potions_floor_spawned":[1,14,18],"killed_by":"Cultist and Chosen","ascension_level":17}