{"gold_per_floor":[116,131,131,145,145,145,177,177,201,301,314,314,357,373,373,497,497,497,467,1,1,1,1,1,1,1,1,1,1,1],"floor_reached":30,"playtime":1721,"items_purged":["Strike_B"],"score":428,"play_id":"7c65393c-d3f9-4900-a746-ad2fc7abf2b4","local_time":"20190429212412","is_ascension_mode":true,"campfire_choices":[{"floor":6,"key":"REST"},{"floor":12,"key":"REST"},{"floor":15,"key":"REST"},{"data":"Defragment","floor":23,"key":"SMITH"},{"data":"Capacitor","floor":25,"key":"SMITH"}],"neow_cost":"PERCENT_DAMAGE","seed_source_timestamp":29620583759635,"circlet_count":0,"master_deck":["AscendersBane","Strike_B","Strike_B","Strike_B","Defend_B+1","Defend_B","Defend_B","Defend_B","Zap+1","Dualcast+1","Gash","Ball Lightning+1","Sweeping Beam","Beam Cell","Chill","Hologram","Coolheaded","All For One","Defragment+1","Beam Cell","Finesse","FTL","Capacitor+1","Reprogram+1","Gash","Go for the Eyes"],"relics":["Cracked Core","Emotion Chip","Bag of Marbles","Ginger","Golden Idol","Centennial Puzzle","War Paint","Ectoplasm","Toolbox","Orichalcum","Blue Candle","WingedGreaves"],"potions_floor_usage":[16,30],"damage_taken":[{"damage":1,"enemies":"Cultist","floor":1,"turns":3},{"damage":6,"enemies":"2 Louse","floor":2,"turns":2},{"damage":0,"enemies":"Small Slimes","floor":4,"turns":2},{"damage":22,"enemies":"3 Sentries","floor":7,"turns":5},{"damage":0,"enemies":"2 Fungi Beasts","floor":11,"turns":2},{"damage":13,"enemies":"Lagavulin","floor":13,"turns":6},{"damage":11,"enemies":"Exordium Thugs","floor":14,"turns":3},{"damage":8,"enemies":"Slime Boss","floor":16,"turns":10},{"damage":0,"enemies":"3 Byrds","floor":18,"turns":3},{"damage":22,"enemies":"2 Thieves","floor":19,"turns":2},{"damage":0,"enemies":"Sentry and Sphere","floor":22,"turns":4},{"damage":3,"enemies":"Book of Stabbing","floor":24,"turns":5},{"damage":12,"enemies":"Gremlin Leader","floor":28,"turns":4},{"damage":25,"enemies":"Book of Stabbing","floor":30,"turns":3}],"seed_played":"-4986816637925923050","potions_obtained":[{"floor":2,"key":"GamblersBrew"},{"floor":7,"key":"SmokeBomb"},{"floor":11,"key":"FearPotion"},{"floor":22,"key":"Strength Potion"}],"is_trial":false,"path_per_floor":["M","M","?","M","?","R","E","?","T","?","M","R","E","M","R","B",null,"M","M","$","$","M","R","E","R","T","?","E","$","E"],"character_chosen":"DEFECT","items_purchased":["Finesse","FTL","Capacitor","Toolbox"],"campfire_rested":3,"item_purchase_floors":[20,20,20,20],"current_hp_per_floor":[49,43,36,36,21,43,21,21,21,21,21,41,28,17,37,29,59,59,37,37,37,37,37,34,34,34,34,22,22,0],"gold":1,"neow_bonus":"ONE_RARE_RELIC","is_prod":false,"is_daily":false,"chose_seed":false,"campfire_upgraded":2,"win_rate":0,"timestamp":1556587452,"path_taken":["M","M","?","M","?","R","E","?","T","?","?","R","E","M","R","BOSS","M","M","?","$","M","R","E","R","T","?","E","$","E"],"build_version":"2019-01-23","purchased_purges":1,"victory":false,"max_hp_per_floor":[75,75,75,75,75,75,75,69,69,69,69,69,69,69,69,69,69,69,69,69,69,69,69,69,69,69,69,69,69,69],"card_choices":[{"not_picked":["Hologram","Ball Lightning"],"picked":"Gash","floor":1},{"not_picked":["Streamline","Redo"],"picked":"Ball Lightning","floor":2},{"not_picked":["Conserve Battery","Go for the Eyes"],"picked":"Sweeping Beam","floor":4},{"not_picked":["Turbo","Streamline"],"picked":"Beam Cell","floor":7},{"not_picked":["Beam Cell","Cold Snap"],"picked":"Chill","floor":11},{"not_picked":["Streamline","Chill"],"picked":"Hologram","floor":13},{"not_picked":["Stack","Beam Cell"],"picked":"Coolheaded","floor":14},{"not_picked":["Hyperbeam","Seek"],"picked":"All For One","floor":16},{"not_picked":["Darkness+1","Consume"],"picked":"Defragment","floor":18},{"not_picked":["Redo","Barrage"],"picked":"Beam Cell","floor":19},{"not_picked":["Barrage","Reinforced Body"],"picked":"Reprogram+1","floor":22},{"not_picked":["Recycle","Coolheaded+1"],"picked":"Gash","floor":24},{"not_picked":["Redo","Rebound"],"picked":"Go for the Eyes","floor":28}],"player_experience":338492,"relics_obtained":[{"floor":7,"key":"Ginger"},{"floor":9,"key":"Centennial Puzzle"},{"floor":13,"key":"War Paint"},{"floor":24,"key":"Orichalcum"},{"floor":26,"key":"Blue Candle"},{"floor":28,"key":"WingedGreaves"}],"event_choices":[{"damage_healed":0,"gold_gain":0,"player_choice":"Success","damage_taken":7,"relics_obtained":["Bag of Marbles"],"max_hp_gain":0,"max_hp_loss":0,"event_name":"Scrap Ooze","floor":3,"gold_loss":0},{"damage_healed":0,"gold_gain":0,"player_choice":"Entered Light","damage_taken":15,"max_hp_gain":0,"max_hp_loss":0,"event_name":"Shining Light","floor":5,"gold_loss":0,"cards_upgraded":["Defend_B","Ball Lightning"]},{"damage_healed":0,"gold_gain":0,"player_choice":"Lose Max HP","damage_taken":0,"relics_obtained":["Golden Idol"],"max_hp_gain":0,"max_hp_loss":6,"event_name":"Golden Idol","floor":8,"gold_loss":0},{"damage_healed":0,"gold_gain":100,"player_choice":"Pray","damage_taken":0,"max_hp_gain":0,"max_hp_loss":0,"event_name":"Golden Shrine","floor":10,"gold_loss":0},{"damage_healed":0,"gold_gain":100,"player_choice":"Pray","damage_taken":0,"max_hp_gain":0,"max_hp_loss":0,"event_name":"Golden Shrine","floor":27,"gold_loss":0}],"is_beta":false,"boss_relics":[{"not_picked":["White Beast Statue","Cursed Key"],"picked":"Ectoplasm"}],"items_purged_floors":[20],"is_endless":false,"potions_floor_spawned":[2,7,11,22,24],"killed_by":"Book of Stabbing","ascension_level":11}