{"gold_per_floor":[113,127,52,127,175,200,200,200,200,225,225,243,256,284,284,358,358,376,376,395,15,15,15,27,27,97,110,129,145,164,79,79,155,155,168,185,85,105,18,51,65,65,133,71,104,54,54,82,82,82,82,82,82,37,71,71],"floor_reached":57,"playtime":3125,"items_purged":["Strike_B","All For One+1"],"score":3070,"play_id":"eb5a764d-feb2-4931-8532-63c3cb81890d","local_time":"20190526193021","is_ascension_mode":true,"campfire_choices":[{"data":"Zap","floor":7,"key":"SMITH"},{"floor":11,"key":"REST"},{"data":"Sunder","floor":15,"key":"SMITH"},{"data":"Defragment","floor":23,"key":"SMITH"},{"data":"Self Repair","floor":25,"key":"SMITH"},{"data":"Loop","floor":32,"key":"SMITH"},{"floor":42,"key":"RECALL"},{"data":"Loop","floor":47,"key":"SMITH"},{"data":"Loop","floor":49,"key":"SMITH"},{"floor":53,"key":"REST"}],"neow_cost":"NONE","seed_source_timestamp":238956277393811,"circlet_count":0,"master_deck":["AscendersBane","Defend_B+1","Defend_B","Zap+1","Dualcast","Coolheaded+1","Cold Snap","Echo Form","Self Repair+1","Seek+1","Ball Lightning+1","Chaos+1","Defragment+1","BootSequence+1","Capacitor","Loop+1","Amplify+1","Conserve Battery+1","Electrodynamics","Blizzard+1","Cold Snap+1","Hologram+1","Coolheaded+1","Capacitor+1","Loop+1","Coolheaded+1","Loop+1","Core Surge+1","Coolheaded+1","Hologram+1"],"relics":["FrozenCore","NeowsBlessing","War Paint","Pen Nib","Toxic Egg 2","Thread and Needle","Symbiotic Virus","Question Card","Gambling Chip","Astrolabe","The Courier","Pear","Bronze Scales","Cables","Orichalcum"],"potions_floor_usage":[10,27,56,56],"damage_taken":[{"damage":0,"enemies":"Cultist","floor":1,"turns":1},{"damage":0,"enemies":"Small Slimes","floor":2,"turns":1},{"damage":0,"enemies":"Gremlin Nob","floor":6,"turns":1},{"damage":10,"enemies":"3 Sentries","floor":10,"turns":9},{"damage":1,"enemies":"Jaw Worm","floor":12,"turns":3},{"damage":0,"enemies":"3 Louse","floor":13,"turns":3},{"damage":4,"enemies":"Lagavulin","floor":14,"turns":3},{"damage":16,"enemies":"Hexaghost","floor":16,"turns":6},{"damage":0,"enemies":"3 Byrds","floor":18,"turns":4},{"damage":1,"enemies":"2 Thieves","floor":20,"turns":4},{"damage":4,"enemies":"Snake Plant","floor":24,"turns":3},{"damage":0,"enemies":"3 Cultists","floor":27,"turns":5},{"damage":0,"enemies":"Snecko","floor":28,"turns":3},{"damage":2,"enemies":"Cultist and Chosen","floor":29,"turns":7},{"damage":0,"enemies":"3 Cultists","floor":30,"turns":4},{"damage":0,"enemies":"Automaton","floor":33,"turns":9},{"damage":0,"enemies":"3 Shapes","floor":35,"turns":4},{"damage":3,"enemies":"3 Darklings","floor":36,"turns":3},{"damage":0,"enemies":"Sphere and 2 Shapes","floor":38,"turns":4},{"damage":0,"enemies":"Nemesis","floor":40,"turns":5},{"damage":2,"enemies":"Writhing Mass","floor":41,"turns":5},{"damage":0,"enemies":"Giant Head","floor":45,"turns":5},{"damage":0,"enemies":"Reptomancer","floor":48,"turns":4},{"damage":43,"enemies":"Awakened One","floor":50,"turns":14},{"damage":40,"enemies":"Donu and Deca","floor":51,"turns":6},{"damage":0,"enemies":"Shield and Spear","floor":55,"turns":4},{"damage":37,"enemies":"The Heart","floor":56,"turns":8}],"seed_played":"-7613365241702507431","potions_obtained":[{"floor":2,"key":"SpeedPotion"},{"floor":6,"key":"PowerPotion"},{"floor":12,"key":"Ancient Potion"},{"floor":16,"key":"AttackPotion"},{"floor":20,"key":"PowerPotion"},{"floor":29,"key":"SteroidPotion"},{"floor":41,"key":"LiquidBronze"}],"is_trial":false,"path_per_floor":["M","M","?","?","T","E","R","?","T","E","R","M","M","E","R","B",null,"M","?","M","$","?","R","M","R","T","M","M","M","M","?","R","B",null,"M","M","$","M","$","E","M","R","T","$","E","?","R","E","R","B","B",null,"R","$","E","B",null],"character_chosen":"DEFECT","items_purchased":["Question Card","Defragment","Loop","Loop","Coolheaded+1"],"campfire_rested":2,"item_purchase_floors":[21,21,39,44,54],"current_hp_per_floor":[64,64,64,53,53,53,53,46,46,36,57,56,56,52,52,50,66,71,51,64,64,64,64,60,60,60,70,76,76,76,76,76,76,76,76,73,73,76,76,76,76,76,86,86,86,86,86,86,86,63,43,75,86,86,86,59],"gold":71,"neow_bonus":"THREE_ENEMY_KILL","is_prod":false,"is_daily":false,"chose_seed":false,"campfire_upgraded":7,"win_rate":0,"timestamp":1558866621,"path_taken":["M","M","?","?","?","E","R","?","T","E","R","M","M","E","R","BOSS","M","?","M","$","?","R","M","R","T","M","M","M","M","?","R","BOSS","M","M","$","M","$","E","M","R","T","$","E","?","R","E","R","BOSS","BOSS","R","$","E","BOSS"],"build_version":"2019-01-23","purchased_purges":2,"victory":true,"max_hp_per_floor":[71,71,71,71,71,71,71,71,71,71,71,71,71,71,71,71,71,71,76,76,76,76,76,76,76,76,76,76,76,76,76,76,76,76,76,76,76,76,76,76,76,76,86,86,86,86,86,86,86,86,86,86,86,86,86,86],"card_choices":[{"not_picked":["Sweeping Beam","Hello World"],"picked":"Coolheaded","floor":1},{"not_picked":["Gash","Beam Cell","Stack"],"picked":"SKIP","floor":2},{"not_picked":["Reprogram","FTL"],"picked":"Cold Snap","floor":6},{"not_picked":["Hologram+1","Steam+1"],"picked":"Echo Form","floor":10},{"not_picked":["Double Energy+1","Rip and Tear","Storm"],"picked":"SKIP","floor":12},{"not_picked":["Go for the Eyes","Barrage"],"picked":"Sunder","floor":13},{"not_picked":["Scrape","Recycle+1"],"picked":"Self Repair","floor":14},{"not_picked":["Meteor Strike","Machine Learning"],"picked":"Seek+1","floor":16},{"not_picked":["Hello World","Rebound"],"picked":"Ball Lightning","floor":18},{"not_picked":["Lockon","Compile Driver"],"picked":"Chaos+1","floor":20},{"not_picked":["Steam Power+1","Go for the Eyes","Turbo+1","Auto Shields+1"],"picked":"SKIP","floor":24},{"not_picked":["Fusion+1","Coolheaded+1","Redo+1"],"picked":"Capacitor","floor":27},{"not_picked":["White Noise+1","Reinforced Body+1","Beam Cell"],"picked":"Loop","floor":28},{"not_picked":["Go for the Eyes","Rip and Tear","Steam+1"],"picked":"Amplify+1","floor":29},{"not_picked":["Rebound","Go for the Eyes","BootSequence+1"],"picked":"Conserve Battery+1","floor":30},{"not_picked":["Machine Learning","Hyperbeam","Multi-Cast+1"],"picked":"Electrodynamics","floor":33},{"not_picked":["Stack+1","Ball Lightning+1","Steam+1"],"picked":"Hologram+1","floor":35},{"not_picked":["BootSequence+1","Reprogram+1","Genetic Algorithm+1"],"picked":"Coolheaded+1","floor":36},{"not_picked":["Chaos+1","Undo+1","Steam+1"],"picked":"Capacitor+1","floor":38},{"not_picked":["Go for the Eyes","Sweeping Beam+1","Turbo+1","Auto Shields+1"],"picked":"SKIP","floor":40},{"not_picked":["Barrage","Static Discharge","Redo+1"],"picked":"Coolheaded+1","floor":41},{"not_picked":["Static Discharge","Gash","Go for the Eyes"],"picked":"Core Surge","floor":45},{"not_picked":["Redo+1","Compile Driver","Conserve Battery+1","Streamline"],"picked":"SKIP","floor":48},{"not_picked":["Chill+1","Aggregate+1","Sweeping Beam"],"picked":"Hologram+1","floor":55}],"player_experience":567796,"relics_obtained":[{"floor":5,"key":"War Paint"},{"floor":6,"key":"Pen Nib"},{"floor":9,"key":"Toxic Egg 2"},{"floor":10,"key":"Thread and Needle"},{"floor":14,"key":"Symbiotic Virus"},{"floor":40,"key":"The Courier"},{"floor":43,"key":"Pear"},{"floor":45,"key":"Bronze Scales"},{"floor":48,"key":"Cables"},{"floor":55,"key":"Orichalcum"}],"event_choices":[{"cards_removed":["Strike_B"],"damage_healed":0,"gold_gain":0,"player_choice":"Card Removal","damage_taken":0,"max_hp_gain":0,"max_hp_loss":0,"event_name":"The Cleric","floor":3,"gold_loss":75},{"damage_healed":0,"gold_gain":75,"player_choice":"Gather Gold","damage_taken":11,"max_hp_gain":0,"max_hp_loss":0,"event_name":"World of Goop","floor":4,"gold_loss":0},{"cards_removed":["Strike_B"],"damage_healed":0,"gold_gain":0,"player_choice":"Card Removal","damage_taken":7,"max_hp_gain":0,"max_hp_loss":0,"event_name":"Golden Wing","floor":8,"gold_loss":0},{"damage_healed":0,"gold_gain":0,"player_choice":"Shed Blood","damage_taken":25,"max_hp_gain":5,"max_hp_loss":0,"event_name":"Forgotten Altar","floor":19,"gold_loss":0},{"damage_healed":0,"gold_gain":0,"cards_transformed":["Strike_B","Defend_B"],"player_choice":"Became Test Subject","damage_taken":0,"max_hp_gain":0,"max_hp_loss":0,"event_name":"Drug Dealer","floor":22,"gold_loss":0,"cards_obtained":["Beam Cell","BootSequence"]},{"damage_healed":0,"gold_gain":0,"player_choice":"Obtained Relic","damage_taken":0,"relics_obtained":["Gambling Chip"],"max_hp_gain":0,"max_hp_loss":0,"event_name":"Addict","floor":31,"gold_loss":85},{"damage_healed":0,"gold_gain":0,"player_choice":"Upgraded Two","damage_taken":0,"max_hp_gain":0,"max_hp_loss":0,"event_name":"Designer","floor":46,"gold_loss":50,"cards_upgraded":["Ball Lightning","Core Surge"]}],"is_beta":false,"boss_relics":[{"not_picked":["Velvet Choker","Tiny House"],"picked":"FrozenCore"},{"not_picked":["Runic Pyramid","Black Star"],"picked":"Astrolabe"}],"items_purged_floors":[21,37],"is_endless":false,"potions_floor_spawned":[2,6,12,14,16,20,24,29,33,40,41,55],"ascension_level":20}