{"gold_per_floor":[217,235,88,102,115,143,160,160,183,183,212,212,241,316,316,415,415,435,435,23,123,143,143,158,193,216,243,254,254,254,169,169,273,273,288,288,307,307,320,320,349,368,440,466,279,314,0,28,28,28],"floor_reached":51,"playtime":4880,"items_purged":["Strike_B","Decay","Strike_B+1"],"score":1130,"play_id":"f104e61c-7d9c-4d73-9b11-d86f91f6644b","local_time":"20190504193308","is_ascension_mode":true,"campfire_choices":[{"data":"Zap","floor":10,"key":"SMITH"},{"data":"Creative AI","floor":12,"key":"SMITH"},{"data":"White Noise","floor":15,"key":"SMITH"},{"data":"Capacitor","floor":23,"key":"SMITH"},{"data":"Seek","floor":29,"key":"SMITH"},{"floor":32,"key":"REST"},{"data":"Defragment","floor":40,"key":"SMITH"},{"data":"Seek","floor":49,"key":"SMITH"}],"neow_cost":"NONE","seed_source_timestamp":17517255073600,"circlet_count":0,"master_deck":["Strike_B+1","Defend_B+1","Defend_B+1","Defend_B+1","Defend_B+1","Zap+1","Dualcast","Chill","Conserve Battery","Glacier","White Noise+1","Compile Driver","Ball Lightning","Capacitor+1","Creative AI+1","Echo Form","Bandage Up","Genetic Algorithm","Seek+1","Seek+1","Panache","Flash of Steel","Defragment+1","White Noise","White Noise","Defragment","Panache"],"relics":["Cracked Core","DataDisk","Ancient Tea Set","Pen Nib","Dream Catcher","Philosopher\u0027s Stone","Membership Card","Dead Branch","Du-Vu Doll","Ornamental Fan","Blood Vial","Smiling Mask","Bird Faced Urn","Kunai","Cursed Key","StoneCalendar","Shuriken","Thread and Needle","Art of War","Singing Bowl","Lantern","Oddly Smooth Stone","Happy Flower"],"potions_floor_usage":[6,13,18,18,21,44,50,50,50],"damage_taken":[{"damage":8,"enemies":"Small Slimes","floor":1,"turns":4},{"damage":0,"enemies":"2 Louse","floor":2,"turns":3},{"damage":0,"enemies":"Jaw Worm","floor":4,"turns":6},{"damage":0,"enemies":"Exordium Wildlife","floor":5,"turns":5},{"damage":6,"enemies":"3 Sentries","floor":6,"turns":11},{"damage":1,"enemies":"2 Fungi Beasts","floor":7,"turns":3},{"damage":0,"enemies":"Lagavulin","floor":11,"turns":8},{"damage":0,"enemies":"3 Sentries","floor":13,"turns":6},{"damage":0,"enemies":"Hexaghost","floor":16,"turns":8},{"damage":16,"enemies":"3 Byrds","floor":18,"turns":6},{"damage":3,"enemies":"Colosseum Slavers","floor":21,"turns":5},{"damage":7,"enemies":"Colosseum Nobs","floor":21,"turns":6},{"damage":0,"enemies":"Spheric Guardian","floor":22,"turns":5},{"damage":0,"enemies":"Centurion and Healer","floor":24,"turns":4},{"damage":23,"enemies":"Slavers","floor":25,"turns":8},{"damage":35,"enemies":"Gremlin Leader","floor":27,"turns":8},{"damage":5,"enemies":"Snake Plant","floor":28,"turns":6},{"damage":3,"enemies":"Collector","floor":33,"turns":10},{"damage":11,"enemies":"Orb Walker","floor":35,"turns":4},{"damage":0,"enemies":"3 Shapes","floor":37,"turns":3},{"damage":0,"enemies":"Writhing Mass","floor":39,"turns":4},{"damage":2,"enemies":"Giant Head","floor":41,"turns":7},{"damage":0,"enemies":"Transient","floor":42,"turns":5},{"damage":31,"enemies":"Nemesis","floor":44,"turns":5},{"damage":0,"enemies":"Giant Head","floor":46,"turns":8},{"damage":0,"enemies":"Reptomancer","floor":48,"turns":3},{"damage":9,"enemies":"Donu and Deca","floor":50,"turns":5}],"seed_played":"6295975811535943022","potions_obtained":[{"floor":2,"key":"Block Potion"},{"floor":5,"key":"Fire Potion"},{"floor":6,"key":"SkillPotion"},{"floor":11,"key":"Block Potion"},{"floor":13,"key":"EssenceOfSteel"},{"floor":22,"key":"Weak Potion"},{"floor":25,"key":"PowerPotion"},{"floor":33,"key":"LiquidBronze"},{"floor":41,"key":"EssenceOfSteel"}],"is_trial":false,"path_per_floor":["M","M","$","M","M","E","M","?","T","R","E","R","E","?","R","B",null,"M","?","$","?","M","R","M","E","T","E","M","R","?","?","R","B",null,"M","?","M","?","M","R","E","M","T","E","$","E","$","E","R","B",null],"character_chosen":"DEFECT","items_purchased":["Glacier","Membership Card","Bandage Up","Dead Branch","Defragment","Art of War","Explosive Potion","Lantern","Oddly Smooth Stone","Panache","PowerPotion"],"campfire_rested":1,"item_purchase_floors":[3,20,20,20,45,45,45,47,47,47,47],"current_hp_per_floor":[67,67,67,67,67,61,60,53,53,53,53,53,53,42,42,42,75,59,59,59,53,61,61,65,46,46,17,36,36,36,36,58,75,75,75,65,75,85,85,85,85,85,85,68,68,87,87,89,89,89],"gold":28,"neow_bonus":"HUNDRED_GOLD","is_prod":false,"is_daily":false,"chose_seed":false,"campfire_upgraded":7,"win_rate":0,"timestamp":1557012788,"path_taken":["M","M","$","M","M","E","M","?","T","R","E","R","E","?","R","BOSS","M","?","$","?","M","R","M","E","T","E","M","R","?","?","R","BOSS","M","?","M","?","?","R","E","M","T","E","$","E","$","E","R","BOSS"],"build_version":"2019-01-23","purchased_purges":3,"victory":true,"max_hp_per_floor":[75,75,75,75,75,75,75,75,75,75,75,75,75,75,75,75,75,75,75,75,75,75,75,75,75,75,75,75,75,75,75,75,75,75,75,75,75,85,85,85,85,85,85,85,85,87,87,89,89,89],"card_choices":[{"not_picked":["Coolheaded","Cold Snap"],"picked":"Chill","floor":1},{"not_picked":["Gash","Turbo"],"picked":"Conserve Battery","floor":2},{"not_picked":["Stack","Sweeping Beam"],"picked":"White Noise","floor":4},{"not_picked":["Sweeping Beam","Hello World"],"picked":"Compile Driver","floor":5},{"not_picked":["Machine Learning","Coolheaded"],"picked":"Ball Lightning","floor":6},{"not_picked":["Rebound","Tempest"],"picked":"Capacitor","floor":7},{"not_picked":["Rebound","Compile Driver"],"picked":"Creative AI","floor":11},{"not_picked":["Compile Driver","Loop"],"picked":"Echo Form","floor":13},{"not_picked":["Meteor Strike","Buffer"],"picked":"Amplify","floor":16},{"not_picked":["Ball Lightning","Steam Power","Beam Cell+1"],"picked":"SKIP","floor":18},{"not_picked":["Rebound","Steam+1","Gash"],"picked":"SKIP","floor":22},{"not_picked":["Capacitor","Ball Lightning"],"picked":"Genetic Algorithm","floor":24},{"not_picked":["Rebound","Hologram","Leap"],"picked":"SKIP","floor":25},{"not_picked":["Rebound","Go for the Eyes"],"picked":"Seek","floor":27},{"not_picked":["Stack","Redo","Skim+1"],"picked":"SKIP","floor":28},{"not_picked":["Echo Form","Machine Learning"],"picked":"Seek","floor":33},{"not_picked":["Steam","Cold Snap+1","Streamline"],"picked":"SKIP","floor":35},{"not_picked":["Flash of Steel","Deep Breath"],"picked":"Panache","floor":36},{"not_picked":["Mind Blast","Metamorphosis"],"picked":"Flash of Steel","floor":36},{"not_picked":["Cold Snap","Streamline"],"picked":"Defragment","floor":37},{"not_picked":["Skim+1","Redo+1"],"picked":"White Noise","floor":39},{"not_picked":["Reinforced Body+1","Rip and Tear"],"picked":"White Noise","floor":41},{"not_picked":["Cold Snap+1","Beam Cell","Sweeping Beam"],"picked":"SKIP","floor":42},{"not_picked":["Cold Snap+1","Genetic Algorithm","Scrape+1"],"picked":"SKIP","floor":44},{"not_picked":["Hologram+1","Gash","Reprogram"],"picked":"Singing Bowl","floor":46},{"not_picked":["Barrage","Creative AI","Ball Lightning+1"],"picked":"Singing Bowl","floor":48}],"player_experience":730187,"relics_obtained":[{"floor":6,"key":"DataDisk"},{"floor":9,"key":"Ancient Tea Set"},{"floor":11,"key":"Pen Nib"},{"floor":13,"key":"Dream Catcher"},{"floor":21,"key":"Du-Vu Doll"},{"floor":21,"key":"Ornamental Fan"},{"floor":25,"key":"Blood Vial"},{"floor":26,"key":"Smiling Mask"},{"floor":27,"key":"Bird Faced Urn"},{"floor":41,"key":"StoneCalendar"},{"floor":43,"key":"Shuriken"},{"floor":44,"key":"Thread and Needle"},{"floor":46,"key":"Singing Bowl"},{"floor":48,"key":"Happy Flower"}],"event_choices":[{"cards_removed":["Strike_B"],"damage_healed":0,"gold_gain":0,"player_choice":"Card Removal","damage_taken":7,"max_hp_gain":0,"max_hp_loss":0,"event_name":"Golden Wing","floor":8,"gold_loss":0},{"damage_healed":0,"gold_gain":75,"player_choice":"Gather Gold","damage_taken":11,"max_hp_gain":0,"max_hp_loss":0,"event_name":"World of Goop","floor":14,"gold_loss":0},{"damage_healed":0,"gold_gain":0,"player_choice":"Simplicity","damage_taken":0,"max_hp_gain":0,"max_hp_loss":0,"event_name":"Back to Basics","floor":19,"gold_loss":0,"cards_upgraded":["Strike_B","Strike_B","Defend_B","Defend_B","Defend_B","Defend_B"]},{"damage_healed":0,"gold_gain":0,"player_choice":"Fight","damage_taken":0,"max_hp_gain":0,"max_hp_loss":0,"event_name":"Colosseum","floor":21,"gold_loss":0},{"damage_healed":0,"gold_gain":0,"player_choice":"Fought Nobs","damage_taken":0,"max_hp_gain":0,"max_hp_loss":0,"event_name":"Colosseum","floor":21,"gold_loss":0},{"damage_healed":0,"gold_gain":0,"player_choice":"Ignored","damage_taken":0,"max_hp_gain":0,"max_hp_loss":0,"event_name":"Ghosts","floor":30,"gold_loss":0},{"damage_healed":0,"gold_gain":0,"player_choice":"Obtained Relic","damage_taken":0,"relics_obtained":["Kunai"],"max_hp_gain":0,"max_hp_loss":0,"event_name":"Addict","floor":31,"gold_loss":85},{"damage_healed":0,"gold_gain":0,"player_choice":"Memory 3","damage_taken":10,"max_hp_gain":0,"max_hp_loss":0,"event_name":"SensoryStone","floor":36,"gold_loss":0},{"cards_removed":["Amplify"],"damage_healed":0,"gold_gain":0,"player_choice":"Offered Rare","damage_taken":0,"max_hp_gain":10,"max_hp_loss":0,"event_name":"Bonfire Elementals","floor":38,"gold_loss":0}],"is_beta":false,"boss_relics":[{"not_picked":["Astrolabe","Busted Crown"],"picked":"Philosopher\u0027s Stone"},{"not_picked":["Pandora\u0027s Box","Eternal Feather"],"picked":"Cursed Key"}],"items_purged_floors":[3,45,47],"is_endless":false,"potions_floor_spawned":[2,5,6,11,13,21,22,25,33,37,39,41,46],"ascension_level":4}