{"gold_per_floor":[118,129,146,146,157,157,167,192,222,254,266,297,309,332,344,356],"floor_reached":16,"playtime":1889,"items_purged":[],"score":160,"play_id":"afa4fbb6-9dd5-4a08-8264-1c09d9f24bb6","local_time":"20190327230757","is_ascension_mode":true,"campfire_choices":[{"floor":6,"key":"REST"},{"floor":11,"key":"REST"},{"floor":15,"key":"REST"}],"neow_cost":"NONE","seed_source_timestamp":428822265580296,"circlet_count":0,"master_deck":["Defend_G","Defend_G","Defend_G","Defend_G","Defend_G","Strike_G","Strike_G","Strike_G","Strike_G","Strike_G","Survivor","Neutralize","PiercingWail","Leg Sweep","All Out Attack","Bouncing Flask","Backflip","Dagger Throw","Backflip"],"relics":["Snecko Eye","Ninja Scroll","Tiny Chest","MawBank"],"potions_floor_usage":[8,8,10],"damage_taken":[{"damage":3,"enemies":"Small Slimes","floor":1,"turns":4},{"damage":9,"enemies":"2 Louse","floor":2,"turns":3},{"damage":1,"enemies":"Cultist","floor":3,"turns":4},{"damage":40,"enemies":"Gremlin Gang","floor":5,"turns":11},{"damage":17,"enemies":"Large Slime","floor":7,"turns":17},{"damage":14,"enemies":"Lagavulin","floor":8,"turns":11},{"damage":2,"enemies":"3 Sentries","floor":10,"turns":5},{"damage":0,"enemies":"Exordium Wildlife","floor":12,"turns":3},{"damage":0,"enemies":"2 Fungi Beasts","floor":14,"turns":3},{"damage":53,"enemies":"Slime Boss","floor":16,"turns":10}],"seed_played":"7149974597213254090","potions_obtained":[{"floor":2,"key":"Poison Potion"},{"floor":3,"key":"GhostInAJar"},{"floor":8,"key":"AttackPotion"},{"floor":10,"key":"FearPotion"}],"is_trial":false,"path_per_floor":["M","M","M","?","M","R","M","E","T","E","R","M","?","M","R","B"],"character_chosen":"THE_SILENT","items_purchased":[],"campfire_rested":3,"item_purchase_floors":[],"current_hp_per_floor":[60,51,50,55,15,37,20,6,6,4,26,26,26,26,48,0],"gold":356,"neow_bonus":"BOSS_RELIC","is_prod":false,"is_daily":false,"chose_seed":false,"campfire_upgraded":0,"win_rate":0,"timestamp":1553742477,"path_taken":["M","M","M","?","M","R","M","E","T","E","R","M","?","M","R","BOSS"],"build_version":"2019-01-23","purchased_purges":0,"victory":false,"max_hp_per_floor":[70,70,70,75,75,75,75,75,75,75,75,75,75,75,75,75],"card_choices":[{"not_picked":["Deflect","Slice","Bane"],"picked":"SKIP","floor":1},{"not_picked":["Terror","Poisoned Stab","Setup"],"picked":"SKIP","floor":2},{"not_picked":["Sucker Punch","Grand Finale"],"picked":"PiercingWail","floor":3},{"not_picked":["Underhanded Strike","Prepared"],"picked":"Leg Sweep","floor":5},{"not_picked":["Backflip","Dodge and Roll"],"picked":"All Out Attack","floor":7},{"not_picked":["Flying Knee","Dagger Spray"],"picked":"Bouncing Flask","floor":8},{"not_picked":["Flying Knee","Prepared"],"picked":"Backflip","floor":10},{"not_picked":["Outmaneuver","Blade Dance"],"picked":"Dagger Throw","floor":12},{"not_picked":["PiercingWail","Flying Knee"],"picked":"Backflip","floor":14}],"player_experience":255908,"relics_obtained":[{"floor":8,"key":"Ninja Scroll"},{"floor":9,"key":"Tiny Chest"},{"floor":10,"key":"MawBank"}],"event_choices":[{"damage_healed":0,"gold_gain":0,"player_choice":"Donut","damage_taken":0,"max_hp_gain":5,"max_hp_loss":0,"event_name":"Big Fish","floor":4,"gold_loss":0},{"damage_healed":0,"gold_gain":0,"player_choice":"Fled","damage_taken":0,"max_hp_gain":0,"max_hp_loss":0,"event_name":"Scrap Ooze","floor":13,"gold_loss":0}],"is_beta":false,"boss_relics":[],"items_purged_floors":[],"is_endless":false,"potions_floor_spawned":[2,3,8,10],"killed_by":"Slime Boss","ascension_level":8}