{"gold_per_floor":[212,6,20,35,50,79,92,92,174,209,224,254,268,268,268,370,370,384,398,109,128,105,105,117,117,141,170,182,198,158,5,5,110,110,130,55,70,90,90,90,105,105,185,118,118,136,136,155,155,155],"floor_reached":51,"playtime":2307,"items_purged":["Strike_B"],"score":1007,"play_id":"cb643497-ca19-4a16-8fdb-2607dd801131","local_time":"20190603171019","is_ascension_mode":true,"campfire_choices":[{"floor":8.0,"key":"REST"},{"floor":15.0,"key":"REST"},{"floor":23.0,"key":"REST"},{"data":"Defragment","floor":25.0,"key":"SMITH"},{"floor":32.0,"key":"REST"},{"data":"Blizzard","floor":40,"key":"SMITH"},{"floor":45,"key":"REST"},{"floor":47,"key":"REST"},{"floor":49,"key":"REST"}],"neow_cost":"NONE","seed_source_timestamp":122767351054500,"circlet_count":0,"master_deck":["Strike_B","Strike_B","Defend_B","Defend_B+1","Zap","Dualcast","Streamline","Cold Snap","Blizzard+1","Sunder+1","Hologram","Chill","Defragment","Cold Snap","Defragment+1","Hologram+1","Conserve Battery","Coolheaded","Conserve Battery","Conserve Battery","Turbo","Redo+1","Stack+1","Seek","Leap","Sweeping Beam","Auto Shields+1","Defragment","Redo+1","Blizzard+1"],"special_seed":0,"relics":["Cracked Core","Anchor","Pen Nib","Letter Opener","Mango","Bronze Scales","Sozu","Kunai","Oddly Smooth Stone","Strawberry","War Paint","Empty Cage","Bottled Tornado"],"potions_floor_usage":[50,50],"damage_taken":[{"damage":1.0,"enemies":"Cultist","floor":1.0,"turns":3.0},{"damage":0.0,"enemies":"2 Louse","floor":3.0,"turns":2.0},{"damage":5.0,"enemies":"Small Slimes","floor":4.0,"turns":3.0},{"damage":10.0,"enemies":"Exordium Thugs","floor":5.0,"turns":5.0},{"damage":30.0,"enemies":"Lagavulin","floor":6.0,"turns":7.0},{"damage":10.0,"enemies":"Exordium Wildlife","floor":7.0,"turns":4.0},{"damage":3.0,"enemies":"3 Sentries","floor":10.0,"turns":7.0},{"damage":0.0,"enemies":"Large Slime","floor":11.0,"turns":4.0},{"damage":18.0,"enemies":"Gremlin Nob","floor":12.0,"turns":4.0},{"damage":0.0,"enemies":"3 Louse","floor":13.0,"turns":2.0},{"damage":26.0,"enemies":"Hexaghost","floor":16.0,"turns":10.0},{"damage":23.0,"enemies":"2 Thieves","floor":18.0,"turns":4.0},{"damage":25.0,"enemies":"3 Byrds","floor":19.0,"turns":3.0},{"damage":4.0,"enemies":"3 Cultists","floor":21.0,"turns":6.0},{"damage":0.0,"enemies":"Centurion and Healer","floor":24.0,"turns":7.0},{"damage":6.0,"enemies":"Book of Stabbing","floor":27.0,"turns":6.0},{"damage":0.0,"enemies":"Snecko","floor":28.0,"turns":4.0},{"damage":5.0,"enemies":"3 Cultists","floor":29.0,"turns":6.0},{"damage":61.0,"enemies":"Collector","floor":33.0,"turns":15.0},{"damage":5.0,"enemies":"Orb Walker","floor":35.0,"turns":4.0},{"damage":5.0,"enemies":"3 Shapes","floor":37.0,"turns":7.0},{"damage":13,"enemies":"3 Darklings","floor":38,"turns":6},{"damage":23,"enemies":"Transient","floor":41,"turns":5},{"damage":0,"enemies":"4 Shapes","floor":46,"turns":5},{"damage":7,"enemies":"Spire Growth","floor":48,"turns":8},{"damage":39,"enemies":"Donu and Deca","floor":50,"turns":13}],"seed_played":"-8946714252331439615","potions_obtained":[{"floor":3.0,"key":"GamblersBrew"},{"floor":5.0,"key":"SkillPotion"},{"floor":7.0,"key":"Swift Potion"},{"floor":11.0,"key":"Weak Potion"}],"is_trial":false,"path_per_floor":["M","$","M","M","M","E","M","R","T","E","M","E","M","$","R","B",null,"M","M","$","M","$","R","M","R","T","E","M","M","?","$","R","B",null,"M","$","M","M","?","R","M","$","T","$","R","M","R","M","R","B",null],"character_chosen":"DEFECT","items_purchased":["Anchor","Cold Snap","Kunai","Conserve Battery","Conserve Battery","War Paint","Defragment"],"campfire_rested":7,"item_purchase_floors":[2,2,20,20,22,31,44],"current_hp_per_floor":[67,67,67,62,52,22,12,34,34,45,45,27,27,27,53,27,74,51,26,26,22,22,48,48,48,48,49,49,44,44,44,72,11,75,70,70,65,52,52,52,29,29,29,29,57,57,85,78,96,57],"gold":155,"neow_bonus":"HUNDRED_GOLD","is_prod":false,"is_daily":false,"chose_seed":false,"campfire_upgraded":2,"win_rate":0,"timestamp":1559607019,"path_taken":["M","?","M","M","M","E","M","R","T","E","M","E","M","$","R","BOSS","M","M","$","M","$","R","M","R","T","E","M","M","?","$","R","BOSS","M","$","M","?","?","R","M","$","T","?","R","M","R","M","R","BOSS"],"build_version":"2019-01-23","purchased_purges":1,"victory":true,"max_hp_per_floor":[75,75,75,75,75,75,75,75,75,89,89,89,89,89,89,89,89,89,89,89,89,89,89,89,89,89,96,96,96,96,96,96,96,96,96,96,96,96,96,96,96,96,96,96,96,96,96,96,96,96],"card_choices":[{"not_picked":["Aggregate","Go for the Eyes"],"picked":"Streamline","floor":1.0},{"not_picked":["Sweeping Beam","Beam Cell"],"picked":"Blizzard","floor":3.0},{"not_picked":["Streamline","Darkness"],"picked":"Sunder","floor":4.0},{"not_picked":["Coolheaded","Redo"],"picked":"Hologram","floor":5.0},{"not_picked":["Hyperbeam","Turbo"],"picked":"Chill","floor":6.0},{"not_picked":["Ball Lightning","Fusion"],"picked":"Defragment","floor":7.0},{"not_picked":["Rebound","Biased Cognition"],"picked":"Cold Snap","floor":10.0},{"not_picked":["Reprogram","Consume"],"picked":"Defragment","floor":11.0},{"not_picked":["Steam Power","Gash"],"picked":"Hologram","floor":12.0},{"not_picked":["Leap","Cold Snap"],"picked":"Conserve Battery","floor":13.0},{"not_picked":["Reinforced Body","Heatsinks","Hologram"],"picked":"SKIP","floor":18.0},{"not_picked":["Hologram","Fusion"],"picked":"Coolheaded","floor":19.0},{"not_picked":["Coolheaded","Beam Cell","Doom and Gloom"],"picked":"SKIP","floor":21.0},{"not_picked":["Leap","Reinforced Body"],"picked":"Turbo","floor":24.0},{"not_picked":["Turbo","Gash","Electrodynamics"],"picked":"SKIP","floor":27.0},{"not_picked":["Gash+1","Rebound+1"],"picked":"Redo+1","floor":28.0},{"not_picked":["Static Discharge","Rebound"],"picked":"Stack+1","floor":29.0},{"not_picked":["Hyperbeam","Multi-Cast"],"picked":"Seek","floor":33.0},{"not_picked":["Turbo","Ball Lightning"],"picked":"Leap","floor":35.0},{"not_picked":["Ball Lightning","Tempest"],"picked":"Sweeping Beam","floor":37.0},{"not_picked":["Steam+1","Hologram+1"],"picked":"Auto Shields+1","floor":38},{"not_picked":["Coolheaded","Rainbow","Lockon+1"],"picked":"SKIP","floor":41},{"not_picked":["Leap+1","Darkness"],"picked":"Redo+1","floor":46},{"not_picked":["Sweeping Beam+1","Leap+1"],"picked":"Blizzard+1","floor":48}],"player_experience":248587,"relics_obtained":[{"floor":6.0,"key":"Pen Nib"},{"floor":9.0,"key":"Letter Opener"},{"floor":10.0,"key":"Mango"},{"floor":12.0,"key":"Bronze Scales"},{"floor":26.0,"key":"Oddly Smooth Stone"},{"floor":27.0,"key":"Strawberry"},{"floor":43,"key":"Bottled Tornado"}],"event_choices":[{"damage_healed":0.0,"max_hp_gain":0.0,"max_hp_loss":0.0,"gold_gain":0.0,"event_name":"Designer","player_choice":"Upgrade","floor":30.0,"gold_loss":40.0,"damage_taken":0.0,"cards_upgraded":["Sunder"]},{"cards_removed":["Strike_B"],"damage_healed":0,"gold_gain":0,"player_choice":"Removed Attack","damage_taken":0,"max_hp_gain":0,"max_hp_loss":0,"event_name":"Falling","floor":39,"gold_loss":0}],"is_beta":false,"boss_relics":[{"not_picked":["Coffee Dripper","Eternal Feather"],"picked":"Sozu"},{"not_picked":["Cursed Key","Runic Dome"],"picked":"Empty Cage"}],"items_purged_floors":[36],"is_endless":false,"potions_floor_spawned":[3,5,7,11,13,21,27,28,35,48],"ascension_level":9}