{"path_per_floor":["M","M","$","?","?","R","T","M","T","M","R","E","M","M","R","B",null,"M","$","?","M","?","M","M","M","T","M","T","M","R","?","R"],"character_chosen":"IRONCLAD","items_purchased":["Armaments","Infernal Blade","Boot","Oddly Smooth Stone"],"gold_per_floor":[112,126,38,38,38,38,38,58,83,97,97,131,146,161,161,284,284,305,1,1,19,19,43,67,82,82,100,100,118,118,41,41,41],"floor_reached":33,"campfire_rested":2,"playtime":1547,"item_purchase_floors":[3,3,19,19],"current_hp_per_floor":[80,79,79,79,79,79,79,78,78,68,68,52,58,64,80,22,80,76,76,76,62,62,37,35,33,33,33,33,31,70,70,70,0],"items_purged":[],"gold":41,"score":251,"play_id":"b236b270-333d-4b77-b526-9c51ee1970ee","local_time":"20180622091201","is_prod":false,"is_daily":false,"chose_seed":false,"is_ascension_mode":false,"campfire_upgraded":2,"win_rate":0.0,"timestamp":1529651521,"campfire_choices":[{"data":"Armaments","floor":6,"key":"SMITH"},{"data":"Inflame","floor":11,"key":"SMITH"},{"floor":15,"key":"REST"},{"floor":30,"key":"REST"},{"data":"1","floor":32,"key":"LIFT"}],"path_taken":["M","M","?","?","?","R","?","M","T","M","R","E","M","M","R","BOSS","M","$","?","M","?","?","M","M","T","M","?","?","R","?","R","BOSS"],"build_version":"2018-06-21","seed_source_timestamp":0,"purchased_purges":0,"circlet_count":0,"victory":false,"master_deck":["Strike_R","Strike_R","Strike_R","Strike_R","Strike_R","Defend_R","Defend_R","Defend_R","Defend_R","Bash","Inflame+1","Disarm","Armaments+1","Infernal Blade","Perfected Strike","Burning Pact","Headbutt","Iron Wave","Bludgeon","Headbutt","Shrug It Off","Anger+1","Sword Boomerang","Perfected Strike","Cleave","Armaments+1","Ghostly Armor+1","J.A.X."],"max_hp_per_floor":[80,80,80,80,80,80,80,80,80,80,80,80,80,80,80,80,80,80,80,80,80,80,80,80,80,80,80,80,80,80,80,80,80],"special_seed":0,"relics":["Burning Blood","Golden Idol","Regal Pillow","Bronze Scales","Lantern","Velvet Choker","Boot","Oddly Smooth Stone","Girya","Thread and Needle"],"card_choices":[{"not_picked":["Reckless Charge","Body Slam"],"picked":"Inflame","floor":1},{"not_picked":["Searing Blow","Clash"],"picked":"Disarm","floor":2},{"not_picked":["Rupture","Body Slam"],"picked":"Perfected Strike","floor":8},{"not_picked":["Warcry","Body Slam","Clash"],"picked":"SKIP","floor":10},{"not_picked":["Pommel Strike","True Grit"],"picked":"Burning Pact","floor":12},{"not_picked":["Reaper","Armaments"],"picked":"Headbutt","floor":13},{"not_picked":["Burning Pact","Anger"],"picked":"Iron Wave","floor":14},{"not_picked":["Demon Form","Juggernaut"],"picked":"Bludgeon","floor":16},{"not_picked":["Bloodletting","Entrench"],"picked":"Headbutt","floor":18},{"not_picked":["Clash","Flex"],"picked":"Anger+1","floor":21},{"not_picked":["Entrench","Hemokinesis+1"],"picked":"Sword Boomerang","floor":23},{"not_picked":["Thunderclap+1","Twin Strike"],"picked":"Perfected Strike","floor":24},{"not_picked":["Burning Pact+1","Clash+1"],"picked":"Cleave","floor":25},{"not_picked":["Reckless Charge","Anger+1"],"picked":"Armaments+1","floor":27},{"not_picked":["Shrug It Off","Clash"],"picked":"Ghostly Armor+1","floor":29}],"player_experience":0,"potions_floor_usage":[10,14,16,16,24,33,33],"damage_taken":[{"damage":1.0,"enemies":"Cultist","floor":1.0,"turns":3.0},{"damage":7,"enemies":"Small Slimes","floor":2,"turns":4},{"damage":7,"enemies":"Jaw Worm","floor":8,"turns":4},{"damage":16,"enemies":"Large Slime","floor":10,"turns":5},{"damage":22,"enemies":"Gremlin Nob","floor":12,"turns":4},{"damage":0,"enemies":"2 Fungi Beasts","floor":13,"turns":3},{"damage":0,"enemies":"3 Louse","floor":14,"turns":1},{"damage":72,"enemies":"The Guardian","floor":16,"turns":11},{"damage":10,"enemies":"3 Byrds","floor":18,"turns":3},{"damage":20,"enemies":"2 Thieves","floor":21,"turns":2},{"damage":31,"enemies":"Centurion and Healer","floor":23,"turns":5},{"damage":8,"enemies":"Sentry and Sphere","floor":24,"turns":4},{"damage":8,"enemies":"Snecko","floor":25,"turns":3},{"damage":6,"enemies":"Snake Plant","floor":27,"turns":2},{"damage":8,"enemies":"Cultist and Chosen","floor":29,"turns":5},{"damage":70,"enemies":"Champ","floor":33,"turns":8}],"relics_obtained":[{"floor":7,"key":"Regal Pillow"},{"floor":9,"key":"Bronze Scales"},{"floor":12,"key":"Lantern"},{"floor":26,"key":"Girya"},{"floor":28,"key":"Thread and Needle"}],"event_choices":[{"event_name":"Golden Idol","player_choice":"Take Wound","floor":4,"damage_taken":0},{"event_name":"The Cleric","player_choice":"Leave","floor":5,"damage_taken":0},{"event_name":"The Library","player_choice":"Read","floor":20,"damage_taken":0},{"event_name":"Fountain of Cleansing","player_choice":"Removed Curse","floor":22,"damage_taken":0},{"event_name":"Drug Dealer","player_choice":"Got JAXXED","floor":31,"damage_taken":0}],"boss_relics":[{"not_picked":["Runic Cube","Lizard Tail"],"picked":"Velvet Choker"}],"items_purged_floors":[],"is_endless":false,"potions_floor_spawned":[1,8,12,13,18,21,29],"seed_played":"-6153876975290483627","killed_by":"Champ","ascension_level":0,"potions_obtained":[{"floor":1,"key":"PowerPotion"},{"floor":8,"key":"LiquidBronze"},{"floor":12,"key":"BloodPotion"},{"floor":13,"key":"Explosive Potion"},{"floor":18,"key":"GamblersBrew"},{"floor":21,"key":"AttackPotion"},{"floor":29,"key":"Block Potion"}],"is_trial":false}