{"gold_per_floor":[116,191,203,1,1,31,4,30,30,43,105,105,55,71,71,166,166,182,192,192,66,66,66,89,121,121,146,146,156,170,184,184,286,286,300,250,250],"floor_reached":37,"playtime":1178,"items_purged":["Dark Embrace+1","Flame Barrier"],"score":450,"play_id":"2e77a6e6-76de-4458-a0ec-289f9fe28a69","local_time":"20190318001058","is_ascension_mode":false,"campfire_choices":[{"data":"Fiend Fire","floor":12,"key":"SMITH"},{"data":"Spot Weakness","floor":15,"key":"SMITH"},{"data":"Double Tap","floor":23,"key":"SMITH"},{"floor":28,"key":"REST"},{"data":"Barricade","floor":32,"key":"SMITH"}],"neow_cost":"NONE","seed_source_timestamp":355317534387825,"circlet_count":0,"master_deck":["Strike_R","Strike_R","Strike_R","Strike_R","Bash","Clash","Fiend Fire+1","Shrug It Off","Spot Weakness+1","Double Tap+1","Entrench+1","Spot Weakness+1","Sword Boomerang+1","Sword Boomerang+1","Clash","Barricade+1","Heavy Blade+1","Seeing Red","Impervious","Feed","Flame Barrier+1"],"relics":["Burning Blood","NeowsBlessing","Sling","Shuriken","Ornamental Fan","Letter Opener","Tiny Chest","Astrolabe","Regal Pillow","Smiling Mask","Centennial Puzzle","Dodecahedron","Sundial","Empty Cage"],"potions_floor_usage":[18,25,29,33,33],"damage_taken":[{"damage":0,"enemies":"Jaw Worm","floor":1,"turns":1},{"damage":0,"enemies":"2 Louse","floor":3,"turns":2},{"damage":0,"enemies":"Lagavulin","floor":6,"turns":1},{"damage":5,"enemies":"3 Sentries","floor":8,"turns":5},{"damage":5,"enemies":"Cultist","floor":10,"turns":4},{"damage":25,"enemies":"Gremlin Nob","floor":11,"turns":4},{"damage":12,"enemies":"Blue Slaver","floor":14,"turns":2},{"damage":34,"enemies":"The Guardian","floor":16,"turns":8},{"damage":20,"enemies":"2 Thieves","floor":18,"turns":4},{"damage":9,"enemies":"3 Byrds","floor":19,"turns":4},{"damage":11,"enemies":"Gremlin Leader","floor":25,"turns":5},{"damage":41,"enemies":"Slavers","floor":27,"turns":4},{"damage":18,"enemies":"3 Cultists","floor":29,"turns":4},{"damage":21,"enemies":"Snake Plant","floor":30,"turns":3},{"damage":8,"enemies":"Snecko","floor":31,"turns":5},{"damage":18,"enemies":"Champ","floor":33,"turns":11},{"damage":72,"enemies":"3 Shapes","floor":35,"turns":6},{"damage":15,"enemies":"Orb Walker","floor":37,"turns":1}],"seed_played":"-1917558770551676268","potions_obtained":[{"floor":8,"key":"Explosive Potion"},{"floor":10,"key":"Energy Potion"},{"floor":11,"key":"Strength Potion"},{"floor":27,"key":"SkillPotion"},{"floor":30,"key":"Swift Potion"},{"floor":31,"key":"BloodPotion"},{"floor":33,"key":"Poison Potion"}],"is_trial":false,"path_per_floor":["M","?","M","$","?","E","$","E","T","M","E","R","?","M","R","B",null,"M","M","?","$","$","R","T","E","T","E","R","M","M","M","R","B",null,"M","$","M"],"character_chosen":"IRONCLAD","items_purchased":["Sling","Shrug It Off","Clash"],"campfire_rested":1,"item_purchase_floors":[4,7,21],"current_hp_per_floor":[80,69,75,75,75,80,80,80,80,80,61,61,61,55,55,27,80,66,63,63,63,63,63,63,58,58,23,62,50,35,33,33,29,80,14,14,0],"gold":250,"neow_bonus":"THREE_ENEMY_KILL","is_prod":false,"is_daily":false,"chose_seed":false,"campfire_upgraded":4,"win_rate":0,"timestamp":1552835458,"path_taken":["M","?","M","$","?","E","?","E","T","M","E","R","?","M","R","BOSS","M","M","?","?","$","R","?","E","T","E","R","?","M","M","R","BOSS","M","$","?"],"build_version":"2019-01-23","purchased_purges":2,"victory":false,"max_hp_per_floor":[80,80,80,80,80,80,80,80,80,80,80,80,80,80,80,80,80,80,80,80,80,80,80,80,80,80,80,80,80,80,80,80,80,80,80,80,80],"card_choices":[{"not_picked":["Heavy Blade","Warcry"],"picked":"Clash","floor":1},{"not_picked":["Clothesline","Evolve"],"picked":"Thunderclap","floor":3},{"not_picked":["Brutality","Thunderclap","Sentinel"],"picked":"SKIP","floor":6},{"not_picked":["Seeing Red","Twin Strike"],"picked":"Spot Weakness","floor":8},{"not_picked":["Shrug It Off","Cleave","Feel No Pain"],"picked":"SKIP","floor":10},{"not_picked":["Rampage","Searing Blow"],"picked":"Sword Boomerang","floor":11},{"not_picked":["Second Wind","Whirlwind"],"picked":"Flame Barrier","floor":14},{"not_picked":["Immolate","Berserk"],"picked":"Double Tap","floor":16},{"not_picked":["Anger","True Grit"],"picked":"Sword Boomerang+1","floor":18},{"not_picked":["Thunderclap","Havoc"],"picked":"Sword Boomerang+1","floor":19},{"not_picked":["Cleave","Flex"],"picked":"Barricade","floor":25},{"not_picked":["Juggernaut","Feel No Pain+1","Anger"],"picked":"SKIP","floor":27},{"not_picked":["Havoc","Clothesline"],"picked":"Heavy Blade+1","floor":29},{"not_picked":["Disarm","Twin Strike"],"picked":"Seeing Red","floor":30},{"not_picked":["Power Through","Pommel Strike"],"picked":"Impervious","floor":31},{"not_picked":["Fiend Fire","Immolate"],"picked":"Feed","floor":33},{"not_picked":["Corruption+1","Wild Strike+1"],"picked":"Flame Barrier+1","floor":35}],"player_experience":303216,"relics_obtained":[{"floor":6,"key":"Shuriken"},{"floor":8,"key":"Ornamental Fan"},{"floor":9,"key":"Letter Opener"},{"floor":11,"key":"Tiny Chest"},{"floor":24,"key":"Smiling Mask"},{"floor":25,"key":"Centennial Puzzle"},{"floor":26,"key":"Dodecahedron"},{"floor":27,"key":"Sundial"}],"event_choices":[{"damage_healed":0,"gold_gain":75,"player_choice":"Gather Gold","damage_taken":11,"max_hp_gain":0,"max_hp_loss":0,"event_name":"World of Goop","floor":2,"gold_loss":0},{"damage_healed":0,"gold_gain":0,"cards_transformed":["Defend_R"],"player_choice":"Change","damage_taken":0,"max_hp_gain":0,"max_hp_loss":0,"event_name":"Living Wall","floor":5,"gold_loss":0,"cards_obtained":["Fiend Fire"]},{"cards_removed":["Defend_R"],"damage_healed":0,"gold_gain":0,"player_choice":"Card Removal","damage_taken":0,"max_hp_gain":0,"max_hp_loss":0,"event_name":"The Cleric","floor":13,"gold_loss":50},{"damage_healed":0,"gold_gain":0,"player_choice":"Gave Potion","damage_taken":0,"relics_obtained":["Regal Pillow"],"max_hp_gain":0,"max_hp_loss":0,"event_name":"WeMeetAgain","floor":20,"gold_loss":0}],"is_beta":false,"boss_relics":[{"not_picked":["Runic Dome","Mark of Pain"],"picked":"Astrolabe"},{"not_picked":["Lizard Tail","Black Star"],"picked":"Empty Cage"}],"items_purged_floors":[21,36],"is_endless":false,"potions_floor_spawned":[8,10,11,14,16,27,30,31,33],"killed_by":"Orb Walker","ascension_level":0}