{"gold_per_floor":[412,422,497,497,231,260,279,279,279,307,326,359,372,383,383,487,487,497,111,26,36,36,61,61,87,87,116,216,246,258,288,288,384,384,400,400,450,450,450,450,477,522,522,532,565,577,52,69,69,69],"floor_reached":51,"playtime":2432,"items_purged":["Meteor Strike+1"],"score":1398,"play_id":"8941b9fe-1a28-47f3-90b4-10b0000f4a40","local_time":"20180717001739","daily_mods":["Draft","Heirloom","Allstar","Elite Swarm","Vintage"],"is_ascension_mode":false,"campfire_choices":[{"data":"Sunder","floor":8,"key":"SMITH"},{"floor":15,"key":"REST"},{"data":"1","floor":24,"key":"LIFT"},{"data":"2","floor":32,"key":"LIFT"},{"data":"3","floor":49,"key":"LIFT"}],"neow_cost":"","seed_source_timestamp":14353558441624,"circlet_count":0,"master_deck":["Conserve Battery+1","Leap+1","Go for the Eyes","Rebound+1","Rip and Tear","Go for the Eyes+1","FTL","Go for the Eyes+1","Sunder+1","Streamline","Conserve Battery","White Noise+1","Turbo","Panache","FTL","All For One","Echo Form+1","Scrape+1","Lockon+1","Buffer+1","Machine Learning+1","Seek+1","Seek+1","Core Surge","Madness+1","Madness+1","Hologram+1","Jack Of All Trades+1","Panache+1","Mind Blast","Fission+1","Hologram+1"],"relics":["Cracked Core","Calipers","Old Coin","Lantern","Pantograph","Anchor","Peace Pipe","War Paint","Unceasing Top","Shuriken","Strawberry","Frozen Egg 2","Letter Opener","Astrolabe","Bag of Marbles","Gambling Chip","Girya","Toxic Egg 2","Dodecahedron","Thread and Needle","Bottled Lightning","Bird Faced Urn","Pear","Happy Flower","Orichalcum","Whetstone","Coffee Dripper","Smiling Mask","Sundial","Dead Branch","Prayer Wheel","Tiny Chest","Pen Nib","Omamori","Regal Pillow","Bottled Flame","DataDisk","Toolbox","Bag of Preparation","Juzu Bracelet"],"potions_floor_usage":[10,23,50,50,50],"damage_taken":[{"damage":0,"enemies":"Small Slimes","floor":1,"turns":2},{"damage":1,"enemies":"Jaw Worm","floor":2,"turns":2},{"damage":9,"enemies":"3 Sentries","floor":6,"turns":4},{"damage":4,"enemies":"2 Louse","floor":7,"turns":2},{"damage":18,"enemies":"Lagavulin","floor":10,"turns":4},{"damage":0,"enemies":"Exordium Thugs","floor":11,"turns":2},{"damage":6,"enemies":"Gremlin Nob","floor":12,"turns":3},{"damage":0,"enemies":"Exordium Wildlife","floor":13,"turns":2},{"damage":0,"enemies":"3 Louse","floor":14,"turns":3},{"damage":41,"enemies":"The Guardian","floor":16,"turns":7},{"damage":0,"enemies":"Spheric Guardian","floor":18,"turns":3},{"damage":0,"enemies":"Chosen","floor":21,"turns":2},{"damage":5,"enemies":"Gremlin Leader","floor":23,"turns":2},{"damage":2,"enemies":"Book of Stabbing","floor":25,"turns":3},{"damage":5,"enemies":"Slavers","floor":27,"turns":2},{"damage":0,"enemies":"Book of Stabbing","floor":29,"turns":3},{"damage":0,"enemies":"Snecko","floor":30,"turns":3},{"damage":0,"enemies":"Gremlin Leader","floor":31,"turns":3},{"damage":0,"enemies":"Automaton","floor":33,"turns":4},{"damage":0,"enemies":"Orb Walker","floor":35,"turns":2},{"damage":0,"floor":37,"turns":2},{"damage":0,"floor":40,"turns":1},{"damage":6,"enemies":"2 Orb Walkers","floor":41,"turns":2},{"damage":0,"enemies":"3 Shapes","floor":42,"turns":1},{"damage":0,"enemies":"Spire Growth","floor":44,"turns":2},{"damage":0,"enemies":"Nemesis","floor":45,"turns":3},{"damage":0,"enemies":"Maw","floor":46,"turns":2},{"damage":0,"enemies":"Transient","floor":48,"turns":5},{"damage":0,"enemies":"Donu and Deca","floor":50,"turns":4}],"seed_played":"2662547749198653995","potions_obtained":[{"floor":6,"key":"PowerPotion"},{"floor":10,"key":"Ancient Potion"},{"floor":12,"key":"Fire Potion"},{"floor":13,"key":"Swift Potion"},{"floor":25,"key":"Poison Potion"},{"floor":29,"key":"Explosive Potion"},{"floor":48,"key":"PowerPotion"}],"is_trial":true,"path_per_floor":["M","M","?","?","$","E","M","R","T","E","M","E","M","M","R","B",null,"M","$","?","M","$","E","R","E","T","E","?","E","M","E","R","B",null,"M","?","?","?","?","?","E","M","T","M","E","M","$","M","R","B"],"character_chosen":"DEFECT","items_purchased":["Panache","FTL","Gambling Chip","DataDisk","Toolbox","Bag of Preparation","Hologram+1"],"campfire_rested":1,"item_purchase_floors":[5,5,19,47,47,47,47],"current_hp_per_floor":[75,74,63,48,48,39,35,35,35,17,17,11,18,18,42,26,82,82,82,82,82,82,77,77,75,75,70,70,90,92,92,92,92,92,92,80,90,80,80,92,90,92,92,92,92,92,92,92,92,92],"gold":69,"neow_bonus":"","is_prod":false,"is_daily":false,"chose_seed":false,"campfire_upgraded":1,"win_rate":0,"timestamp":1531754259,"path_taken":["M","M","?","?","$","E","M","R","T","E","M","E","M","?","R","BOSS","M","$","?","M","?","E","R","E","T","E","?","E","M","E","R","BOSS","M","?","?","?","?","?","E","M","T","?","E","M","$","M","R","BOSS"],"build_version":"2018-07-12","purchased_purges":1,"victory":true,"max_hp_per_floor":[75,75,75,75,75,75,75,75,75,75,75,75,82,82,82,82,82,82,82,82,82,82,82,82,82,82,82,82,92,92,92,92,92,92,92,92,92,92,92,92,92,92,92,92,92,92,92,92,92,92],"card_choices":[{"not_picked":["Redo","Skim"],"picked":"Conserve Battery","floor":0},{"not_picked":["Gash","Double Energy"],"picked":"Leap","floor":0},{"not_picked":["Redo","Barrage"],"picked":"Go for the Eyes","floor":0},{"not_picked":["Steam","Compile Driver"],"picked":"Rebound","floor":0},{"not_picked":["Steam","Hello World"],"picked":"Consume","floor":0},{"not_picked":["Stack","Rebound"],"picked":"Compile Driver","floor":0},{"not_picked":["Conserve Battery","Redo"],"picked":"Rip and Tear","floor":0},{"not_picked":["Chaos","Blizzard"],"picked":"Go for the Eyes","floor":0},{"not_picked":["Cold Snap","Coolheaded"],"picked":"FTL","floor":0},{"not_picked":["Chaos","Compile Driver"],"picked":"Go for the Eyes","floor":0},{"not_picked":["Stack","Turbo"],"picked":"Sunder","floor":0},{"not_picked":["Turbo","Reprogram"],"picked":"Streamline","floor":0},{"not_picked":["Reinforced Body","Turbo"],"picked":"Conserve Battery","floor":0},{"not_picked":["Turbo","Conserve Battery"],"picked":"White Noise","floor":0},{"not_picked":["Consume","Aggregate"],"picked":"Turbo","floor":0},{"not_picked":["Multi-Cast","Thunder Strike"],"picked":"All For One","floor":6},{"not_picked":["Thunder Strike","Rainbow","Hyperbeam"],"picked":"SKIP","floor":10},{"not_picked":["Amplify","Hyperbeam"],"picked":"Creative AI","floor":12},{"not_picked":["Hyperbeam","Buffer+1"],"picked":"Echo Form+1","floor":16},{"not_picked":["All For One","Amplify+1"],"picked":"Buffer+1","floor":23},{"not_picked":["Meteor Strike","Biased Cognition+1"],"picked":"Machine Learning+1","floor":25},{"not_picked":["Echo Form+1","Amplify+1"],"picked":"Seek+1","floor":27},{"not_picked":["Amplify+1","Fission+1"],"picked":"Seek+1","floor":29},{"not_picked":["Amplify+1","Creative AI+1"],"picked":"Core Surge","floor":31},{"not_picked":["Coolheaded+1","Hello World+1"],"picked":"Hologram+1","floor":37},{"not_picked":["Enlightenment+1","Sadistic Nature+1"],"picked":"Jack Of All Trades+1","floor":38},{"not_picked":["Mind Blast","Good Instincts+1"],"picked":"Panache+1","floor":38},{"not_picked":["Dark Shackles+1","Trip+1"],"picked":"Mind Blast","floor":38},{"not_picked":["All For One","Thunder Strike","Rainbow+1"],"picked":"SKIP","floor":41},{"not_picked":["Multi-Cast+1","Machine Learning+1"],"picked":"Fission+1","floor":45}],"player_experience":189154,"relics_obtained":[{"floor":1,"key":"Old Coin"},{"floor":2,"key":"Lantern"},{"floor":6,"key":"Pantograph"},{"floor":7,"key":"Anchor"},{"floor":9,"key":"Peace Pipe"},{"floor":10,"key":"War Paint"},{"floor":11,"key":"Unceasing Top"},{"floor":12,"key":"Shuriken"},{"floor":13,"key":"Strawberry"},{"floor":14,"key":"Frozen Egg 2"},{"floor":16,"key":"Letter Opener"},{"floor":18,"key":"Bag of Marbles"},{"floor":21,"key":"Toxic Egg 2"},{"floor":23,"key":"Dodecahedron"},{"floor":25,"key":"Thread and Needle"},{"floor":26,"key":"Bottled Lightning"},{"floor":27,"key":"Bird Faced Urn"},{"floor":29,"key":"Pear"},{"floor":30,"key":"Happy Flower"},{"floor":31,"key":"Orichalcum"},{"floor":33,"key":"Whetstone"},{"floor":35,"key":"Smiling Mask"},{"floor":37,"key":"Sundial"},{"floor":40,"key":"Dead Branch"},{"floor":41,"key":"Prayer Wheel"},{"floor":42,"key":"Tiny Chest"},{"floor":43,"key":"Pen Nib"},{"floor":44,"key":"Omamori"},{"floor":45,"key":"Regal Pillow"},{"floor":46,"key":"Bottled Flame"},{"floor":48,"key":"Juzu Bracelet"}],"event_choices":[{"event_name":"World of Goop","player_choice":"Gather Gold","floor":3,"damage_taken":0},{"event_name":"Shining Light","player_choice":"Entered Light","floor":4,"damage_taken":0},{"event_name":"Addict","player_choice":"Obtained Relic","floor":20,"damage_taken":0},{"event_name":"Golden Shrine","player_choice":"Pray","floor":28,"damage_taken":0},{"event_name":"Winding Halls","player_choice":"Embrace Madness","floor":36,"damage_taken":0},{"event_name":"Mysterious Sphere","player_choice":"Fight","floor":37,"damage_taken":0},{"event_name":"SensoryStone","player_choice":"Memory 3","floor":38,"damage_taken":0},{"event_name":"Tomb of Lord Red Mask","player_choice":"Ignored","floor":39,"damage_taken":0},{"event_name":"MindBloom","player_choice":"Fight","floor":40,"damage_taken":0}],"boss_relics":[{"not_picked":["FrozenCore","Velvet Choker"],"picked":"Astrolabe"},{"not_picked":["Runic Pyramid","Sozu"],"picked":"Coffee Dripper"}],"items_purged_floors":[19],"is_endless":false,"potions_floor_spawned":[6,10,12,13,14,16,21,25,29,31,33,37,40,45,48],"ascension_level":0}