{"gold_per_floor":[112,112,131,131,4,4,344,357,357,381,400,400,423,437,437,568,568,587,84,84,84,108,108,132,132,158,158,178,178,178],"floor_reached":30,"playtime":795,"items_purged":["Regret"],"score":282,"play_id":"e05c7709-390d-4889-a18f-14b44c251dc5","local_time":"20190127213607","is_ascension_mode":false,"campfire_choices":[{"floor":6,"key":"RECALL"},{"floor":15,"key":"DIG"},{"floor":23,"key":"REST"},{"floor":25,"key":"DIG"},{"floor":29,"key":"DIG"}],"neow_cost":"NONE","seed_source_timestamp":209142494828119,"circlet_count":0,"master_deck":["Defend_G+1","Defend_G","Defend_G","Defend_G","Defend_G","Strike_G","Survivor","Neutralize","Deadly Poison","Terror","Bane","Bane","Poisoned Stab","Blur","Leg Sweep","Outmaneuver","Bouncing Flask","Venomology","Unload+1","Sucker Punch+1","All Out Attack+1","Dodge and Roll+1","Adrenaline","Metamorphosis+1","Ghostly","Ghostly","Ghostly","Ghostly","Ghostly","Deadly Poison","Bouncing Flask"],"relics":["Ring of the Snake","NeowsBlessing","FossilizedHelix","Golden Idol","Old Coin","Shovel","Molten Egg 2","Astrolabe","War Paint","Enchiridion","Happy Flower","Potion Belt"],"potions_floor_usage":[16,16,18,24],"damage_taken":[{"damage":0,"enemies":"Small Slimes","floor":1,"turns":1},{"damage":0,"enemies":"Jaw Worm","floor":3,"turns":1},{"damage":0,"enemies":"3 Sentries","floor":7,"turns":2},{"damage":0,"enemies":"2 Louse","floor":8,"turns":2},{"damage":0,"enemies":"Blue Slaver","floor":10,"turns":3},{"damage":0,"enemies":"2 Fungi Beasts","floor":11,"turns":3},{"damage":0,"enemies":"Exordium Wildlife","floor":13,"turns":3},{"damage":0,"enemies":"Red Slaver","floor":14,"turns":2},{"damage":32,"enemies":"Slime Boss","floor":16,"turns":8},{"damage":38,"enemies":"3 Byrds","floor":18,"turns":7},{"damage":2,"enemies":"Shell Parasite","floor":22,"turns":5},{"damage":17,"enemies":"Cultist and Chosen","floor":24,"turns":7},{"damage":2,"enemies":"Snecko","floor":28,"turns":5},{"damage":18,"enemies":"3 Cultists","floor":30,"turns":3}],"seed_played":"8493459849095393443","potions_obtained":[{"floor":3,"key":"Strength Potion"},{"floor":8,"key":"FearPotion"},{"floor":14,"key":"Energy Potion"},{"floor":24,"key":"Fire Potion"}],"is_trial":false,"path_per_floor":["M","?","M","?","$","R","E","M","T","M","M","?","M","M","R","B",null,"M","$","?","?","M","R","M","R","T","?","M","R","M"],"character_chosen":"THE_SILENT","items_purchased":["Bane","Adrenaline","Metamorphosis","War Paint"],"campfire_rested":1,"item_purchase_floors":[5,19,19,19],"current_hp_per_floor":[70,70,70,53,53,53,53,53,53,53,53,46,46,46,46,14,70,32,32,16,16,14,24,7,7,7,19,17,17,0],"gold":178,"neow_bonus":"THREE_ENEMY_KILL","is_prod":false,"is_daily":false,"chose_seed":false,"campfire_upgraded":0,"win_rate":0,"timestamp":1548621367,"path_taken":["M","?","M","?","?","R","E","M","T","M","M","?","M","M","R","BOSS","M","$","?","?","M","R","M","R","T","?","M","R","M"],"build_version":"2019-01-23","purchased_purges":1,"victory":false,"max_hp_per_floor":[70,70,70,70,70,70,70,70,70,70,70,70,70,70,70,70,70,70,70,70,35,35,35,35,35,35,35,35,35,35],"card_choices":[{"not_picked":["Dash","Underhanded Strike"],"picked":"Deadly Poison","floor":1},{"not_picked":["Blade Dance","Distraction"],"picked":"Terror","floor":3},{"not_picked":["PiercingWail","Flying Knee"],"picked":"Bane","floor":7},{"not_picked":["Quick Slash","Choke"],"picked":"Poisoned Stab","floor":8},{"not_picked":["Slice","Sucker Punch"],"picked":"Blur","floor":10},{"not_picked":["Concentrate","Prepared"],"picked":"Leg Sweep","floor":11},{"not_picked":["Terror","Cloak And Dagger"],"picked":"Outmaneuver","floor":13},{"not_picked":["Eviscerate","Dash"],"picked":"Bouncing Flask","floor":14},{"not_picked":["Tools of the Trade","Phantasmal Killer"],"picked":"Venomology","floor":16},{"not_picked":["Dagger Throw+1","Quick Slash+1"],"picked":"Dodge and Roll+1","floor":18},{"not_picked":["Acrobatics","Slice+1"],"picked":"Deadly Poison","floor":22},{"not_picked":["Blade Dance","Eviscerate+1"],"picked":"Bouncing Flask","floor":24},{"not_picked":["Sucker Punch+1","Dagger Spray+1","Reflex+1"],"picked":"SKIP","floor":28}],"player_experience":207209,"relics_obtained":[{"floor":7,"key":"Old Coin"},{"floor":9,"key":"Shovel"},{"floor":15,"key":"Molten Egg 2"},{"floor":20,"key":"Enchiridion"},{"floor":25,"key":"Happy Flower"},{"floor":29,"key":"Potion Belt"}],"event_choices":[{"damage_healed":0,"gold_gain":0,"player_choice":"Box","damage_taken":0,"relics_obtained":["FossilizedHelix"],"max_hp_gain":0,"max_hp_loss":0,"event_name":"Big Fish","floor":2,"gold_loss":0,"cards_obtained":["Regret"]},{"damage_healed":0,"gold_gain":0,"player_choice":"Take Damage","damage_taken":17,"relics_obtained":["Golden Idol"],"max_hp_gain":0,"max_hp_loss":0,"event_name":"Golden Idol","floor":4,"gold_loss":0},{"cards_removed":["Strike_G"],"damage_healed":0,"gold_gain":0,"player_choice":"Card Removal","damage_taken":7,"max_hp_gain":0,"max_hp_loss":0,"event_name":"Golden Wing","floor":12,"gold_loss":0},{"damage_healed":0,"gold_gain":0,"player_choice":"Obtained Book","damage_taken":16,"max_hp_gain":0,"max_hp_loss":0,"event_name":"Cursed Tome","floor":20,"gold_loss":0},{"damage_healed":0,"gold_gain":0,"player_choice":"Became a Ghost","damage_taken":0,"max_hp_gain":0,"max_hp_loss":35,"event_name":"Ghosts","floor":21,"gold_loss":0,"cards_obtained":["Ghostly","Ghostly","Ghostly","Ghostly","Ghostly"]},{"damage_healed":12,"gold_gain":0,"player_choice":"Heal","damage_taken":0,"max_hp_gain":0,"max_hp_loss":0,"event_name":"The Library","floor":27,"gold_loss":0}],"is_beta":false,"boss_relics":[{"not_picked":["Calling Bell","Lizard Tail"],"picked":"Astrolabe"}],"items_purged_floors":[5],"is_endless":false,"potions_floor_spawned":[3,8,14,24],"killed_by":"3 Cultists","ascension_level":0}