{"gold_per_floor":[112,124,124,141,141,158,176,199,199,199,199,213,64,64,64,64],"floor_reached":16,"playtime":766,"items_purged":[],"score":92,"play_id":"1e3bfa87-b694-48ab-a94a-842a979850b3","local_time":"20190523215645","is_ascension_mode":false,"campfire_choices":[{"data":"Electrodynamics","floor":10,"key":"SMITH"},{"floor":15,"key":"REST"}],"neow_cost":"NONE","seed_source_timestamp":191019335958400,"circlet_count":0,"master_deck":["Strike_B","Strike_B","Strike_B","Defend_B","Defend_B","Defend_B","Defend_B+1","Dualcast+1","Steam Power","Genetic Algorithm","Conserve Battery","Electrodynamics+1","Sweeping Beam","Skim","Buffer"],"relics":["Cracked Core","War Paint","Regal Pillow","Ornamental Fan","Dream Catcher"],"potions_floor_usage":[16,16],"damage_taken":[{"damage":1,"enemies":"Cultist","floor":1,"turns":4},{"damage":8,"enemies":"Small Slimes","floor":2,"turns":6},{"damage":3,"enemies":"2 Louse","floor":4,"turns":3},{"damage":0,"enemies":"Blue Slaver","floor":6,"turns":4},{"damage":10,"enemies":"3 Louse","floor":7,"turns":3},{"damage":5,"enemies":"2 Fungi Beasts","floor":12,"turns":2},{"damage":62,"enemies":"Hexaghost","floor":16,"turns":14}],"seed_played":"-4443043157276273561","potions_obtained":[{"floor":1,"key":"SkillPotion"},{"floor":6,"key":"Dexterity Potion"}],"is_trial":false,"path_per_floor":["M","M","?","M","?","M","M","T","T","R","?","M","$","?","R","B"],"character_chosen":"DEFECT","items_purchased":["Dream Catcher"],"campfire_rested":1,"item_purchase_floors":[13],"current_hp_per_floor":[74,66,59,56,38,38,28,28,28,28,28,23,23,23,60,0],"gold":64,"neow_bonus":"TRANSFORM_CARD","is_prod":false,"is_daily":false,"chose_seed":false,"campfire_upgraded":1,"win_rate":0.0,"timestamp":1558673805,"path_taken":["M","?","?","M","?","M","M","?","T","R","?","M","$","?","R","BOSS"],"build_version":"2019-01-23","purchased_purges":0,"victory":false,"max_hp_per_floor":[75,75,75,75,75,75,75,75,75,75,75,75,75,75,75,75],"card_choices":[{"not_picked":["Ball Lightning","Stack"],"picked":"Genetic Algorithm","floor":1},{"not_picked":["Cold Snap","Gash"],"picked":"Conserve Battery","floor":2},{"not_picked":["Steam Power","Stack","Beam Cell"],"picked":"SKIP","floor":4},{"not_picked":["Conserve Battery","Gash"],"picked":"Electrodynamics","floor":6},{"not_picked":["Compile Driver","FTL"],"picked":"Sweeping Beam","floor":7},{"not_picked":["Compile Driver","Aggregate"],"picked":"Skim","floor":12},{"not_picked":["Conserve Battery","Aggregate"],"picked":"Buffer","floor":15}],"player_experience":41491,"relics_obtained":[{"floor":8,"key":"Regal Pillow"},{"floor":9,"key":"Ornamental Fan"}],"event_choices":[{"cards_removed":["Strike_B"],"damage_healed":0,"gold_gain":0,"player_choice":"Card Removal","damage_taken":7,"max_hp_gain":0,"max_hp_loss":0,"event_name":"Golden Wing","floor":3,"gold_loss":0},{"damage_healed":0,"gold_gain":0,"player_choice":"Success","damage_taken":18,"relics_obtained":["War Paint"],"max_hp_gain":0,"max_hp_loss":0,"event_name":"Scrap Ooze","floor":5,"gold_loss":0},{"damage_healed":0,"gold_gain":0,"player_choice":"Leave","damage_taken":0,"max_hp_gain":0,"max_hp_loss":0,"event_name":"The Cleric","floor":11,"gold_loss":0},{"damage_healed":0,"gold_gain":0,"player_choice":"Ignored","damage_taken":0,"max_hp_gain":0,"max_hp_loss":0,"event_name":"Liars Game","floor":14,"gold_loss":0}],"is_beta":false,"boss_relics":[],"items_purged_floors":[],"is_endless":false,"potions_floor_spawned":[1,6],"killed_by":"Hexaghost","ascension_level":0}