{"gold_per_floor":[112,35,47,59,71,71,106,106,106,106,116,127,190,190,190,294,294,312,312,326,338,54,54,74,87,87,87,150,16,66,93,93,197,197,209,228,38,14,33,65,75,75,75,88,122,136,136,169,169,169],"floor_reached":51,"playtime":7874,"items_purged":["Pain","Strike_G"],"score":911,"play_id":"54f17909-e544-482c-add9-dd3f57a026a4","local_time":"20190418210535","is_ascension_mode":false,"campfire_choices":[{"data":"Accuracy","floor":6.0,"key":"SMITH"},{"floor":8.0,"key":"REST"},{"data":"Infinite Blades","floor":10.0,"key":"SMITH"},{"floor":15.0,"key":"REST"},{"data":"Blade Dance","floor":23.0,"key":"SMITH"},{"data":"Infinite Blades","floor":32.0,"key":"SMITH"},{"data":"Adrenaline","floor":42.0,"key":"SMITH"},{"data":"Deflect","floor":47.0,"key":"SMITH"},{"data":"Backflip","floor":49,"key":"SMITH"}],"neow_cost":"NONE","seed_source_timestamp":0,"circlet_count":0,"master_deck":["Defend_G","Defend_G","Defend_G","Defend_G","Defend_G","Strike_G","Strike_G","Strike_G","Survivor","Neutralize","Blur","Accuracy+1","Blade Dance+1","Acrobatics","Backflip+1","Infinite Blades+1","Deflect+1","Flying Knee","Die Die Die","Shame","Clumsy","Outmaneuver+1","J.A.X.","Leg Sweep","Leg Sweep","Infinite Blades+1","Ghostly","Ghostly","Ghostly","Ghostly","Ghostly","Adrenaline+1","Dagger Spray+1","Dodge and Roll+1","Cloak And Dagger","Well Laid Plans+1","Deflect+1","Cloak And Dagger","Blade Dance+1","Backflip+1"],"special_seed":0,"relics":["Ring of the Snake","Orichalcum","Dodecahedron","Du-Vu Doll","Incense Burner","Calling Bell","Regal Pillow","Ornamental Fan","Thread and Needle","Lee\u0027s Waffle","Happy Flower","SsserpentHead","Ancient Tea Set","WristBlade","Pen Nib","Letter Opener","Bird Faced Urn","Calipers","Nunchaku","Unceasing Top"],"potions_floor_usage":[],"damage_taken":[{"damage":0.0,"enemies":"Cultist","floor":1.0,"turns":4.0},{"damage":7.0,"enemies":"Jaw Worm","floor":3.0,"turns":6.0},{"damage":3.0,"enemies":"2 Louse","floor":4.0,"turns":4.0},{"damage":3.0,"enemies":"Large Slime","floor":5.0,"turns":8.0},{"damage":22.0,"enemies":"3 Sentries","floor":7.0,"turns":10.0},{"damage":4.0,"enemies":"Lots of Slimes","floor":11.0,"turns":5.0},{"damage":6.0,"enemies":"3 Louse","floor":12.0,"turns":4.0},{"damage":9.0,"enemies":"3 Sentries","floor":13.0,"turns":8.0},{"damage":9.0,"enemies":"Slime Boss","floor":16.0,"turns":10.0},{"damage":6.0,"enemies":"Spheric Guardian","floor":18.0,"turns":3.0},{"damage":3.0,"enemies":"Shell Parasite","floor":20.0,"turns":4.0},{"damage":10.0,"enemies":"Sentry and Sphere","floor":21.0,"turns":5.0},{"damage":14.0,"enemies":"Cultist and Chosen","floor":24.0,"turns":6.0},{"damage":12.0,"enemies":"Centurion and Healer","floor":25.0,"turns":8.0},{"damage":2.0,"enemies":"3 Cultists","floor":28.0,"turns":5.0},{"damage":0.0,"enemies":"Book of Stabbing","floor":31.0,"turns":6.0},{"damage":33.0,"enemies":"Champ","floor":33.0,"turns":11.0},{"damage":0.0,"enemies":"3 Shapes","floor":35.0,"turns":4.0},{"damage":0.0,"enemies":"Orb Walker","floor":36.0,"turns":4.0},{"damage":0.0,"enemies":"Jaw Worm Horde","floor":39.0,"turns":3.0},{"damage":0.0,"enemies":"Giant Head","floor":40.0,"turns":8.0},{"damage":0.0,"enemies":"Sphere and 2 Shapes","floor":41.0,"turns":5.0},{"damage":0.0,"enemies":"Maw","floor":44.0,"turns":7.0},{"damage":0.0,"enemies":"Nemesis","floor":45.0,"turns":7.0},{"damage":8.0,"enemies":"3 Darklings","floor":46.0,"turns":5.0},{"damage":0,"enemies":"Reptomancer","floor":48,"turns":6},{"damage":0,"enemies":"Awakened One","floor":50,"turns":10}],"seed_played":"6925635384083713261","potions_obtained":[{"floor":5.0,"key":"Strength Potion"},{"floor":7.0,"key":"AttackPotion"},{"floor":11.0,"key":"FearPotion"},{"floor":24.0,"key":"GhostInAJar"},{"floor":25.0,"key":"Explosive Potion"},{"floor":28.0,"key":"PowerPotion"},{"floor":33.0,"key":"SteroidPotion"},{"floor":39.0,"key":"EssenceOfSteel"},{"floor":41.0,"key":"EntropicBrew"}],"is_trial":false,"path_per_floor":["M","$","M","M","M","R","E","R","T","R","M","M","?","?","R","B",null,"M","?","M","M","$","R","M","M","T","?","M","$","?","E","R","B",null,"M","M","$","?","M","E","M","R","T","M","E","M","R","E","R","B",null],"character_chosen":"THE_SILENT","items_purchased":["Accuracy","Lee\u0027s Waffle","Infinite Blades","Cloak And Dagger","Pen Nib"],"campfire_rested":2,"item_purchase_floors":[2,22,29,37,37],"current_hp_per_floor":[70,70,63,60,57,57,35,56,56,56,52,46,37,19,40,31,70,64,64,61,51,77,77,63,51,51,51,49,49,38,38,38,5,38,38,38,38,38,38,38,38,38,38,38,38,32,32,38,38,38],"gold":169,"neow_bonus":"REMOVE_CARD","is_prod":false,"is_daily":false,"chose_seed":false,"campfire_upgraded":7,"win_rate":0.0,"timestamp":1555614335,"path_taken":["M","?","M","M","M","R","E","R","T","R","M","M","?","?","R","BOSS","M","?","M","M","$","R","M","M","T","?","?","$","?","E","R","BOSS","M","M","$","?","M","E","M","R","T","M","E","M","R","E","R","BOSS"],"build_version":"2019-01-23","purchased_purges":2,"victory":true,"max_hp_per_floor":[70,70,70,70,70,70,70,70,70,70,70,70,70,70,70,70,70,70,70,70,70,77,77,77,77,77,77,77,77,38,38,38,38,38,38,38,38,38,38,38,38,38,38,38,38,38,38,38,38,38],"card_choices":[{"not_picked":["Prepared","Eviscerate"],"picked":"Blur","floor":1.0},{"not_picked":["Deflect","Cloak And Dagger"],"picked":"Blade Dance","floor":3.0},{"not_picked":["Calculated Gamble","Night Terror"],"picked":"Acrobatics","floor":4.0},{"not_picked":["Acrobatics","Bane"],"picked":"Backflip","floor":5.0},{"not_picked":["Caltrops","Dodge and Roll"],"picked":"Infinite Blades","floor":7.0},{"not_picked":["Poisoned Stab","Bouncing Flask"],"picked":"Deflect","floor":11.0},{"not_picked":["Eviscerate","Deflect","Dagger Spray"],"picked":"SKIP","floor":12.0},{"not_picked":["Quick Slash","Predator"],"picked":"Flying Knee","floor":13.0},{"not_picked":["A Thousand Cuts","Venomology"],"picked":"Die Die Die","floor":16.0},{"not_picked":["Poisoned Stab","Slice"],"picked":"Outmaneuver+1","floor":18.0},{"not_picked":["Tactician+1","Distraction","Flying Knee"],"picked":"SKIP","floor":20.0},{"not_picked":["Prepared","Deflect","Flying Knee"],"picked":"SKIP","floor":21.0},{"not_picked":["Bane","Dodge and Roll","Dagger Throw"],"picked":"SKIP","floor":24.0},{"not_picked":["Underhanded Strike","Choke"],"picked":"Leg Sweep","floor":25.0},{"not_picked":["Prepared","Night Terror"],"picked":"Leg Sweep","floor":28.0},{"not_picked":["Dagger Spray","Catalyst+1","Deflect"],"picked":"SKIP","floor":31.0},{"not_picked":["Corpse Explosion","Tools of the Trade"],"picked":"Adrenaline","floor":33.0},{"not_picked":["Footwork","Tactician"],"picked":"Dagger Spray+1","floor":35.0},{"not_picked":["Dagger Spray+1","Eviscerate+1"],"picked":"Dodge and Roll+1","floor":36.0},{"not_picked":["Escape Plan+1","Reflex+1"],"picked":"Well Laid Plans+1","floor":39.0},{"not_picked":["Eviscerate+1","Bane","Crippling Poison"],"picked":"SKIP","floor":40.0},{"not_picked":["Distraction+1","Predator"],"picked":"Deflect+1","floor":41.0},{"not_picked":["Prepared","Bane"],"picked":"Cloak And Dagger","floor":44.0},{"not_picked":["Acrobatics","Slice"],"picked":"Blade Dance+1","floor":45.0},{"not_picked":["Underhanded Strike","Reflex+1","Well Laid Plans+1"],"picked":"SKIP","floor":46.0},{"not_picked":["Noxious Fumes","Riddle With Holes+1"],"picked":"Backflip+1","floor":48}],"player_experience":101600,"relics_obtained":[{"floor":7.0,"key":"Orichalcum"},{"floor":9.0,"key":"Dodecahedron"},{"floor":13.0,"key":"Du-Vu Doll"},{"floor":17.0,"key":"Regal Pillow"},{"floor":17.0,"key":"Ornamental Fan"},{"floor":17.0,"key":"Thread and Needle"},{"floor":26.0,"key":"Happy Flower"},{"floor":31.0,"key":"Ancient Tea Set"},{"floor":40.0,"key":"Bird Faced Urn"},{"floor":43.0,"key":"Calipers"},{"floor":45.0,"key":"Nunchaku"},{"floor":48,"key":"Unceasing Top"}],"event_choices":[{"damage_healed":0.0,"max_hp_gain":0.0,"max_hp_loss":0.0,"gold_gain":0.0,"event_name":"Dead Adventurer","player_choice":"Searched \u00271\u0027 times","floor":13.0,"gold_loss":0.0,"damage_taken":0.0},{"damage_healed":0.0,"max_hp_gain":0.0,"max_hp_loss":0.0,"gold_gain":0.0,"event_name":"Scrap Ooze","player_choice":"Success","floor":14.0,"gold_loss":0.0,"damage_taken":18.0,"relics_obtained":["Incense Burner"]},{"damage_healed":0.0,"max_hp_gain":0.0,"max_hp_loss":0.0,"gold_gain":0.0,"event_name":"Drug Dealer","player_choice":"Obtain J.A.X.","floor":19.0,"gold_loss":0.0,"damage_taken":0.0,"cards_obtained":["J.A.X."]},{"damage_healed":0.0,"max_hp_gain":0.0,"max_hp_loss":0.0,"gold_gain":0.0,"event_name":"FaceTrader","player_choice":"Trade","floor":27.0,"gold_loss":0.0,"damage_taken":0.0,"relics_obtained":["SsserpentHead"]},{"damage_healed":0.0,"max_hp_gain":0.0,"max_hp_loss":39.0,"gold_gain":0.0,"event_name":"Ghosts","player_choice":"Became a Ghost","floor":30.0,"gold_loss":0.0,"damage_taken":0.0,"cards_obtained":["Ghostly","Ghostly","Ghostly","Ghostly","Ghostly"]},{"damage_healed":0.0,"max_hp_gain":0.0,"max_hp_loss":0.0,"gold_gain":0.0,"event_name":"WeMeetAgain","player_choice":"Paid Gold","floor":38.0,"gold_loss":74.0,"damage_taken":0.0,"relics_obtained":["Letter Opener"]}],"is_beta":false,"boss_relics":[{"not_picked":["White Beast Statue","Tiny House"],"picked":"Calling Bell"},{"not_picked":["Runic Dome","Runic Pyramid"],"picked":"WristBlade"}],"items_purged_floors":[22,29],"is_endless":false,"potions_floor_spawned":[5,7,11,24,25,28,33,39,41,44],"ascension_level":0}