{"gold_per_floor":[110,110,120,136,37,37,68,68,92,107,107,126,169,20,20,148,148,171,191,204,5,30,74,74,127,177,210,229,247,285,303,303,303],"floor_reached":33,"playtime":2020,"items_purged":["Strike_R","Strike_R"],"score":516,"play_id":"795f4403-4f35-4f83-b8fd-72264c6edddf","local_time":"20190409201349","is_ascension_mode":true,"campfire_choices":[{"data":"Clothesline","floor":6,"key":"SMITH"},{"data":"Whirlwind","floor":8,"key":"SMITH"},{"data":"Limit Break","floor":15,"key":"SMITH"},{"data":"Spot Weakness","floor":24,"key":"SMITH"},{"data":"Flex","floor":32,"key":"SMITH"}],"neow_cost":"TEN_PERCENT_HP_LOSS","seed_source_timestamp":1541441750526203,"circlet_count":0,"master_deck":["AscendersBane","Strike_R","Strike_R+1","Strike_R","Defend_R","Defend_R","Defend_R","Defend_R","Bash","Trip+1","Madness","True Grit","Twin Strike","Whirlwind+1","Clothesline+1","Anger","Spot Weakness+1","Limit Break+1","Reaper","Shrug It Off+1","Evolve","Power Through","Armaments","Combust+1","Anger+1","Flex+1","Shrug It Off+1","Heavy Blade","Sword Boomerang"],"relics":["Burning Blood","Smiling Mask","Bag of Marbles","Golden Idol","Question Card","Runic Dome","Vajra","Oddly Smooth Stone","Juzu Bracelet","Art of War","Omamori"],"potions_floor_usage":[13,13,16,19,23,27],"damage_taken":[{"damage":7,"enemies":"2 Louse","floor":1,"turns":3},{"damage":12,"enemies":"Jaw Worm","floor":3,"turns":4},{"damage":6,"enemies":"Cultist","floor":4,"turns":4},{"damage":35,"enemies":"Gremlin Nob","floor":7,"turns":5},{"damage":0,"enemies":"Exordium Thugs","floor":10,"turns":3},{"damage":0,"enemies":"Gremlin Gang","floor":12,"turns":1},{"damage":20,"enemies":"Lagavulin","floor":13,"turns":6},{"damage":23,"enemies":"Slime Boss","floor":16,"turns":7},{"damage":15,"enemies":"2 Thieves","floor":18,"turns":3},{"damage":14,"enemies":"Spheric Guardian","floor":19,"turns":4},{"damage":18,"enemies":"Snecko","floor":20,"turns":5},{"damage":10,"enemies":"3 Cultists","floor":22,"turns":4},{"damage":0,"enemies":"Slavers","floor":23,"turns":1},{"damage":16,"enemies":"Book of Stabbing","floor":27,"turns":4},{"damage":49,"enemies":"Centurion and Healer","floor":28,"turns":5},{"damage":7,"enemies":"Cultist and Chosen","floor":29,"turns":4},{"damage":30,"enemies":"Gremlin Leader","floor":30,"turns":6},{"damage":0,"enemies":"3 Cultists","floor":31,"turns":3},{"damage":81,"enemies":"Automaton","floor":33,"turns":6}],"seed_played":"-7828822255016656534","potions_obtained":[{"floor":4,"key":"BloodPotion"},{"floor":7,"key":"Regen Potion"},{"floor":13,"key":"SkillPotion"},{"floor":18,"key":"AttackPotion"},{"floor":22,"key":"Strength Potion"},{"floor":30,"key":"Ancient Potion"}],"is_trial":false,"path_per_floor":["M","?","M","M","$","R","E","R","T","M","?","M","E","$","R","B",null,"M","M","M","$","M","E","R","T","T","E","M","M","E","M","R","B"],"character_chosen":"IRONCLAD","items_purchased":["Clothesline","Limit Break","SteroidPotion","Armaments","SkillPotion"],"campfire_rested":0,"item_purchase_floors":[5,14,21,21,21],"current_hp_per_floor":[71,57,51,51,51,51,22,22,22,28,28,34,41,41,41,24,56,47,39,33,33,47,53,53,53,53,67,33,32,58,67,67,0],"gold":303,"neow_bonus":"RANDOM_COLORLESS_2","is_prod":false,"is_daily":false,"chose_seed":false,"campfire_upgraded":5,"win_rate":0,"timestamp":1554855229,"path_taken":["M","?","M","M","$","R","E","R","T","M","?","?","E","$","R","BOSS","M","M","M","$","?","E","R","?","T","E","M","M","E","M","R","BOSS"],"build_version":"2019-01-23","purchased_purges":2,"victory":false,"max_hp_per_floor":[72,72,72,72,72,72,72,72,72,72,67,67,67,67,67,67,67,67,67,67,67,67,67,67,67,67,67,67,67,67,67,67,67],"card_choices":[{"not_picked":["Rupture","Searing Blow"],"picked":"True Grit","floor":1},{"not_picked":["Wild Strike","Rage"],"picked":"Twin Strike","floor":3},{"not_picked":["Twin Strike","Body Slam"],"picked":"Whirlwind","floor":4},{"not_picked":["Headbutt","Heavy Blade"],"picked":"Anger","floor":7},{"not_picked":["Clothesline","Cleave","Body Slam"],"picked":"SKIP","floor":10},{"not_picked":["Twin Strike","Heavy Blade"],"picked":"Spot Weakness","floor":12},{"not_picked":["Intimidate","Havoc","Clash"],"picked":"SKIP","floor":13},{"not_picked":["Demon Form","Immolate","Limit Break"],"picked":"Reaper","floor":16},{"not_picked":["Metallicize","Disarm","True Grit"],"picked":"Shrug It Off+1","floor":18},{"not_picked":["Wild Strike","Armaments","Twin Strike"],"picked":"Evolve","floor":19},{"not_picked":["Anger+1","Feed","Cleave+1"],"picked":"Power Through","floor":20},{"not_picked":["Clash","Twin Strike","Iron Wave","Evolve"],"picked":"SKIP","floor":22},{"not_picked":["Body Slam","Feel No Pain+1","Wild Strike"],"picked":"Combust+1","floor":23},{"not_picked":["Perfected Strike+1","Seeing Red","Intimidate+1"],"picked":"Anger+1","floor":27},{"not_picked":["True Grit","Warcry","Anger"],"picked":"Flex","floor":28},{"not_picked":["True Grit+1","Metallicize","Cleave"],"picked":"Shrug It Off+1","floor":29},{"not_picked":["Bloodletting","Sever Soul","Metallicize"],"picked":"Heavy Blade","floor":30},{"not_picked":["Evolve","Body Slam","True Grit"],"picked":"Sword Boomerang","floor":31}],"player_experience":304129,"relics_obtained":[{"floor":7,"key":"Smiling Mask"},{"floor":9,"key":"Bag of Marbles"},{"floor":13,"key":"Question Card"},{"floor":23,"key":"Vajra"},{"floor":25,"key":"Oddly Smooth Stone"},{"floor":26,"key":"Juzu Bracelet"},{"floor":27,"key":"Art of War"},{"floor":30,"key":"Omamori"}],"event_choices":[{"damage_healed":0,"gold_gain":0,"player_choice":"Entered Light","damage_taken":14,"max_hp_gain":0,"max_hp_loss":0,"event_name":"Shining Light","floor":2,"gold_loss":0,"cards_upgraded":["Trip","Strike_R"]},{"damage_healed":0,"gold_gain":0,"player_choice":"Lose Max HP","damage_taken":0,"relics_obtained":["Golden Idol"],"max_hp_gain":0,"max_hp_loss":5,"event_name":"Golden Idol","floor":11,"gold_loss":0}],"is_beta":false,"boss_relics":[{"not_picked":["Runic Pyramid","Eternal Feather"],"picked":"Runic Dome"}],"items_purged_floors":[5,21],"is_endless":false,"potions_floor_spawned":[4,7,13,18,22,30],"killed_by":"Automaton","ascension_level":10}