{"gold_per_floor":[110,110,123,123,12,46,46,71,94,110,122,122,138,167,167,272,272,292,391,391,22,36,68,82,100,100,100,126,141,141,160,160,259,259,277,237,292,71,71,71,91,91,118,149,149,24,24,38,38,38],"floor_reached":51,"playtime":4349,"items_purged":["Strike_G","Strike_G","Clumsy"],"score":941,"play_id":"880ca4b5-2000-4aa8-acbe-1ad71003d741","local_time":"20190213173713","is_ascension_mode":true,"campfire_choices":[{"data":"Skewer","floor":7,"key":"SMITH"},{"floor":12,"key":"REST"},{"data":"Catalyst","floor":15,"key":"SMITH"},{"data":"Wraith Form v2","floor":27,"key":"SMITH"},{"floor":30,"key":"REST"},{"data":"Noxious Fumes","floor":32,"key":"SMITH"},{"floor":40,"key":"REST"},{"data":"Footwork","floor":42,"key":"SMITH"},{"floor":45,"key":"REST"},{"floor":47,"key":"REST"},{"floor":49,"key":"REST"}],"neow_cost":"NONE","seed_source_timestamp":11497217428742,"circlet_count":0,"master_deck":["Defend_G","Defend_G","Defend_G","Defend_G","Defend_G","Strike_G","Survivor","Neutralize","PiercingWail","Well Laid Plans","Skewer+1","Poisoned Stab","Wraith Form v2+1","Dagger Throw","Poisoned Stab","PiercingWail","Catalyst+1","Corpse Explosion","Escape Plan","Noxious Fumes+1","Backstab+1","Crippling Poison","Terror+1","Backflip","Well Laid Plans","PiercingWail+1","Burst+1","Footwork+1","Backflip","Dodge and Roll","Backflip","A Thousand Cuts","Infinite Blades+1","Deadly Poison","Parasite"],"relics":["Ring of the Snake","Blood Vial","Lantern","Pocketwatch","Anchor","Dream Catcher","Sozu","Vajra","Ancient Tea Set","Centennial Puzzle","Juzu Bracelet","Bag of Marbles","Cursed Key","Calipers","Strawberry","Ninja Scroll"],"potions_floor_usage":[6,14,18,33],"damage_taken":[{"damage":6,"enemies":"Jaw Worm","floor":1,"turns":5},{"damage":7,"enemies":"Small Slimes","floor":3,"turns":4},{"damage":17,"enemies":"3 Sentries","floor":6,"turns":7},{"damage":28,"enemies":"Gremlin Nob","floor":8,"turns":4},{"damage":0,"enemies":"2 Louse","floor":10,"turns":2},{"damage":0,"enemies":"Exordium Thugs","floor":11,"turns":3},{"damage":0,"enemies":"Looter","floor":13,"turns":2},{"damage":2,"enemies":"3 Sentries","floor":14,"turns":5},{"damage":2,"enemies":"The Guardian","floor":16,"turns":8},{"damage":0,"enemies":"3 Byrds","floor":18,"turns":2},{"damage":0,"enemies":"Spheric Guardian","floor":22,"turns":4},{"damage":0,"enemies":"Gremlin Leader","floor":23,"turns":5},{"damage":17,"enemies":"Snecko","floor":24,"turns":4},{"damage":6,"enemies":"Centurion and Healer","floor":25,"turns":5},{"damage":11,"enemies":"Book of Stabbing","floor":28,"turns":5},{"damage":18,"enemies":"Snake Plant","floor":29,"turns":3},{"damage":1,"enemies":"3 Cultists","floor":31,"turns":4},{"damage":26,"enemies":"Automaton","floor":33,"turns":8},{"damage":10,"enemies":"3 Darklings","floor":35,"turns":3},{"damage":24,"enemies":"2 Orb Walkers","floor":37,"turns":3},{"damage":4,"enemies":"Orb Walker","floor":41,"turns":4},{"damage":50,"enemies":"Reptomancer","floor":44,"turns":5},{"damage":7,"enemies":"Writhing Mass","floor":48,"turns":6},{"damage":66,"enemies":"Awakened One","floor":50,"turns":14}],"seed_played":"-1627002578179530316","potions_obtained":[{"floor":3,"key":"Strength Potion"},{"floor":10,"key":"Ancient Potion"},{"floor":13,"key":"LiquidBronze"},{"floor":14,"key":"Block Potion"}],"is_trial":false,"path_per_floor":["M","?","M","?","$","E","R","E","T","M","M","R","M","E","R","B",null,"M","?","?","$","M","E","M","M","T","R","E","M","R","M","R","B",null,"M","?","?","$","?","R","M","R","T","E","R","$","R","M","R","B",null],"character_chosen":"THE_SILENT","items_purchased":["Skewer","Noxious Fumes","Vajra","Ancient Tea Set","Footwork","Backflip"],"campfire_rested":6,"item_purchase_floors":[5,21,21,21,38,38],"current_hp_per_floor":[64,57,52,57,57,42,42,16,16,18,20,42,44,44,44,44,67,69,69,69,69,71,73,58,54,54,54,45,29,51,52,52,28,63,55,55,33,33,33,55,53,53,60,12,36,36,60,55,79,15],"gold":38,"neow_bonus":"RANDOM_COMMON_RELIC","is_prod":false,"is_daily":false,"chose_seed":false,"campfire_upgraded":5,"win_rate":0,"timestamp":1550097433,"path_taken":["M","?","M","?","$","E","R","E","T","M","M","R","M","E","R","BOSS","M","?","?","$","M","E","?","M","T","R","E","M","R","M","R","BOSS","M","?","?","$","?","R","M","R","T","E","R","?","R","M","R","BOSS"],"build_version":"2019-01-23","purchased_purges":3,"victory":true,"max_hp_per_floor":[70,70,70,75,75,75,75,75,75,75,75,75,75,75,75,75,75,75,75,75,75,75,75,75,75,75,75,75,75,75,75,75,75,75,75,75,75,75,75,75,75,75,82,82,82,82,82,82,82,82],"card_choices":[{"not_picked":["Blade Dance","Expertise"],"picked":"PiercingWail","floor":1},{"not_picked":["Expertise","Blade Dance"],"picked":"Well Laid Plans","floor":3},{"not_picked":["Dash","Deflect"],"picked":"Poisoned Stab","floor":6},{"not_picked":["Flechettes","Accuracy"],"picked":"Wraith Form v2","floor":8},{"not_picked":["Blur","Escape Plan"],"picked":"Dagger Throw","floor":10},{"not_picked":["Riddle With Holes","Concentrate"],"picked":"Poisoned Stab","floor":11},{"not_picked":["Deflect","Blade Dance"],"picked":"PiercingWail","floor":13},{"not_picked":["Caltrops","Heel Hook"],"picked":"Catalyst","floor":14},{"not_picked":["Grand Finale","Storm of Steel"],"picked":"Corpse Explosion","floor":16},{"not_picked":["Underhanded Strike","Cloak And Dagger"],"picked":"Escape Plan","floor":18},{"not_picked":["Acrobatics","Escape Plan+1"],"picked":"Backstab+1","floor":22},{"not_picked":["Slice+1","Bane"],"picked":"Crippling Poison","floor":23},{"not_picked":["Dagger Spray+1","Flying Knee"],"picked":"Terror+1","floor":24},{"not_picked":["Dagger Spray+1","Accuracy","Blade Dance"],"picked":"SKIP","floor":25},{"not_picked":["Phantasmal Killer","Accuracy","Blade Dance"],"picked":"SKIP","floor":28},{"not_picked":["Accuracy","Concentrate"],"picked":"Backflip","floor":29},{"not_picked":["Underhanded Strike+1","PiercingWail"],"picked":"Well Laid Plans","floor":30},{"not_picked":["Cloak And Dagger","Outmaneuver"],"picked":"PiercingWail+1","floor":31},{"not_picked":["Tools of the Trade","Die Die Die"],"picked":"Burst","floor":33},{"not_picked":["Finisher+1","Quick Slash+1","Choke"],"picked":"SKIP","floor":35},{"not_picked":["Setup","Sucker Punch"],"picked":"Dodge and Roll","floor":40},{"not_picked":["Eviscerate","Sucker Punch"],"picked":"Backflip","floor":41},{"not_picked":["Cloak And Dagger+1","Flying Knee"],"picked":"A Thousand Cuts","floor":44},{"not_picked":["Dodge and Roll","Quick Slash"],"picked":"Infinite Blades+1","floor":45},{"not_picked":["Prepared","Slice+1"],"picked":"Deadly Poison","floor":47},{"not_picked":["Backflip","Footwork","Well Laid Plans"],"picked":"SKIP","floor":48}],"player_experience":204432,"relics_obtained":[{"floor":6,"key":"Lantern"},{"floor":8,"key":"Pocketwatch"},{"floor":9,"key":"Anchor"},{"floor":14,"key":"Dream Catcher"},{"floor":23,"key":"Centennial Puzzle"},{"floor":26,"key":"Juzu Bracelet"},{"floor":28,"key":"Bag of Marbles"},{"floor":37,"key":"Calipers"},{"floor":43,"key":"Strawberry"},{"floor":44,"key":"Ninja Scroll"}],"event_choices":[{"cards_removed":["Strike_G"],"damage_healed":0,"gold_gain":0,"player_choice":"Card Removal","damage_taken":7,"max_hp_gain":0,"max_hp_loss":0,"event_name":"Golden Wing","floor":2,"gold_loss":0},{"damage_healed":0,"gold_gain":0,"player_choice":"Donut","damage_taken":0,"max_hp_gain":5,"max_hp_loss":0,"event_name":"Big Fish","floor":4,"gold_loss":0},{"damage_healed":0,"gold_gain":99,"player_choice":"Stole From Cult","damage_taken":0,"max_hp_gain":0,"max_hp_loss":0,"event_name":"Nest","floor":19,"gold_loss":0},{"damage_healed":0,"gold_gain":0,"player_choice":"Bought 0 Potions","damage_taken":0,"max_hp_gain":0,"max_hp_loss":0,"event_name":"The Woman in Blue","floor":20,"gold_loss":0},{"damage_healed":0,"gold_gain":0,"player_choice":"Upgrade","damage_taken":0,"max_hp_gain":0,"max_hp_loss":0,"event_name":"Designer","floor":36,"gold_loss":40,"cards_upgraded":["Burst"]},{"damage_healed":0,"gold_gain":0,"player_choice":"Fight","damage_taken":0,"max_hp_gain":0,"max_hp_loss":0,"event_name":"Mysterious Sphere","floor":37,"gold_loss":0},{"cards_removed":["Strike_G"],"damage_healed":0,"gold_gain":0,"player_choice":"Purged","damage_taken":0,"max_hp_gain":0,"max_hp_loss":0,"event_name":"Purifier","floor":39,"gold_loss":0}],"is_beta":false,"boss_relics":[{"not_picked":["Velvet Choker","Runic Dome"],"picked":"Sozu"},{"not_picked":["Philosopher\u0027s Stone","Busted Crown"],"picked":"Cursed Key"}],"items_purged_floors":[5,38,46],"is_endless":false,"potions_floor_spawned":[3,10,13,14,23,25,28,31,37,41,48],"ascension_level":5}