{"gold_per_floor":[109,119,119,44,44,72,72,105,184,194,194,194,94,118,118,247,247,262,262,276,312,328,328,372,384,420,463,475,487,523,555,567,703,715,746,758,378,401,416,416,451,451,475,258,289,289,389,413,413,413,413,413,19,60,60],"floor_reached":55,"playtime":2657,"items_purged":["Strike_G","Strike_G","Eviscerate+1","Defend_G","Defend_G"],"score":794,"play_id":"e00e1467-74dc-4b34-b5d9-f035a3418d14","local_time":"20190323220055","is_ascension_mode":false,"campfire_choices":[{"data":"Dash","floor":7.0,"key":"SMITH"},{"data":"Terror","floor":11.0,"key":"SMITH"},{"floor":15.0,"key":"REST"},{"data":"Footwork","floor":23.0,"key":"SMITH"},{"data":"Bullet Time","floor":25.0,"key":"SMITH"},{"data":"Backflip","floor":29.0,"key":"SMITH"},{"data":"Acrobatics","floor":32.0,"key":"SMITH"},{"data":"Burst","floor":40.0,"key":"SMITH"},{"floor":42.0,"key":"REST"},{"floor":46.0,"key":"RECALL"},{"floor":49.0,"key":"REST"},{"data":"Caltrops","floor":52.0,"key":"SMITH"}],"neow_cost":"NONE","seed_source_timestamp":173407506950394,"circlet_count":0,"master_deck":["Defend_G","Strike_G+1","Survivor","Neutralize+1","Dash+1","Backflip+1","Dagger Throw","Terror+1","Bullet Time+1","Poisoned Stab+1","Footwork+1","Tactician+1","Acrobatics+1","Dodge and Roll+1","Burst+1","Skewer+1","Night Terror+1","Outmaneuver+1","Dodge and Roll+1","Escape Plan","Deadly Poison+1","Caltrops+1","Dark Shackles","Choke+1"],"special_seed":0,"relics":["Ring of the Snake","Pen Nib","Anchor","Whetstone","Sundial","Golden Idol","Philosopher\u0027s Stone","Smiling Mask","Red Mask","MawBank","Vajra","Blood Vial","Astrolabe","Tiny Chest","PreservedInsect","StoneCalendar","Omamori","Snake Skull","ClockworkSouvenir","Art of War","Bronze Scales"],"potions_floor_usage":[55,55],"damage_taken":[{"damage":0.0,"enemies":"Jaw Worm","floor":1.0,"turns":6.0},{"damage":0.0,"enemies":"Cultist","floor":2.0,"turns":4.0},{"damage":13.0,"enemies":"Gremlin Nob","floor":6.0,"turns":5.0},{"damage":14.0,"enemies":"Lagavulin","floor":8.0,"turns":9.0},{"damage":0.0,"enemies":"Small Slimes","floor":10.0,"turns":2.0},{"damage":34.0,"enemies":"The Guardian","floor":16.0,"turns":12.0},{"damage":0.0,"enemies":"Shell Parasite","floor":18.0,"turns":4.0},{"damage":0.0,"enemies":"Chosen","floor":20.0,"turns":3.0},{"damage":28.0,"enemies":"Masked Bandits","floor":21.0,"turns":7.0},{"damage":0.0,"enemies":"Snecko","floor":22.0,"turns":4.0},{"damage":0.0,"enemies":"Slavers","floor":24.0,"turns":6.0},{"damage":4.0,"enemies":"Book of Stabbing","floor":27.0,"turns":6.0},{"damage":0.0,"enemies":"Sentry and Sphere","floor":30.0,"turns":5.0},{"damage":0.0,"enemies":"Snake Plant","floor":31.0,"turns":3.0},{"damage":13.0,"enemies":"Champ","floor":33.0,"turns":15.0},{"damage":10.0,"enemies":"Orb Walker","floor":35.0,"turns":4.0},{"damage":0.0,"enemies":"3 Shapes","floor":38.0,"turns":5.0},{"damage":0.0,"enemies":"3 Darklings","floor":39.0,"turns":10.0},{"damage":39.0,"enemies":"Reptomancer","floor":41.0,"turns":5.0},{"damage":0.0,"enemies":"Giant Head","floor":45.0,"turns":8.0},{"damage":18.0,"enemies":"Maw","floor":48.0,"turns":6.0},{"damage":6.0,"enemies":"Donu and Deca","floor":50.0,"turns":10.0},{"damage":26.0,"enemies":"Shield and Spear","floor":54.0,"turns":6.0},{"damage":62,"enemies":"The Heart","floor":55,"turns":6}],"seed_played":"-6352969731989197793","potions_obtained":[{"floor":2.0,"key":"GhostInAJar"},{"floor":3.0,"key":"EntropicBrew"},{"floor":3.0,"key":"Dexterity Potion"},{"floor":16.0,"key":"Explosive Potion"},{"floor":24.0,"key":"Fire Potion"},{"floor":31.0,"key":"Fire Potion"},{"floor":33.0,"key":"GhostInAJar"},{"floor":41.0,"key":"SkillPotion"},{"floor":45.0,"key":"Poison Potion"}],"is_trial":false,"path_per_floor":["M","M","?","$","$","E","R","E","T","M","R","?","$","T","R","B",null,"M","?","M","?","M","R","E","R","T","E","?","R","M","M","R","B",null,"M","?","$","M","M","R","E","R","T","$","E","R","?","M","R","B",null,"R","$","E","B"],"character_chosen":"THE_SILENT","items_purchased":["Escape Plan","Tiny Chest","PreservedInsect","Caltrops","Dark Shackles","ClockworkSouvenir","Art of War"],"campfire_rested":3,"item_purchase_floors":[37,37,37,44,44,53,53],"current_hp_per_floor":[70,70,70,70,70,57,57,43,43,43,43,26,26,26,47,13,70,70,70,70,42,42,42,42,42,42,38,38,38,40,42,42,46,70,60,60,60,62,64,64,27,48,48,48,50,50,50,34,55,51,70,70,70,44,0],"gold":60,"neow_bonus":"RANDOM_COMMON_RELIC","is_prod":false,"is_daily":false,"chose_seed":false,"campfire_upgraded":8,"win_rate":0,"timestamp":1553346055,"path_taken":["M","M","?","?","$","E","R","E","T","M","R","?","$","?","R","BOSS","M","?","?","?","M","R","E","R","T","E","?","R","?","?","R","BOSS","M","?","?","?","M","R","E","R","T","$","E","R","?","M","R","BOSS","R","$","E","BOSS"],"build_version":"2019-01-23","purchased_purges":5,"victory":false,"max_hp_per_floor":[70,70,70,70,70,70,70,70,70,70,70,70,70,70,70,70,70,70,70,70,70,70,70,70,70,70,70,70,70,70,70,70,70,70,70,70,70,70,70,70,70,70,70,70,70,70,70,70,70,70,70,70,70,70,70],"card_choices":[{"not_picked":["Blade Dance","Dagger Throw"],"picked":"Dash","floor":1.0},{"not_picked":["Prepared","Flechettes"],"picked":"Backflip","floor":2.0},{"not_picked":["Slice","Bane"],"picked":"Dagger Throw","floor":6.0},{"not_picked":["Sucker Punch","Cloak And Dagger"],"picked":"Terror","floor":8.0},{"not_picked":["Cloak And Dagger","Eviscerate","Dagger Throw"],"picked":"SKIP","floor":10.0},{"not_picked":["Glass Knife","Unload"],"picked":"Bullet Time","floor":16.0},{"not_picked":["Sucker Punch","Slice+1"],"picked":"Poisoned Stab+1","floor":18.0},{"not_picked":["Dodge and Roll","Acrobatics"],"picked":"Footwork","floor":20.0},{"not_picked":["Prepared","Dodge and Roll"],"picked":"Tactician+1","floor":21.0},{"not_picked":["Dagger Spray","Flechettes","Cloak And Dagger+1"],"picked":"SKIP","floor":22.0},{"not_picked":["Masterful Stab","Blade Dance+1","Cloak And Dagger"],"picked":"SKIP","floor":24.0},{"not_picked":["Poisoned Stab+1","Underhanded Strike+1","Die Die Die"],"picked":"SKIP","floor":27.0},{"not_picked":["Eviscerate+1","Cloak And Dagger"],"picked":"Acrobatics","floor":30.0},{"not_picked":["All Out Attack+1","PiercingWail+1"],"picked":"Dodge and Roll+1","floor":31.0},{"not_picked":["Wraith Form v2","Phantasmal Killer"],"picked":"Burst","floor":33.0},{"not_picked":["PiercingWail","Cloak And Dagger"],"picked":"Outmaneuver+1","floor":35.0},{"not_picked":["Blade Dance+1","Dagger Spray"],"picked":"Deadly Poison+1","floor":38.0},{"not_picked":["Flying Knee+1","Finisher","Outmaneuver"],"picked":"SKIP","floor":39.0},{"not_picked":["Heel Hook+1","Envenom","Backflip"],"picked":"SKIP","floor":41.0},{"not_picked":["Dagger Spray+1","Sucker Punch+1","Dagger Throw+1"],"picked":"SKIP","floor":45.0},{"not_picked":["Deflect","Sucker Punch","Terror+1"],"picked":"SKIP","floor":48.0},{"not_picked":["PiercingWail+1","Underhanded Strike"],"picked":"Choke+1","floor":54.0}],"player_experience":365333,"relics_obtained":[{"floor":6.0,"key":"Anchor"},{"floor":8.0,"key":"Whetstone"},{"floor":9.0,"key":"Sundial"},{"floor":21.0,"key":"Red Mask"},{"floor":24.0,"key":"MawBank"},{"floor":26.0,"key":"Vajra"},{"floor":27.0,"key":"Blood Vial"},{"floor":41.0,"key":"StoneCalendar"},{"floor":43.0,"key":"Omamori"},{"floor":45.0,"key":"Snake Skull"},{"floor":54.0,"key":"Bronze Scales"}],"event_choices":[{"damage_healed":0.0,"max_hp_gain":0.0,"max_hp_loss":0.0,"gold_gain":0.0,"event_name":"Lab","player_choice":"Got Potions","floor":3.0,"gold_loss":0.0,"damage_taken":0.0},{"damage_healed":0.0,"max_hp_gain":0.0,"max_hp_loss":0.0,"gold_gain":0.0,"event_name":"Golden Idol","player_choice":"Take Damage","floor":12.0,"gold_loss":0.0,"damage_taken":17.0,"relics_obtained":["Golden Idol"]},{"damage_healed":0.0,"max_hp_gain":0.0,"max_hp_loss":0.0,"gold_gain":0.0,"event_name":"WeMeetAgain","player_choice":"Gave Potion","floor":19.0,"gold_loss":0.0,"damage_taken":0.0,"relics_obtained":["Smiling Mask"]},{"damage_healed":0.0,"max_hp_gain":0.0,"max_hp_loss":0.0,"gold_gain":0.0,"event_name":"Masked Bandits","player_choice":"Fought Bandits","floor":21.0,"gold_loss":0.0,"damage_taken":0.0},{"cards_removed":["Defend_G"],"damage_healed":0.0,"max_hp_gain":0.0,"max_hp_loss":0.0,"gold_gain":0.0,"event_name":"Bonfire Elementals","player_choice":"Offered Basic","floor":28.0,"gold_loss":0.0,"damage_taken":0.0},{"damage_healed":0.0,"max_hp_gain":0.0,"max_hp_loss":0.0,"gold_gain":0.0,"event_name":"Duplicator","player_choice":"Copied","floor":36.0,"gold_loss":0.0,"damage_taken":0.0,"cards_obtained":["Dodge and Roll"]},{"damage_healed":0.0,"max_hp_gain":0.0,"max_hp_loss":0.0,"gold_gain":100.0,"event_name":"Golden Shrine","player_choice":"Pray","floor":47.0,"gold_loss":0.0,"damage_taken":0.0}],"is_beta":false,"boss_relics":[{"not_picked":["Sozu","Cursed Key"],"picked":"Philosopher\u0027s Stone"},{"not_picked":["Tiny House","Calling Bell"],"picked":"Astrolabe"}],"items_purged_floors":[4,13,37,44,53],"is_endless":false,"potions_floor_spawned":[2,16,18,22,24,31,33,41,45,48,54],"killed_by":"The Heart","ascension_level":0}