{"gold_per_floor":[116,131,144,158,169,169,202,202,202,502,160,174,204,77,77,181,181,197,208,6,6,6,6,6,23,50,50,70,90,108,68,68,68],"floor_reached":33,"playtime":1881,"items_purged":["Normality","Strike_R"],"score":284,"play_id":"7af0c472-1534-4de6-a3e4-a37763b685a5","local_time":"20180623153749","is_ascension_mode":false,"campfire_choices":[{"data":"Demon Form","floor":6,"key":"SMITH"},{"floor":8,"key":"REST"},{"floor":15,"key":"REST"},{"floor":23,"key":"REST"},{"floor":32,"key":"REST"}],"neow_cost":"TEN_PERCENT_HP_LOSS","seed_source_timestamp":95296350769640,"circlet_count":0,"master_deck":["Strike_R","Strike_R","Strike_R","Strike_R","Defend_R","Defend_R","Defend_R","Defend_R","Bash","Twin Strike","Fire Breathing","Clothesline","Demon Form+1","Offering","Apotheosis","Spot Weakness","Headbutt","Heavy Blade","Limit Break","Seeing Red+1","Sword Boomerang","Iron Wave","Decay","Parasite","Headbutt"],"relics":["Burning Blood","Red Skull","Strawberry","Thread and Needle","Old Coin","Ginger","Cursed Key","Juzu Bracelet","Vajra"],"potions_floor_usage":[8,16,18,29,31,33,33,33],"damage_taken":[{"damage":5,"enemies":"Jaw Worm","floor":1,"turns":4},{"damage":1,"enemies":"Cultist","floor":2,"turns":3},{"damage":6,"enemies":"Small Slimes","floor":3,"turns":3},{"damage":13,"enemies":"Exordium Wildlife","floor":4,"turns":5},{"damage":15,"enemies":"3 Louse","floor":5,"turns":4},{"damage":30,"enemies":"3 Sentries","floor":7,"turns":6},{"damage":4,"enemies":"Large Slime","floor":12,"turns":5},{"damage":18,"enemies":"Lagavulin","floor":13,"turns":6},{"damage":17,"enemies":"The Guardian","floor":16,"turns":6},{"damage":38,"enemies":"2 Thieves","floor":18,"turns":4},{"damage":24,"enemies":"Chosen","floor":19,"turns":6},{"damage":44,"enemies":"3 Cultists","floor":25,"turns":5},{"damage":36,"enemies":"Centurion and Healer","floor":28,"turns":5},{"damage":2,"enemies":"Cultist and Chosen","floor":29,"turns":5},{"damage":25,"enemies":"Slaver and Parasite","floor":30,"turns":5},{"damage":72,"enemies":"Automaton","floor":33,"turns":8}],"seed_played":"5352329205824078770","potions_obtained":[{"floor":7,"key":"Fruit Juice"},{"floor":13,"key":"AttackPotion"},{"floor":16,"key":"AttackPotion"},{"floor":18,"key":"SneckoOil"},{"floor":25,"key":"Fire Potion"},{"floor":30,"key":"Fruit Juice"},{"floor":31,"key":"SkillPotion"},{"floor":31,"key":"BloodPotion"},{"floor":31,"key":"Block Potion"}],"is_trial":false,"path_per_floor":["M","M","M","M","M","R","E","R","T","?","$","M","E","$","R","B",null,"M","M","$","?","?","R","?","M","T","?","M","M","M","?","R"],"character_chosen":"IRONCLAD","items_purchased":["Apotheosis","Spot Weakness","Heavy Blade","Juzu Bracelet","Iron Wave"],"campfire_rested":4,"item_purchase_floors":[11,11,14,20,20],"current_hp_per_floor":[72,72,72,65,56,56,39,67,67,67,67,69,57,57,82,71,84,52,34,34,34,34,59,84,46,46,74,44,48,29,34,60,0],"gold":68,"neow_bonus":"ONE_RARE_RELIC","is_prod":false,"is_daily":false,"chose_seed":false,"campfire_upgraded":1,"win_rate":0.0,"timestamp":1529761069,"path_taken":["M","M","M","M","M","R","E","R","T","?","$","M","E","$","R","BOSS","M","M","$","?","?","R","?","M","T","?","M","M","M","?","R","BOSS"],"build_version":"2018-06-21v2","purchased_purges":2,"victory":false,"max_hp_per_floor":[72,72,72,72,72,72,79,84,84,84,84,84,84,84,84,84,84,84,84,84,84,84,84,84,84,84,84,84,84,84,89,89,89],"card_choices":[{"not_picked":["Anger","Clash"],"picked":"Twin Strike","floor":1},{"not_picked":["Shockwave","Flex"],"picked":"Fire Breathing","floor":2},{"not_picked":["Body Slam","Blood for Blood"],"picked":"Clothesline","floor":3},{"not_picked":["Body Slam","Fire Breathing"],"picked":"Demon Form","floor":4},{"not_picked":["Dropkick","Blood for Blood","Hemokinesis"],"picked":"SKIP","floor":5},{"not_picked":["Perfected Strike","Pommel Strike"],"picked":"Offering","floor":7},{"not_picked":["Rampage","Armaments"],"picked":"Seeing Red","floor":12},{"not_picked":["Brutality","Entrench"],"picked":"Headbutt","floor":13},{"not_picked":["Barricade","Feed"],"picked":"Limit Break","floor":16},{"not_picked":["Uppercut","Clothesline"],"picked":"Seeing Red+1","floor":18},{"not_picked":["Armaments","Warcry"],"picked":"Sword Boomerang","floor":19},{"not_picked":["Rage","Perfected Strike+1","True Grit"],"picked":"SKIP","floor":25},{"not_picked":["Armaments","Fire Breathing","Body Slam+1"],"picked":"SKIP","floor":28},{"not_picked":["Pommel Strike","Clash"],"picked":"Headbutt","floor":29},{"not_picked":["Pommel Strike","True Grit","Blood for Blood+1"],"picked":"SKIP","floor":30}],"player_experience":18602,"relics_obtained":[{"floor":7,"key":"Strawberry"},{"floor":9,"key":"Thread and Needle"},{"floor":13,"key":"Ginger"},{"floor":26,"key":"Vajra"}],"event_choices":[{"event_name":"Accursed Blacksmith","player_choice":"Rummage","floor":10,"damage_taken":0},{"event_name":"Beggar","player_choice":"Ignored","floor":21,"damage_taken":0},{"event_name":"Forgotten Altar","player_choice":"Smashed Altar","floor":22,"damage_taken":0},{"event_name":"Bonfire Elementals","player_choice":"UNCOMMON","floor":24,"damage_taken":0},{"event_name":"The Library","player_choice":"Heal","floor":27,"damage_taken":0},{"event_name":"The Woman in Blue","player_choice":"Bought 3 Potions","floor":31,"damage_taken":0}],"boss_relics":[{"not_picked":["Runic Dome","Snecko Eye"],"picked":"Cursed Key"}],"items_purged_floors":[11,14],"is_endless":false,"potions_floor_spawned":[7,13,16,18,25,30],"killed_by":"Automaton","ascension_level":0}