{"gold_per_floor":[217,235,335,352,362,362,394,394,470,470,484,504,529,529,529,626,626,639,655,655,655,671,706,706,127,153,153,186,206,241,254,254,354,354,373,389,389,389,1,1,15,49,49,66,66,91,105,0,0,0],"floor_reached":51,"playtime":4878,"items_purged":["Strike_G+1"],"score":1358,"play_id":"e5bee7b8-25e2-4e11-810d-4b8ea6da851e","local_time":"20190526173655","is_ascension_mode":true,"campfire_choices":[{"data":"All Out Attack","floor":6,"key":"SMITH"},{"floor":8,"key":"REST"},{"data":"Crippling Poison","floor":10,"key":"SMITH"},{"floor":15,"key":"REST"},{"data":"Burst","floor":24,"key":"SMITH"},{"data":"Noxious Fumes","floor":32,"key":"SMITH"},{"data":"Catalyst","floor":40,"key":"SMITH"},{"data":"Bouncing Flask","floor":49,"key":"SMITH"}],"neow_cost":"NONE","seed_source_timestamp":511365490788463,"circlet_count":0,"master_deck":["AscendersBane","Defend_G+1","Defend_G+1","Defend_G+1","Defend_G+1","Defend_G+1","Survivor","Neutralize","Crippling Poison+1","Caltrops","Footwork","Dash","Burst+1","Doppelganger+1","Dagger Spray+1","Tactician+1","Dodge and Roll","Dagger Throw+1","Ghostly","Ghostly","Ghostly","Ghostly","Ghostly","Blur","Noxious Fumes+1","Deadly Poison+1","Bandage Up","Deflect","Catalyst+1","Bouncing Flask+1","Deadly Poison","Adrenaline+1","Footwork","PiercingWail","Madness","Madness","Calculated Gamble","PiercingWail","Noxious Fumes+1","Backflip"],"relics":["Ring of the Snake","Pocketwatch","Paper Crane","Regal Pillow","Astrolabe","Juzu Bracelet","Ancient Tea Set","Tiny Chest","Bronze Scales","Shuriken","Art of War","Runic Pyramid","Molten Egg 2","Tough Bandages","Singing Bowl","Dodecahedron","War Paint","Red Mask"],"potions_floor_usage":[12,19,23,30,33],"damage_taken":[{"damage":5,"enemies":"Jaw Worm","floor":1,"turns":7},{"damage":0,"enemies":"Cultist","floor":2,"turns":4},{"damage":0,"enemies":"2 Louse","floor":4,"turns":3},{"damage":2,"enemies":"Exordium Wildlife","floor":5,"turns":3},{"damage":41,"enemies":"Lagavulin","floor":7,"turns":9},{"damage":3,"enemies":"2 Fungi Beasts","floor":11,"turns":2},{"damage":2,"enemies":"Exordium Thugs","floor":12,"turns":3},{"damage":11,"enemies":"3 Sentries","floor":13,"turns":7},{"damage":35,"enemies":"Hexaghost","floor":16,"turns":15},{"damage":4,"enemies":"Shell Parasite","floor":18,"turns":5},{"damage":13,"enemies":"Spheric Guardian","floor":19,"turns":6},{"damage":3,"enemies":"Cultist and Chosen","floor":22,"turns":8},{"damage":4,"enemies":"Gremlin Leader","floor":23,"turns":8},{"damage":7,"enemies":"Book of Stabbing","floor":28,"turns":6},{"damage":0,"enemies":"Centurion and Healer","floor":29,"turns":7},{"damage":8,"enemies":"Gremlin Leader","floor":30,"turns":8},{"damage":1,"enemies":"Snecko","floor":31,"turns":6},{"damage":6,"enemies":"Champ","floor":33,"turns":13},{"damage":0,"enemies":"3 Shapes","floor":35,"turns":4},{"damage":0,"enemies":"3 Darklings","floor":36,"turns":4},{"damage":0,"enemies":"Maw","floor":41,"turns":8},{"damage":0,"enemies":"Reptomancer","floor":42,"turns":5},{"damage":2,"enemies":"Jaw Worm Horde","floor":44,"turns":3},{"damage":0,"enemies":"Nemesis","floor":46,"turns":7},{"damage":0,"enemies":"4 Shapes","floor":47,"turns":8},{"damage":6,"enemies":"Time Eater","floor":50,"turns":11}],"seed_played":"1156913325260064602","potions_obtained":[{"floor":2,"key":"SpeedPotion"},{"floor":7,"key":"Poison Potion"},{"floor":12,"key":"PowerPotion"},{"floor":19,"key":"GamblersBrew"},{"floor":29,"key":"SteroidPotion"},{"floor":30,"key":"LiquidBronze"},{"floor":33,"key":"Weak Potion"}],"is_trial":false,"path_per_floor":["M","M","?","M","M","R","E","R","T","R","M","M","E","?","R","B",null,"M","M","?","?","M","E","R","$","T","?","E","M","E","M","R","B",null,"M","M","T","?","$","R","M","E","T","M","?","E","M","?","R","B",null],"character_chosen":"THE_SILENT","items_purchased":["Noxious Fumes","Deadly Poison","Bandage Up","Ancient Tea Set","Deflect","Tiny Chest","Calculated Gamble","Tough Bandages","PiercingWail"],"campfire_rested":2,"item_purchase_floors":[25,25,25,25,25,25,39,39,39],"current_hp_per_floor":[58,58,58,58,56,56,15,36,36,36,33,31,20,20,56,21,58,54,41,41,35,32,28,28,28,28,33,28,35,31,34,34,32,34,35,35,35,31,31,31,35,37,37,37,37,41,41,41,41,39],"gold":0,"neow_bonus":"HUNDRED_GOLD","is_prod":false,"is_daily":false,"chose_seed":false,"campfire_upgraded":6,"win_rate":0,"timestamp":1558906615,"path_taken":["M","M","?","?","M","R","E","R","T","R","M","M","E","?","R","BOSS","M","M","?","?","M","E","R","$","T","?","E","M","E","M","R","BOSS","M","M","?","?","$","R","M","E","T","M","?","E","M","?","R","BOSS"],"build_version":"2019-01-23","purchased_purges":1,"victory":true,"max_hp_per_floor":[70,70,70,70,70,70,70,70,70,70,70,70,70,70,70,70,70,70,70,70,35,35,35,35,35,35,35,35,35,35,35,35,35,35,35,35,35,35,35,35,35,37,37,39,39,41,41,41,41,41],"card_choices":[{"not_picked":["Slice","Sucker Punch"],"picked":"Quick Slash","floor":1},{"not_picked":["Heel Hook","Glass Knife"],"picked":"Crippling Poison","floor":2},{"not_picked":["Deadly Poison","Riddle With Holes"],"picked":"All Out Attack","floor":4},{"not_picked":["Quick Slash","Outmaneuver","Sucker Punch"],"picked":"SKIP","floor":5},{"not_picked":["Prepared","Doppelganger"],"picked":"Caltrops","floor":7},{"not_picked":["Outmaneuver","Finisher"],"picked":"Footwork","floor":11},{"not_picked":["Distraction","Concentrate"],"picked":"Dash","floor":12},{"not_picked":["Finisher","Heel Hook","Dagger Spray"],"picked":"SKIP","floor":13},{"not_picked":["Tools of the Trade","Bullet Time"],"picked":"Burst","floor":16},{"not_picked":["Acrobatics","Outmaneuver"],"picked":"Dodge and Roll","floor":18},{"not_picked":["Acrobatics","Choke"],"picked":"Dagger Throw+1","floor":19},{"not_picked":["Concentrate","Flying Knee"],"picked":"Blur","floor":22},{"not_picked":["Sucker Punch","Accuracy+1","Prepared"],"picked":"SKIP","floor":23},{"not_picked":["Glass Knife","Blade Dance"],"picked":"Catalyst","floor":28},{"not_picked":["Blur","Dagger Spray+1"],"picked":"Bouncing Flask","floor":29},{"not_picked":["Eviscerate+1","Flechettes"],"picked":"Deadly Poison","floor":30},{"not_picked":["Terror","Dash","Poisoned Stab"],"picked":"SKIP","floor":31},{"not_picked":["Die Die Die","Tools of the Trade"],"picked":"Adrenaline","floor":33},{"not_picked":["Flying Knee","Acrobatics"],"picked":"Footwork","floor":35},{"not_picked":["Slice","Cloak And Dagger+1"],"picked":"PiercingWail","floor":36},{"not_picked":["Masterful Stab+1","Dagger Spray+1"],"picked":"Noxious Fumes+1","floor":41},{"not_picked":["Poisoned Stab+1","Heel Hook+1","Dagger Spray+1"],"picked":"Singing Bowl","floor":42},{"not_picked":["Bane+1","Well Laid Plans+1","Finisher+1"],"picked":"Singing Bowl","floor":44},{"not_picked":["Storm of Steel","Blade Dance","Flying Knee+1"],"picked":"Singing Bowl","floor":46},{"not_picked":["Distraction","Sucker Punch+1"],"picked":"Backflip","floor":47}],"player_experience":407965,"relics_obtained":[{"floor":7,"key":"Pocketwatch"},{"floor":9,"key":"Paper Crane"},{"floor":13,"key":"Regal Pillow"},{"floor":23,"key":"Juzu Bracelet"},{"floor":26,"key":"Bronze Scales"},{"floor":28,"key":"Shuriken"},{"floor":30,"key":"Art of War"},{"floor":37,"key":"Molten Egg 2"},{"floor":42,"key":"Singing Bowl"},{"floor":43,"key":"Dodecahedron"},{"floor":46,"key":"War Paint"}],"event_choices":[{"damage_healed":0,"gold_gain":100,"player_choice":"Pray","damage_taken":0,"max_hp_gain":0,"max_hp_loss":0,"event_name":"Golden Shrine","floor":3,"gold_loss":0},{"cards_removed":["Strike_G"],"damage_healed":0,"gold_gain":0,"player_choice":"Forget","damage_taken":0,"max_hp_gain":0,"max_hp_loss":0,"event_name":"Living Wall","floor":14,"gold_loss":0},{"damage_healed":0,"gold_gain":0,"player_choice":"Simplicity","damage_taken":0,"max_hp_gain":0,"max_hp_loss":0,"event_name":"Back to Basics","floor":20,"gold_loss":0,"cards_upgraded":["Defend_G","Defend_G","Defend_G","Defend_G","Defend_G","Strike_G"]},{"damage_healed":0,"gold_gain":0,"player_choice":"Became a Ghost","damage_taken":0,"max_hp_gain":0,"max_hp_loss":35,"event_name":"Ghosts","floor":21,"gold_loss":0,"cards_obtained":["Ghostly","Ghostly","Ghostly","Ghostly","Ghostly"]},{"cards_removed":["Quick Slash"],"damage_healed":5,"gold_gain":0,"player_choice":"Offered Common","damage_taken":0,"max_hp_gain":0,"max_hp_loss":0,"event_name":"Bonfire Elementals","floor":27,"gold_loss":0},{"cards_removed":["Quick Slash"],"damage_healed":5,"gold_gain":0,"player_choice":"Offered Special","damage_taken":0,"max_hp_gain":0,"max_hp_loss":0,"event_name":"Bonfire Elementals","floor":27,"gold_loss":0},{"damage_healed":0,"gold_gain":0,"player_choice":"Embrace Madness","damage_taken":4,"max_hp_gain":0,"max_hp_loss":0,"event_name":"Winding Halls","floor":38,"gold_loss":0,"cards_obtained":["Madness","Madness"]},{"cards_removed":["All Out Attack"],"damage_healed":0,"gold_gain":0,"player_choice":"Removed Attack","damage_taken":0,"max_hp_gain":0,"max_hp_loss":0,"event_name":"Falling","floor":45,"gold_loss":0},{"damage_healed":0,"gold_gain":0,"player_choice":"Paid","damage_taken":0,"relics_obtained":["Red Mask"],"max_hp_gain":0,"max_hp_loss":0,"event_name":"Tomb of Lord Red Mask","floor":48,"gold_loss":105}],"is_beta":false,"boss_relics":[{"not_picked":["Calling Bell","Cursed Key"],"picked":"Astrolabe"},{"not_picked":["Runic Dome","Velvet Choker"],"picked":"Runic Pyramid"}],"items_purged_floors":[25],"is_endless":false,"potions_floor_spawned":[2,7,11,12,16,18,19,29,30,33,36,41,42,46],"ascension_level":12}