{"gold_per_floor":[166,177,177,187,203,203,222,240,266,266,284,284,284,26,26,123,123,136,136,102,102,27,27,43,43,68,68,100,100,111,126,126,126],"floor_reached":33,"playtime":3760,"items_purged":["Pain"],"score":324,"play_id":"c41d785a-6dd3-4954-bd5b-2890ff57bebd","local_time":"20190505115711","is_ascension_mode":true,"campfire_choices":[{"data":"Genetic Algorithm","floor":6,"key":"SMITH"},{"floor":12,"key":"REST"},{"data":"Go for the Eyes","floor":15,"key":"SMITH"},{"floor":23,"key":"REST"},{"floor":25,"key":"REST"},{"floor":27,"key":"REST"},{"floor":29,"key":"REST"},{"floor":32,"key":"REST"}],"neow_cost":"NONE","seed_source_timestamp":239771654369167,"circlet_count":0,"master_deck":["Strike_B","Strike_B","Strike_B","Defend_B+1","Defend_B","Defend_B","Defend_B","Zap","Dualcast","Compile Driver","Glacier","Cold Snap","Genetic Algorithm+1","Go for the Eyes+1","Conserve Battery","Chill","Buffer","Leap+1","Hologram","Recycle","Leap","BootSequence","Glacier","Rebound"],"relics":["Tiny House","WarpedTongs","Omamori","Ornamental Fan","Cables","Nuclear Battery","Anchor","Vajra"],"potions_floor_usage":[8,11,16,24,28,33],"damage_taken":[{"damage":0,"enemies":"2 Louse","floor":1,"turns":3},{"damage":6,"enemies":"Cultist","floor":2,"turns":5},{"damage":3,"enemies":"Small Slimes","floor":4,"turns":3},{"damage":9,"enemies":"2 Fungi Beasts","floor":5,"turns":5},{"damage":6,"enemies":"Exordium Wildlife","floor":7,"turns":7},{"damage":37,"enemies":"Gremlin Gang","floor":8,"turns":8},{"damage":9,"enemies":"Blue Slaver","floor":11,"turns":6},{"damage":55,"enemies":"The Guardian","floor":16,"turns":18},{"damage":6,"enemies":"Shell Parasite","floor":18,"turns":10},{"damage":10,"enemies":"2 Thieves","floor":20,"turns":5},{"damage":45,"enemies":"Cultist and Chosen","floor":24,"turns":9},{"damage":45,"enemies":"Slavers","floor":28,"turns":15},{"damage":0,"enemies":"Snake Plant","floor":30,"turns":7},{"damage":3,"enemies":"Shelled Parasite and Fungi","floor":31,"turns":14},{"damage":84,"enemies":"Automaton","floor":33,"turns":12}],"seed_played":"-6236491382711935226","potions_obtained":[{"floor":0,"key":"Regen Potion"},{"floor":2,"key":"Energy Potion"},{"floor":4,"key":"EssenceOfSteel"},{"floor":16,"key":"AttackPotion"},{"floor":24,"key":"FocusPotion"},{"floor":30,"key":"SpeedPotion"}],"is_trial":false,"path_per_floor":["M","M","?","M","M","R","M","M","T","?","M","R","?","$","R","B",null,"M","?","M","?","$","R","M","R","T","R","E","R","M","M","R","B"],"character_chosen":"DEFECT","items_purchased":["Cables"],"campfire_rested":6,"item_purchase_floors":[14],"current_hp_per_floor":[80,74,74,71,62,62,56,19,19,7,10,34,60,60,60,5,61,55,55,45,45,45,69,24,48,48,72,27,51,51,48,72,0],"gold":126,"neow_bonus":"BOSS_RELIC","is_prod":false,"is_daily":false,"chose_seed":false,"campfire_upgraded":2,"win_rate":0,"timestamp":1557082631,"path_taken":["M","M","?","M","M","R","?","M","T","?","M","R","?","$","R","BOSS","M","?","?","?","$","R","?","R","T","R","E","R","M","M","R","BOSS"],"build_version":"2019-01-23","purchased_purges":1,"victory":false,"max_hp_per_floor":[80,80,80,80,80,80,80,80,80,80,80,80,80,80,80,80,80,80,80,80,80,80,80,80,80,80,80,80,80,80,80,80,80],"card_choices":[{"not_picked":["Redo","Recycle"],"picked":"Compile Driver","floor":0},{"not_picked":["Stack","Fusion"],"picked":"Glacier","floor":1},{"not_picked":["Recycle","Streamline"],"picked":"Cold Snap","floor":2},{"not_picked":["Tempest","Sweeping Beam"],"picked":"Genetic Algorithm","floor":4},{"not_picked":["Gash","Recycle","Compile Driver"],"picked":"SKIP","floor":5},{"not_picked":["Compile Driver","Hologram"],"picked":"Go for the Eyes","floor":7},{"not_picked":["Barrage","All For One"],"picked":"Conserve Battery","floor":8},{"not_picked":["Undo","Sunder"],"picked":"Chill","floor":11},{"not_picked":["Creative AI","Seek"],"picked":"Buffer","floor":16},{"not_picked":["Steam+1","White Noise"],"picked":"Leap+1","floor":18},{"not_picked":["Sweeping Beam","Chaos"],"picked":"Hologram","floor":20},{"not_picked":["Streamline","Multi-Cast"],"picked":"Leap","floor":24},{"not_picked":["Sunder","Force Field+1"],"picked":"BootSequence","floor":28},{"not_picked":["Compile Driver","Gash"],"picked":"Glacier","floor":30},{"not_picked":["Doom and Gloom","Conserve Battery"],"picked":"Rebound","floor":31}],"player_experience":265915,"relics_obtained":[{"floor":9,"key":"Omamori"},{"floor":26,"key":"Anchor"},{"floor":28,"key":"Vajra"}],"event_choices":[{"damage_healed":0,"gold_gain":0,"player_choice":"Rummage","damage_taken":0,"relics_obtained":["WarpedTongs"],"max_hp_gain":0,"max_hp_loss":0,"event_name":"Accursed Blacksmith","floor":3,"gold_loss":0,"cards_obtained":["Pain"]},{"damage_healed":0,"gold_gain":0,"player_choice":"Success","damage_taken":12,"relics_obtained":["Ornamental Fan"],"max_hp_gain":0,"max_hp_loss":0,"event_name":"Scrap Ooze","floor":10,"gold_loss":0},{"damage_healed":26,"gold_gain":0,"player_choice":"Banana","damage_taken":0,"max_hp_gain":0,"max_hp_loss":0,"event_name":"Big Fish","floor":13,"gold_loss":0},{"damage_healed":0,"gold_gain":0,"player_choice":"Ignored","damage_taken":0,"max_hp_gain":0,"max_hp_loss":0,"event_name":"N\u0027loth","floor":19,"gold_loss":0},{"damage_healed":0,"gold_gain":0,"cards_transformed":["Strike_B"],"player_choice":"Transformed","damage_taken":0,"max_hp_gain":0,"max_hp_loss":0,"event_name":"Transmorgrifier","floor":21,"gold_loss":0,"cards_obtained":["Recycle"]}],"is_beta":false,"boss_relics":[{"not_picked":["Eternal Feather","Lizard Tail"],"picked":"Nuclear Battery"}],"items_purged_floors":[22],"is_endless":false,"potions_floor_spawned":[2,4,7,16,24,30],"killed_by":"Automaton","ascension_level":5}