{"gold_per_floor":[116,116,96,107,123,123,152,170,170,62,12,47,47,65,65,169,169,189,220,48,48,66,66,86,101,101,101,120,131,151,170,170,271,271,286,299,122,139,239,295,295,295,318,318,330,330,6,19,19,19],"floor_reached":51,"playtime":4067,"items_purged":["Strike_G","Defend_G","Strike_G","Strike_G"],"score":737,"play_id":"8cb5512c-d1d4-419f-aebe-610f6c7f8a20","local_time":"20190202050521","is_ascension_mode":true,"campfire_choices":[{"data":"Cloak And Dagger","floor":6,"key":"SMITH"},{"floor":13,"key":"REST"},{"data":"Terror","floor":15,"key":"SMITH"},{"data":"Infinite Blades","floor":23,"key":"SMITH"},{"floor":27,"key":"REST"},{"floor":32,"key":"REST"},{"floor":41,"key":"REST"},{"floor":49,"key":"REST"}],"neow_cost":"NONE","seed_source_timestamp":1954256784369517,"circlet_count":0,"master_deck":["Defend_G","Defend_G","Survivor","Neutralize","Blade Dance+1","Heel Hook+1","Choke+1","Acrobatics","Dodge and Roll","Cloak And Dagger+1","Terror+1","Blade Dance","Leg Sweep","Sucker Punch","Footwork","Prepared","PiercingWail","Finisher","Finisher+1","Infinite Blades+1","Acrobatics","Dagger Spray+1","Cloak And Dagger","Deflect+1","Choke+1","Accuracy+1","Tools of the Trade","Backflip+1","After Image","Decay","Footwork","Magnetism","Blur+1"],"relics":["Astrolabe","Ancient Tea Set","Gremlin Horn","Shuriken","Orrery","Red Mask","Mummified Hand","Cursed Key","Torii","Tiny Chest","Omamori","Bottled Tornado"],"potions_floor_usage":[7,19,29,33,33,38,45,50,50],"damage_taken":[{"damage":0,"enemies":"Jaw Worm","floor":1,"turns":3},{"damage":0,"enemies":"Small Slimes","floor":4,"turns":3},{"damage":0,"enemies":"Cultist","floor":5,"turns":3},{"damage":17,"enemies":"Lagavulin","floor":7,"turns":7},{"damage":11,"enemies":"Gremlin Gang","floor":8,"turns":4},{"damage":10,"enemies":"Gremlin Nob","floor":12,"turns":4},{"damage":0,"enemies":"3 Louse","floor":14,"turns":3},{"damage":11,"enemies":"Hexaghost","floor":16,"turns":8},{"damage":0,"enemies":"Chosen","floor":18,"turns":3},{"damage":6,"enemies":"Masked Bandits","floor":19,"turns":2},{"damage":9,"enemies":"Spheric Guardian","floor":22,"turns":4},{"damage":21,"enemies":"Snake Plant","floor":24,"turns":4},{"damage":5,"enemies":"Snecko","floor":25,"turns":5},{"damage":0,"enemies":"Chosen and Byrds","floor":28,"turns":4},{"damage":6,"enemies":"Snake Plant","floor":29,"turns":3},{"damage":20,"enemies":"Snecko","floor":30,"turns":5},{"damage":4,"enemies":"Sentry and Sphere","floor":31,"turns":4},{"damage":12,"enemies":"Automaton","floor":33,"turns":5},{"damage":2,"enemies":"Orb Walker","floor":35,"turns":2},{"damage":4,"enemies":"3 Shapes","floor":36,"turns":5},{"damage":16,"enemies":"Maw","floor":38,"turns":6},{"damage":0,"enemies":"Mind Bloom Boss Battle","floor":39,"turns":2},{"damage":4,"enemies":"Nemesis","floor":40,"turns":5},{"damage":16,"enemies":"Transient","floor":45,"turns":5},{"damage":0,"enemies":"Spire Growth","floor":48,"turns":4},{"damage":14,"enemies":"Donu and Deca","floor":50,"turns":6}],"seed_played":"-1467084629137317265","potions_obtained":[{"floor":1,"key":"LiquidBronze"},{"floor":3,"key":"Swift Potion"},{"floor":12,"key":"Explosive Potion"},{"floor":19,"key":"Strength Potion"},{"floor":25,"key":"Strength Potion"},{"floor":28,"key":"Weak Potion"},{"floor":30,"key":"Weak Potion"},{"floor":40,"key":"SkillPotion"},{"floor":45,"key":"Block Potion"}],"is_trial":false,"path_per_floor":["M","?","?","M","M","R","E","M","T","$","?","E","R","M","R","B",null,"M","?","$","?","M","R","M","M","T","R","M","M","M","M","R","B",null,"M","M","$","M","?","E","R","?","T","?","M","T","$","M","R","B",null],"character_chosen":"THE_SILENT","items_purchased":["Leg Sweep","Infinite Blades","PowerPotion","Magnetism"],"campfire_rested":5,"item_purchase_floors":[10,20,37,47],"current_hp_per_floor":[70,70,70,70,70,70,53,42,42,42,42,32,53,53,53,42,70,70,64,64,57,48,48,27,22,22,43,43,37,17,13,34,22,70,68,64,64,48,48,44,65,65,65,65,49,49,49,49,70,56],"gold":19,"neow_bonus":"BOSS_RELIC","is_prod":false,"is_daily":false,"chose_seed":false,"campfire_upgraded":3,"win_rate":0,"timestamp":1549101921,"path_taken":["M","?","?","?","M","R","E","?","T","$","?","E","R","M","R","BOSS","M","?","$","?","M","R","M","?","T","R","M","M","M","M","R","BOSS","M","?","$","M","?","E","R","?","T","?","M","?","?","M","R","BOSS"],"build_version":"2019-01-23","purchased_purges":4,"victory":true,"max_hp_per_floor":[70,70,70,70,70,70,70,70,70,70,70,70,70,70,70,70,70,70,70,70,70,70,70,70,70,70,70,70,70,70,70,70,70,70,70,70,70,70,70,70,70,70,70,70,70,70,70,70,70,70],"card_choices":[{"not_picked":["Leg Sweep","Deadly Poison"],"picked":"Acrobatics","floor":1},{"not_picked":["Dagger Throw","Outmaneuver"],"picked":"Dodge and Roll","floor":4},{"not_picked":["Blade Dance","Flying Knee"],"picked":"Cloak And Dagger","floor":5},{"not_picked":["Sucker Punch","Noxious Fumes"],"picked":"Terror","floor":7},{"not_picked":["Underhanded Strike","Leg Sweep"],"picked":"Blade Dance","floor":8},{"not_picked":["Catalyst","Quick Slash","Noxious Fumes"],"picked":"SKIP","floor":12},{"not_picked":["Underhanded Strike","Quick Slash"],"picked":"Sucker Punch","floor":14},{"not_picked":["Slice","Setup"],"picked":"Footwork","floor":17},{"not_picked":["Terror","Calculated Gamble"],"picked":"Prepared","floor":17},{"not_picked":["Reflex","Leg Sweep"],"picked":"PiercingWail","floor":17},{"not_picked":["Corpse Explosion","Flying Knee"],"picked":"Cloak And Dagger","floor":17},{"not_picked":["Backflip","Quick Slash"],"picked":"Finisher","floor":18},{"not_picked":["Prepared","Predator"],"picked":"Finisher+1","floor":19},{"not_picked":["Bane","Envenom"],"picked":"Acrobatics","floor":22},{"not_picked":["Blade Dance","Bouncing Flask"],"picked":"Dagger Spray+1","floor":24},{"not_picked":["Predator+1","Crippling Poison"],"picked":"Cloak And Dagger","floor":25},{"not_picked":["Expertise+1","Finisher"],"picked":"Deflect+1","floor":28},{"not_picked":["PiercingWail+1","Caltrops","Expertise"],"picked":"SKIP","floor":29},{"not_picked":["Cloak And Dagger","Skewer"],"picked":"Choke+1","floor":30},{"not_picked":["Dagger Spray+1","Backflip"],"picked":"Accuracy+1","floor":31},{"not_picked":["Burst","Malaise"],"picked":"Tools of the Trade","floor":33},{"not_picked":["Dagger Spray","Outmaneuver","Bane"],"picked":"SKIP","floor":35},{"not_picked":["PiercingWail+1","Heel Hook+1","Cloak And Dagger"],"picked":"SKIP","floor":36},{"not_picked":["Outmaneuver","Sucker Punch+1"],"picked":"Backflip+1","floor":38},{"not_picked":["Cloak And Dagger","Flying Knee"],"picked":"After Image","floor":40},{"not_picked":["Prepared","Flying Knee"],"picked":"Footwork","floor":45},{"not_picked":["PiercingWail+1","Blade Dance"],"picked":"Blur+1","floor":48}],"player_experience":134797,"relics_obtained":[{"floor":7,"key":"Ancient Tea Set"},{"floor":9,"key":"Gremlin Horn"},{"floor":12,"key":"Shuriken"},{"floor":19,"key":"Red Mask"},{"floor":26,"key":"Mummified Hand"},{"floor":39,"key":"Torii"},{"floor":40,"key":"Tiny Chest"},{"floor":43,"key":"Omamori"},{"floor":46,"key":"Bottled Tornado"}],"event_choices":[{"damage_healed":0,"gold_gain":0,"player_choice":"Ignored","damage_taken":0,"max_hp_gain":0,"max_hp_loss":0,"event_name":"Liars Game","floor":2,"gold_loss":0},{"damage_healed":0,"gold_gain":0,"player_choice":"Bought 1 Potion","damage_taken":0,"max_hp_gain":0,"max_hp_loss":0,"event_name":"The Woman in Blue","floor":3,"gold_loss":0},{"cards_removed":["Defend_G"],"damage_healed":0,"gold_gain":0,"player_choice":"Card Removal","damage_taken":0,"max_hp_gain":0,"max_hp_loss":0,"event_name":"The Cleric","floor":11,"gold_loss":50},{"damage_healed":0,"gold_gain":0,"player_choice":"Fought Bandits","damage_taken":0,"max_hp_gain":0,"max_hp_loss":0,"event_name":"Masked Bandits","floor":19,"gold_loss":0},{"damage_healed":0,"gold_gain":0,"player_choice":"","damage_taken":7,"max_hp_gain":0,"max_hp_loss":0,"event_name":"Knowing Skull","floor":21,"potions_obtained":[],"gold_loss":0,"cards_obtained":[]},{"damage_healed":0,"gold_gain":0,"player_choice":"Fight","damage_taken":0,"max_hp_gain":0,"max_hp_loss":0,"event_name":"MindBloom","floor":39,"gold_loss":0},{"cards_removed":["Cloak And Dagger"],"damage_healed":0,"gold_gain":0,"player_choice":"Removed Skill","damage_taken":0,"max_hp_gain":0,"max_hp_loss":0,"event_name":"Falling","floor":42,"gold_loss":0},{"damage_healed":0,"gold_gain":0,"player_choice":"Ignored","damage_taken":0,"max_hp_gain":0,"max_hp_loss":0,"event_name":"Tomb of Lord Red Mask","floor":44,"gold_loss":0}],"is_beta":false,"boss_relics":[{"not_picked":["Fusion Hammer","Velvet Choker"],"picked":"Orrery"},{"not_picked":["Calling Bell","Runic Pyramid"],"picked":"Cursed Key"}],"items_purged_floors":[10,20,37,47],"is_endless":false,"potions_floor_spawned":[1,12,19,25,28,30,40,45],"ascension_level":3}