{"gold_per_floor":[116,191,207,217,142,169,169,169,169,187,187,203,219,236,236,236],"floor_reached":16,"playtime":549,"items_purged":["Defend_R"],"score":104,"play_id":"b8b4c050-fbc3-4f8e-8700-e8fc6f23ae87","local_time":"20180628232915","is_ascension_mode":false,"campfire_choices":[{"data":"Searing Blow","floor":7,"key":"SMITH"},{"data":"Searing Blow+1","floor":11,"key":"SMITH"},{"data":"Searing Blow+2","floor":15,"key":"SMITH"}],"neow_cost":"NONE","seed_source_timestamp":926418413199638,"circlet_count":0,"master_deck":["Strike_R","Strike_R","Strike_R","Strike_R","Strike_R","Defend_R","Defend_R","Defend_R","Bash","Seeing Red","Searing Blow+3","True Grit+1","Headbutt","Body Slam","Flex","Shrug It Off","Seeing Red"],"special_seed":17710,"relics":["Burning Blood","Kunai","Bag of Marbles"],"potions_floor_usage":[16],"damage_taken":[{"damage":11,"enemies":"Jaw Worm","floor":1,"turns":3},{"damage":0,"enemies":"Small Slimes","floor":3,"turns":3},{"damage":5,"enemies":"2 Louse","floor":4,"turns":3},{"damage":36,"enemies":"Lagavulin","floor":6,"turns":7},{"damage":18,"enemies":"Gremlin Gang","floor":10,"turns":5},{"damage":10,"enemies":"3 Louse","floor":12,"turns":4},{"damage":1,"enemies":"Looter","floor":13,"turns":3},{"damage":6,"enemies":"Lots of Slimes","floor":14,"turns":4},{"damage":41,"enemies":"Slime Boss","floor":16,"turns":8}],"seed_played":"6722817434574406180","potions_obtained":[{"floor":14,"key":"PowerPotion"}],"is_trial":false,"path_per_floor":["M","?","M","M","$","E","R","?","T","M","R","M","M","M","R"],"character_chosen":"IRONCLAD","items_purchased":[],"campfire_rested":0,"item_purchase_floors":[],"current_hp_per_floor":[75,64,70,71,71,41,41,41,41,29,29,25,30,30,30,0],"gold":236,"neow_bonus":"THREE_SMALL_POTIONS","is_prod":false,"is_daily":false,"chose_seed":false,"campfire_upgraded":3,"win_rate":0,"timestamp":1530196155,"path_taken":["M","?","?","M","$","E","R","?","T","M","R","?","M","M","R","BOSS"],"build_version":"2018-06-21v2","purchased_purges":1,"victory":false,"max_hp_per_floor":[80,80,80,80,80,80,80,80,80,80,80,80,80,80,80,80],"card_choices":[{"not_picked":["Anger","Havoc"],"picked":"Seeing Red","floor":1},{"not_picked":["Rampage","Sever Soul"],"picked":"Searing Blow","floor":3},{"not_picked":["Searing Blow","Shrug It Off"],"picked":"True Grit","floor":4},{"not_picked":["Havoc","Juggernaut"],"picked":"Headbutt","floor":6},{"not_picked":["Seeing Red","Armaments"],"picked":"Body Slam","floor":10},{"not_picked":["Thunderclap","Armaments"],"picked":"Flex","floor":12},{"not_picked":["Perfected Strike","Second Wind"],"picked":"Shrug It Off","floor":13},{"not_picked":["Cleave","Clash"],"picked":"Seeing Red","floor":14}],"player_experience":149212,"relics_obtained":[{"floor":6,"key":"Kunai"},{"floor":9,"key":"Bag of Marbles"}],"event_choices":[{"event_name":"World of Goop","player_choice":"Gather Gold","floor":2,"damage_taken":0},{"event_name":"Living Wall","player_choice":"Grow","floor":8,"damage_taken":0}],"boss_relics":[],"items_purged_floors":[5],"is_endless":false,"potions_floor_spawned":[10,12,13,14],"killed_by":"Slime Boss","ascension_level":0}