{"gold_per_floor":[112,112,123,142,142,169,169,186,186,136,86,36,47,47,47,148,148],"floor_reached":17,"playtime":348,"items_purged":["Strike_G"],"score":155,"play_id":"d9aee02e-8b97-4a0a-96e0-dbe0b4a34eb1","local_time":"20190319180721","is_ascension_mode":false,"campfire_choices":[{"floor":7,"key":"RECALL"},{"data":"Deadly Poison","floor":15,"key":"SMITH"}],"neow_cost":"NONE","seed_source_timestamp":507136009906342,"circlet_count":0,"master_deck":["Survivor","Neutralize+1","Backstab","Dagger Spray","Dash+1","Deadly Poison+1","Noxious Fumes","Die Die Die","Acrobatics","Riddle With Holes","Setup","After Image","All Out Attack","Dagger Spray","Outmaneuver","Wraith Form v2"],"relics":["Ring of the Snake","NeowsBlessing","Smiling Mask","Pandora\u0027s Box"],"potions_floor_usage":[],"damage_taken":[{"damage":0,"enemies":"Small Slimes","floor":1,"turns":1},{"damage":0,"enemies":"Cultist","floor":3,"turns":1},{"damage":0,"enemies":"2 Louse","floor":4,"turns":1},{"damage":6,"enemies":"Lagavulin","floor":6,"turns":8},{"damage":0,"enemies":"Looter","floor":8,"turns":3},{"damage":0,"enemies":"Exordium Wildlife","floor":13,"turns":3},{"damage":22,"enemies":"Slime Boss","floor":16,"turns":10}],"seed_played":"-3609105363844809565","potions_obtained":[{"floor":1,"key":"Ancient Potion"},{"floor":4,"key":"SkillPotion"},{"floor":8,"key":"LiquidBronze"}],"is_trial":false,"path_per_floor":["M","?","M","M","?","E","R","M","T","$","?","$","M","$","R","B",null],"character_chosen":"THE_SILENT","items_purchased":["Deadly Poison"],"campfire_rested":0,"item_purchase_floors":[12],"current_hp_per_floor":[70,70,70,70,70,64,64,64,64,64,64,64,64,64,64,42,70],"gold":148,"neow_bonus":"THREE_ENEMY_KILL","is_prod":false,"is_daily":false,"chose_seed":false,"campfire_upgraded":1,"win_rate":0,"timestamp":1552986441,"path_taken":["M","?","?","M","?","E","R","M","T","$","?","$","M","?","R","BOSS"],"build_version":"2019-01-23","purchased_purges":1,"victory":false,"max_hp_per_floor":[70,70,70,70,70,70,70,70,70,70,70,70,70,70,70,70,70],"card_choices":[{"not_picked":["Sucker Punch","Reflex"],"picked":"Backstab","floor":1},{"not_picked":["Outmaneuver","Cloak And Dagger"],"picked":"Dagger Spray","floor":3},{"not_picked":["Acrobatics","Quick Slash"],"picked":"Dash","floor":4},{"not_picked":["Bane","After Image","All Out Attack"],"picked":"SKIP","floor":6},{"not_picked":["Skewer","Cloak And Dagger","Underhanded Strike"],"picked":"SKIP","floor":8},{"not_picked":["Terror","Leg Sweep"],"picked":"Noxious Fumes","floor":13},{"not_picked":["Storm of Steel","Bullet Time"],"picked":"Die Die Die","floor":16}],"player_experience":325404,"relics_obtained":[{"floor":6,"key":"Smiling Mask"}],"event_choices":[{"damage_healed":0,"gold_gain":0,"player_choice":"Upgraded","damage_taken":0,"max_hp_gain":0,"max_hp_loss":0,"event_name":"Upgrade Shrine","floor":2,"gold_loss":0,"cards_upgraded":["Neutralize"]},{"damage_healed":0,"gold_gain":0,"player_choice":"Grow","damage_taken":0,"max_hp_gain":0,"max_hp_loss":0,"event_name":"Living Wall","floor":5,"gold_loss":0,"cards_upgraded":["Dash"]},{"cards_removed":["Strike_G"],"damage_healed":0,"gold_gain":0,"player_choice":"Card Removal","damage_taken":0,"max_hp_gain":0,"max_hp_loss":0,"event_name":"The Cleric","floor":11,"gold_loss":50}],"is_beta":false,"boss_relics":[{"not_picked":["Runic Dome","Philosopher\u0027s Stone"],"picked":"Pandora\u0027s Box"}],"items_purged_floors":[10],"is_endless":false,"potions_floor_spawned":[1,4,8,16],"ascension_level":0}