{"gold_per_floor":[119,136,286,286,304,304,336,346,346,421,421,30,30,65,65,140,140,151,24,24],"floor_reached":20,"playtime":415,"items_purged":["Defend_R","Defend_R"],"score":315,"play_id":"55e6bc1f-e27b-41c9-bb19-0f992a23cbdd","local_time":"20181024205659","is_ascension_mode":true,"campfire_choices":[{"data":"Searing Blow","floor":6,"key":"SMITH"},{"data":"Searing Blow+1","floor":11,"key":"SMITH"},{"floor":13,"key":"REST"},{"floor":15,"key":"REST"}],"neow_cost":"TEN_PERCENT_HP_LOSS","seed_source_timestamp":1220513875216028,"circlet_count":0,"master_deck":["Strike_R","Strike_R","Strike_R","Strike_R","Strike_R","Defend_R","Defend_R","Bash","AscendersBane","Demon Form","Searing Blow+2","Twin Strike","Shrug It Off","Flex","Inflame","Fire Breathing+1","Dark Embrace+1","Limit Break","Hemokinesis","Shrug It Off"],"relics":["Burning Blood","Blood Vial","Darkstone Periapt","Frozen Egg 2","Thread and Needle","Mark of Pain"],"potions_floor_usage":[14,16,20],"damage_taken":[{"damage":10,"enemies":"Small Slimes","floor":1,"turns":4},{"damage":12,"enemies":"Jaw Worm","floor":2,"turns":4},{"damage":6,"enemies":"Cultist","floor":5,"turns":3},{"damage":32,"enemies":"Gremlin Nob","floor":7,"turns":4},{"damage":11,"enemies":"Looter","floor":8,"turns":2},{"damage":37,"enemies":"3 Sentries","floor":14,"turns":6},{"damage":11,"enemies":"Hexaghost","floor":16,"turns":7},{"damage":7,"enemies":"Spheric Guardian","floor":18,"turns":3},{"damage":61,"enemies":"3 Byrds","floor":20,"turns":4}],"seed_played":"3347087358361909575","potions_obtained":[{"floor":1,"key":"Strength Potion"},{"floor":7,"key":"Ancient Potion"},{"floor":14,"key":"SneckoOil"},{"floor":16,"key":"Poison Potion"}],"is_trial":false,"path_per_floor":["M","M","?","?","M","R","E","M","T","?","R","$","R","E","R","B",null,"M","$"],"character_chosen":"IRONCLAD","items_purchased":["Frozen Egg 2","Fire Breathing+1","Shrug It Off"],"campfire_rested":2,"item_purchase_floors":[12,12,19],"current_hp_per_floor":[64,58,58,58,58,58,32,29,29,18,18,18,38,9,29,26,58,59,59,0],"gold":24,"neow_bonus":"THREE_RARE_CARDS","is_prod":false,"is_daily":false,"chose_seed":false,"campfire_upgraded":2,"win_rate":0,"timestamp":1540439819,"path_taken":["M","M","?","?","M","R","E","M","T","?","R","$","R","E","R","BOSS","M","?","M"],"build_version":"2018-10-18","purchased_purges":2,"victory":false,"max_hp_per_floor":[68,68,68,68,68,68,68,68,68,68,68,68,68,68,68,68,68,68,68,68],"card_choices":[{"not_picked":["Juggernaut","Immolate"],"picked":"Demon Form","floor":0},{"not_picked":["Carnage","Body Slam"],"picked":"Searing Blow","floor":1},{"not_picked":["Anger","Pummel"],"picked":"Twin Strike","floor":2},{"not_picked":["Wild Strike","Clash"],"picked":"Shrug It Off","floor":5},{"not_picked":["Clothesline","Armaments"],"picked":"Flex","floor":7},{"not_picked":["Armaments","True Grit"],"picked":"Inflame","floor":8},{"not_picked":["Flame Barrier","Sentinel"],"picked":"Dark Embrace+1","floor":14},{"not_picked":["Double Tap","Feed"],"picked":"Limit Break","floor":16},{"not_picked":["Flex","Twin Strike"],"picked":"Hemokinesis","floor":18}],"player_experience":647244,"relics_obtained":[{"floor":7,"key":"Blood Vial"},{"floor":9,"key":"Darkstone Periapt"},{"floor":14,"key":"Thread and Needle"}],"event_choices":[{"damage_healed":0,"gold_gain":150,"player_choice":"AGREE","damage_taken":0,"max_hp_gain":0,"max_hp_loss":0,"event_name":"Liars Game","floor":3,"gold_loss":0,"cards_obtained":["Doubt"]},{"cards_removed":["Doubt"],"damage_healed":0,"gold_gain":0,"player_choice":"Forget","damage_taken":0,"max_hp_gain":0,"max_hp_loss":0,"event_name":"Living Wall","floor":4,"gold_loss":0},{"damage_healed":0,"gold_gain":75,"player_choice":"Gather Gold","damage_taken":11,"max_hp_gain":0,"max_hp_loss":0,"event_name":"World of Goop","floor":10,"gold_loss":0}],"is_beta":false,"boss_relics":[{"not_picked":["Fusion Hammer","Cursed Key"],"picked":"Mark of Pain"}],"items_purged_floors":[12,19],"is_endless":false,"potions_floor_spawned":[1,7,14,16,18],"killed_by":"3 Byrds","ascension_level":15}