{"path_per_floor":["M","?","?","M","?","E","R","E","T","M","M","M","R","?","R","B",null,"M","$","?","M","?","E","M","E","T","M","M","R","$","M","R","B",null,"M","?","M","M","T","M","M"],"character_chosen":"THE_SILENT","items_purchased":["Tough Bandages","Infinite Blades","Backflip","PiercingWail","Accuracy","Backflip"],"gold_per_floor":[19,19,19,32,32,65,65,93,393,413,429,444,444,519,519,620,620,631,118,118,131,131,162,176,205,205,223,238,238,57,76,76,173,173,193,193,203,219,246,263,274],"floor_reached":42,"campfire_rested":3,"playtime":4514,"current_hp_per_floor":[63,56,56,55,55,9,45,31,31,31,30,25,61,50,50,46,70,56,56,49,49,33,34,42,19,19,15,13,42,42,49,49,38,49,43,43,40,10,10,5,25],"items_purged":["Strike_G","Defend_G"],"gold":274,"score":533,"play_id":"0f565c7d-d036-496e-bc03-570b6ae481c3","is_prod":false,"is_daily":false,"is_ascension_mode":true,"campfire_upgraded":2,"path_taken":["M","?","?","M","?","E","R","E","T","M","M","?","R","?","R","BOSS","M","$","?","M","?","E","M","E","T","M","?","R","$","M","R","BOSS","M","?","?","M","?","M","M","M"],"build_version":"2018-02-12-PROD1","purchased_purges":2,"victory":false,"master_deck":["Defend_G","Defend_G","Defend_G","Survivor","Neutralize","Flying Knee","Tools of the Trade","Cloak And Dagger","Regret","Noxious Fumes","Backstab","PiercingWail","Deadly Poison","Distraction+1","Unload","Blade Dance+1","Infinite Blades","Backflip","PiercingWail","Bite","Bite","Bite","Bite","Bite","Endless Agony","Prepared+1","Acrobatics+1","Endless Agony+1","Bane","Backstab","Accuracy+1","Backflip","Prepared+1","Wraith Form","Dagger Spray+1","Backstab","Finisher+1","Prepared+1","Outmaneuver+1","Backflip+1"],"max_hp_per_floor":[70,70,70,70,70,70,70,70,70,70,70,70,70,70,70,70,70,70,70,49,49,49,49,49,49,49,49,49,49,49,49,49,49,49,49,49,49,49,49,49,49],"relics":["Ring of the Snake","Torii","Regal Pillow","Lantern","Darkstone Periapt","Old Coin","Cursed Key","Tough Bandages","Nilry\u0027s Codex","Art of War","Omamori","Ornamental Fan","Lizard Tail","War Paint"],"card_choices":[{"not_picked":["Bane","Reflex"],"picked":"Flying Knee"},{"not_picked":["Noxious Fumes","Backflip"],"picked":"Cloak And Dagger"},{"not_picked":["Bane","Infinite Blades"],"picked":"Noxious Fumes"},{"not_picked":["Leg Sweep","Crippling Poison"],"picked":"Backstab"},{"not_picked":["Eviscerate","Dash"],"picked":"PiercingWail"},{"not_picked":["Deflect","Skewer"],"picked":"Deadly Poison"},{"not_picked":["Outmaneuver","Cloak And Dagger"],"picked":"Distraction"},{"not_picked":["Wraith Form","Tools of the Trade"],"picked":"Unload"},{"not_picked":["Terror","Choke"],"picked":"Blade Dance"},{"not_picked":["Quick Slash","Dodge and Roll"],"picked":"Endless Agony"},{"not_picked":["PiercingWail","Dash"],"picked":"Prepared"},{"not_picked":["Heel Hook","Crippling Poison"],"picked":"Acrobatics"},{"not_picked":["Flying Knee","Bouncing Flask"],"picked":"Endless Agony"},{"not_picked":["Poisoned Stab","Cloak And Dagger"],"picked":"Bane"},{"not_picked":["Bane","Dagger Throw"],"picked":"Backstab"},{"not_picked":["Blur","Poisoned Stab"],"picked":"Prepared"},{"not_picked":["Die Die Die","After Image"],"picked":"Wraith Form"},{"not_picked":["Acrobatics","Distraction"],"picked":"Dagger Spray"},{"not_picked":["PiercingWail","Flying Knee"],"picked":"Finisher"},{"not_picked":["Bane","Sucker Punch"],"picked":"Prepared"},{"not_picked":["Dagger Throw","Masterful Stab"],"picked":"Outmaneuver"},{"not_picked":["Prepared","Deflect"],"picked":"Backflip"}],"player_experience":126773,"potions_floor_usage":[24,25,40,41,41],"damage_taken":[{"damage":7.0,"enemies":"Jaw Worm","floor":1.0,"turns":5.0},{"damage":1.0,"enemies":"2 Louse","floor":4.0,"turns":3.0},{"damage":46.0,"enemies":"Gremlin Nob","floor":6.0,"turns":6.0},{"damage":14.0,"enemies":"3 Sentries","floor":8.0,"turns":9.0},{"damage":0.0,"enemies":"Cultist","floor":10.0,"turns":3.0},{"damage":1.0,"enemies":"3 Louse","floor":11.0,"turns":3.0},{"damage":5.0,"enemies":"2 Fungi Beasts","floor":12.0,"turns":4.0},{"damage":4.0,"enemies":"Hexaghost","floor":16.0,"turns":10.0},{"damage":14.0,"enemies":"Shell Parasite","floor":18.0,"turns":6.0},{"damage":2.0,"enemies":"3 Byrds","floor":21.0,"turns":5.0},{"damage":13,"enemies":"Gremlin Leader","floor":23,"turns":7},{"damage":21,"enemies":"Centurion and Healer","floor":24,"turns":8},{"damage":35,"enemies":"Book of Stabbing","floor":25,"turns":6},{"damage":12,"enemies":"Snake Plant","floor":27,"turns":4},{"damage":10,"enemies":"Chosen and Byrds","floor":28,"turns":6},{"damage":1,"enemies":"Cultist and Chosen","floor":31,"turns":6},{"damage":18,"enemies":"Champ","floor":33,"turns":10},{"damage":6,"enemies":"3 Shapes","floor":35,"turns":5},{"damage":7,"enemies":"3 Darklings","floor":37,"turns":6},{"damage":36,"enemies":"Maw","floor":38,"turns":8},{"damage":11,"enemies":"4 Shapes","floor":40,"turns":7},{"damage":10,"enemies":"3 Darklings","floor":41,"turns":6},{"damage":31,"enemies":"Maw","floor":42,"turns":4}],"event_choices":[{"event_name":"Golden Wing","player_choice":"Card Removal","floor":2.0,"damage_taken":0.0},{"event_name":"Living Wall","player_choice":"Change","floor":3.0,"damage_taken":0.0},{"event_name":"Big Fish","player_choice":"Box","floor":5.0,"damage_taken":0.0},{"event_name":"World of Goop","player_choice":"Gather Gold","floor":14.0,"damage_taken":0.0},{"event_name":"Vampires","player_choice":"Became a vampire","floor":20.0,"damage_taken":0.0},{"event_name":"Cursed Tome","player_choice":"Obtained Book","floor":22,"damage_taken":0},{"event_name":"Duplicator","player_choice":"One dupe","floor":36,"damage_taken":0}],"boss_relics":[{"not_picked":["Pandora\u0027s Box","Question Card"],"picked":"Lizard Tail"}],"potions_floor_spawned":[8,10,12,16,21,23,27,28,33,37,41],"seed_played":"2445037435724989835","killed_by":"Maw","ascension_level":4,"is_trial":false}