{"gold_per_floor":[14,14,30,30,48,73,48,67,116,141,157,157,237,237,237,333,333,348,363,37,37,51,51,70,70],"floor_reached":25,"playtime":1409,"items_purged":["Strike_G"],"score":394,"play_id":"941d67da-6cac-4654-8a46-4d4980ef1893","local_time":"20190130222859","is_ascension_mode":true,"campfire_choices":[{"floor":12.0,"key":"REST"},{"data":"Underhanded Strike","floor":15.0,"key":"SMITH"},{"floor":23,"key":"REST"}],"neow_cost":"NO_GOLD","seed_source_timestamp":278105388947531,"circlet_count":0,"master_deck":["AscendersBane","Defend_G","Defend_G","Defend_G","Strike_G","Strike_G","Strike_G","Survivor","Neutralize","Dagger Spray","Underhanded Strike+1","Crippling Poison+1","Poisoned Stab","Backflip","Prepared+1","Blade Dance+1","Deflect+1","Catalyst+1","Acrobatics+1","Night Terror+1","Noxious Fumes","Blur+1","Reflex+1"],"special_seed":0,"relics":["Ring of the Snake","Toxic Egg 2","Vajra","Bronze Scales","Gremlin Horn","Golden Idol","Busted Crown","Medical Kit"],"potions_floor_usage":[25],"damage_taken":[{"damage":1.0,"enemies":"2 Louse","floor":1.0,"turns":3.0},{"damage":2.0,"enemies":"Jaw Worm","floor":3.0,"turns":4.0},{"damage":0.0,"enemies":"Cultist","floor":5.0,"turns":3.0},{"damage":13.0,"enemies":"Gremlin Nob","floor":6.0,"turns":3.0},{"damage":0.0,"enemies":"Exordium Thugs","floor":8.0,"turns":3.0},{"damage":20.0,"enemies":"Lagavulin","floor":10.0,"turns":5.0},{"damage":2.0,"enemies":"Blue Slaver","floor":11.0,"turns":2.0},{"damage":20.0,"enemies":"Hexaghost","floor":16.0,"turns":8.0},{"damage":23.0,"enemies":"Shell Parasite","floor":18.0,"turns":3.0},{"damage":22.0,"enemies":"Spheric Guardian","floor":19.0,"turns":5.0},{"damage":0,"enemies":"Chosen and Byrds","floor":22,"turns":5},{"damage":2,"enemies":"Snecko","floor":24,"turns":5},{"damage":24,"enemies":"Slavers","floor":25,"turns":3}],"seed_played":"1968102445213449075","potions_obtained":[{"floor":3.0,"key":"Strength Potion"},{"floor":5.0,"key":"FearPotion"},{"floor":8.0,"key":"Strength Potion"},{"floor":19.0,"key":"FearPotion"}],"is_trial":false,"path_per_floor":["M","$","M","?","M","E","$","M","T","E","M","R","T","?","R","B",null,"M","M","$","?","M","R","M","E"],"character_chosen":"THE_SILENT","items_purchased":["Blade Dance+1","Noxious Fumes","Medical Kit"],"campfire_rested":2,"item_purchase_floors":[7,20,20],"current_hp_per_floor":[58,58,56,56,56,43,43,43,43,23,21,40,40,40,40,20,50,27,5,5,5,5,23,21,0],"gold":70,"neow_bonus":"TRANSFORM_TWO_CARDS","is_prod":false,"is_daily":false,"chose_seed":false,"campfire_upgraded":1,"win_rate":0,"timestamp":1548916139,"path_taken":["M","$","M","?","M","E","?","?","T","E","M","R","?","?","R","BOSS","M","M","$","?","?","R","M","E"],"build_version":"2019-01-23","purchased_purges":1,"victory":false,"max_hp_per_floor":[66,66,66,66,66,66,66,66,66,66,66,66,66,60,60,60,60,60,60,60,60,60,60,60,60],"card_choices":[{"not_picked":["Prepared","Dash"],"picked":"Crippling Poison","floor":1.0},{"not_picked":["Accuracy","Eviscerate"],"picked":"Poisoned Stab","floor":3.0},{"not_picked":["Flechettes","Leg Sweep"],"picked":"Backflip","floor":5.0},{"not_picked":["Riddle With Holes","Dagger Spray"],"picked":"Prepared","floor":6.0},{"not_picked":["Calculated Gamble+1","Poisoned Stab"],"picked":"Deflect+1","floor":8.0},{"not_picked":["Infinite Blades","Flying Knee"],"picked":"Catalyst+1","floor":10.0},{"not_picked":["Outmaneuver+1","Quick Slash"],"picked":"Acrobatics+1","floor":11.0},{"not_picked":["Grand Finale","Unload"],"picked":"Night Terror+1","floor":16.0},{"not_picked":["Sucker Punch"],"picked":"SKIP","floor":18.0},{"not_picked":["Dagger Throw"],"picked":"SKIP","floor":19.0},{"not_picked":[],"picked":"Blur+1","floor":22},{"not_picked":[],"picked":"Reflex+1","floor":24}],"player_experience":1089386,"relics_obtained":[{"floor":6.0,"key":"Toxic Egg 2"},{"floor":9.0,"key":"Vajra"},{"floor":10.0,"key":"Bronze Scales"},{"floor":13.0,"key":"Gremlin Horn"}],"event_choices":[{"damage_healed":0.0,"max_hp_gain":0.0,"max_hp_loss":0.0,"gold_gain":0.0,"event_name":"Living Wall","player_choice":"Grow","floor":4.0,"gold_loss":0.0,"damage_taken":0.0,"cards_upgraded":["Crippling Poison"]},{"damage_healed":0.0,"max_hp_gain":0.0,"max_hp_loss":6.0,"gold_gain":0.0,"event_name":"Golden Idol","player_choice":"Lose Max HP","floor":14.0,"gold_loss":0.0,"damage_taken":0.0,"relics_obtained":["Golden Idol"]},{"cards_removed":["Defend_G"],"damage_healed":0,"gold_gain":0,"player_choice":"Offered Basic","damage_taken":0,"max_hp_gain":0,"max_hp_loss":0,"event_name":"Bonfire Elementals","floor":21,"gold_loss":0}],"is_beta":false,"boss_relics":[{"not_picked":["Philosopher\u0027s Stone","Velvet Choker"],"picked":"Busted Crown"}],"items_purged_floors":[20],"is_endless":false,"potions_floor_spawned":[3,5,8,19],"killed_by":"Slavers","ascension_level":17}