{"gold_per_floor":[12,12,12,36,56,89,13,13,13,13,38,79,79,94,94,193,193,212,235,17,35,35,35,35],"floor_reached":24,"playtime":678,"items_purged":[],"score":371,"play_id":"0e0f46f1-1267-4a94-95a2-15b014a8f931","local_time":"20190113161801","is_ascension_mode":true,"campfire_choices":[{"floor":8,"key":"REST"},{"data":"Unload","floor":10,"key":"SMITH"},{"data":"Noxious Fumes","floor":15,"key":"SMITH"},{"floor":23,"key":"REST"}],"neow_cost":"NO_GOLD","seed_source_timestamp":391531374957767,"circlet_count":0,"master_deck":["AscendersBane","Defend_G","Defend_G","Defend_G","Defend_G","Strike_G","Strike_G","Strike_G","Survivor","Neutralize","Unload+1","Backstab","Deflect","Blur","Predator","Tactician","Tactician","Noxious Fumes+1","Well Laid Plans","Burst","Bullet Time+1","Crippling Poison+1","Infinite Blades+1","Backstab","Catalyst"],"relics":["Ring of the Snake","Golden Idol","Turnip","PreservedInsect","Meat on the Bone","Gambling Chip","Smiling Mask","Astrolabe","OrangePellets","FaceOfCleric"],"potions_floor_usage":[6,24],"damage_taken":[{"damage":0,"enemies":"2 Louse","floor":1,"turns":2},{"damage":2,"enemies":"Small Slimes","floor":4,"turns":3},{"damage":1,"enemies":"Jaw Worm","floor":5,"turns":3},{"damage":35,"enemies":"Lagavulin","floor":6,"turns":9},{"damage":6,"enemies":"Red Slaver","floor":11,"turns":4},{"damage":8,"enemies":"Gremlin Nob","floor":12,"turns":3},{"damage":0,"enemies":"Large Slime","floor":14,"turns":5},{"damage":30,"enemies":"Hexaghost","floor":16,"turns":10},{"damage":9,"enemies":"Shell Parasite","floor":18,"turns":4},{"damage":19,"enemies":"Spheric Guardian","floor":19,"turns":4},{"damage":25,"enemies":"Snake Plant","floor":21,"turns":4},{"damage":39,"enemies":"Book of Stabbing","floor":24,"turns":4}],"seed_played":"826376612053178609","potions_obtained":[{"floor":4,"key":"Weak Potion"},{"floor":12,"key":"LiquidBronze"},{"floor":19,"key":"GamblersBrew"}],"is_trial":false,"path_per_floor":["M","?","?","M","M","E","$","R","T","R","M","E","T","M","R","B",null,"M","M","$","M","?","R","E"],"character_chosen":"THE_SILENT","items_purchased":["Tactician","OrangePellets"],"campfire_rested":2,"item_purchase_floors":[7,20],"current_hp_per_floor":[59,59,54,52,51,16,16,34,34,34,40,32,32,32,32,14,49,40,33,33,20,20,38,0],"gold":35,"neow_bonus":"THREE_RARE_CARDS","is_prod":false,"is_daily":false,"chose_seed":false,"campfire_upgraded":2,"win_rate":0,"timestamp":1547425081,"path_taken":["M","?","?","M","M","E","$","R","T","R","M","E","?","M","R","BOSS","M","M","$","M","?","R","E"],"build_version":"2019-01-10","purchased_purges":0,"victory":false,"max_hp_per_floor":[66,60,60,60,60,60,60,60,60,60,60,60,60,60,60,60,60,60,60,60,60,60,60,60],"card_choices":[{"not_picked":["Envenom","Adrenaline"],"picked":"Unload","floor":0},{"not_picked":["Acrobatics","Terror"],"picked":"Backstab","floor":1},{"not_picked":["Backflip","Flying Knee"],"picked":"Deflect","floor":4},{"not_picked":["Infinite Blades","Outmaneuver"],"picked":"Blur","floor":5},{"not_picked":["Concentrate","Dagger Spray"],"picked":"Predator","floor":6},{"not_picked":["Sucker Punch","Dodge and Roll"],"picked":"Tactician","floor":11},{"not_picked":["Slice","A Thousand Cuts"],"picked":"Noxious Fumes","floor":12},{"not_picked":["Slice","Outmaneuver"],"picked":"Well Laid Plans","floor":14},{"not_picked":["A Thousand Cuts","Night Terror"],"picked":"Burst","floor":16},{"not_picked":["Slice","Flying Knee"],"picked":"Backstab","floor":18},{"not_picked":["Deflect","Outmaneuver","Cloak And Dagger"],"picked":"SKIP","floor":19},{"not_picked":["Backflip","Acrobatics"],"picked":"Catalyst","floor":21}],"player_experience":1067986,"relics_obtained":[{"floor":6,"key":"PreservedInsect"},{"floor":9,"key":"Meat on the Bone"},{"floor":12,"key":"Gambling Chip"},{"floor":13,"key":"Smiling Mask"}],"event_choices":[{"damage_healed":0,"gold_gain":0,"player_choice":"Lose Max HP","damage_taken":0,"relics_obtained":["Golden Idol"],"max_hp_gain":0,"max_hp_loss":6,"event_name":"Golden Idol","floor":2,"gold_loss":0},{"damage_healed":0,"gold_gain":0,"player_choice":"Success","damage_taken":5,"relics_obtained":["Turnip"],"max_hp_gain":0,"max_hp_loss":0,"event_name":"Scrap Ooze","floor":3,"gold_loss":0},{"damage_healed":0,"gold_gain":0,"player_choice":"Trade","damage_taken":0,"relics_obtained":["FaceOfCleric"],"max_hp_gain":0,"max_hp_loss":0,"event_name":"FaceTrader","floor":22,"gold_loss":0}],"is_beta":false,"boss_relics":[{"not_picked":["Ectoplasm","Lizard Tail"],"picked":"Astrolabe"}],"items_purged_floors":[],"is_endless":false,"potions_floor_spawned":[4,12,19],"killed_by":"Book of Stabbing","ascension_level":16}