{"path_per_floor":["M","?","?","M","?","E","R","?","T","T","M","R","E","?","R","B",null,"M","?","?","$","M","E","M","R","T","R","M","E","M","E","R","B",null,"M","?","M","M","$","E","$","E","T","R","?","M","$","M","R"],"character_chosen":"THE_SILENT","items_purchased":["Matryoshka","Adrenaline","Purity","Well Laid Plans","Well Laid Plans","Concentrate"],"gold_per_floor":[116,116,86,100,100,125,125,125,125,125,138,138,164,219,219,320,320,331,331,331,36,46,81,100,100,100,100,119,145,162,194,194,291,291,307,360,370,380,62,88,18,43,70,70,70,83,46,65,65],"floor_reached":50,"campfire_rested":4,"playtime":2131,"current_hp_per_floor":[62,48,48,47,44,40,40,40,40,40,40,40,38,37,37,25,59,36,36,36,36,36,28,8,29,29,65,65,44,35,28,64,16,58,58,32,33,53,53,44,44,52,54,68,58,30,30,36,78],"items_purged":["Writhe"],"gold":65,"score":823,"play_id":"e9334b21-0dfc-4605-9a6b-ff3db67916b9","is_prod":false,"is_daily":false,"is_ascension_mode":true,"campfire_upgraded":4,"path_taken":["M","?","?","?","?","E","R","?","T","?","M","R","E","?","R","BOSS","M","?","?","$","M","E","M","R","T","R","?","E","?","E","R","BOSS","M","?","M","M","$","E","?","E","T","R","?","M","$","M","R","BOSS"],"build_version":"2018-02-22-PROD2","purchased_purges":3,"victory":false,"master_deck":["Defend_G+1","Defend_G+1","Defend_G+1","Defend_G+1","Defend_G+1","Strike_G+1","Strike_G+1","Strike_G+1","Strike_G+1","Survivor","Neutralize","Flying Knee","Flying Knee","Cloak And Dagger","Noxious Fumes+1","Doppelganger+1","Backflip","Catalyst+1","Storm of Steel+1","Dagger Spray","Die Die Die","Dagger Throw+1","Dagger Throw+1","Sucker Punch","Prepared+1","Dagger Spray+1","Heel Hook","Venomology","Poisoned Stab+1","Venomology","Acrobatics+1","Escape Plan+1","Adrenaline","Purity","Well Laid Plans","Eviscerate","Well Laid Plans","Endless Agony+1","Madness","Madness","Riddle With Holes+1","Concentrate","Underhanded Strike+1"],"max_hp_per_floor":[70,70,70,70,70,70,70,70,70,70,70,70,70,70,70,70,70,70,70,70,70,70,70,70,70,70,70,70,70,70,72,72,72,72,72,72,74,76,76,76,76,76,78,78,78,78,78,78,78],"relics":["Ring of the Snake","Smiling Mask","Prayer Wheel","Ninja Scroll","Sundial","Ancient Tea Set","Singing Bowl","Philosopher\u0027s Stone","Pen Nib","Matryoshka","Bird Faced Urn","Regal Pillow","Dead Branch","Torii","Snake Skull","Eternal Feather","Ice Cream","Bottled Lightning","Vajra","Pantograph","Bronze Scales"],"card_choices":[{"not_picked":["Dodge and Roll","Malaise"],"picked":"Flying Knee"},{"not_picked":["Blur","PiercingWail"],"picked":"Cloak And Dagger"},{"not_picked":["Concentrate","Cloak And Dagger"],"picked":"Noxious Fumes"},{"not_picked":["Distraction","Acrobatics"],"picked":"Doppelganger"},{"not_picked":["Bouncing Flask","Caltrops"],"picked":"Backflip"},{"not_picked":["Blur","Sucker Punch"],"picked":"Catalyst"},{"not_picked":["Eviscerate","Quick Slash"],"picked":"Storm of Steel"},{"not_picked":["Backflip","Quick Slash"],"picked":"Dagger Spray"},{"not_picked":["Glass Knife","Bullet Time"],"picked":"Die Die Die"},{"not_picked":["Heel Hook","All Out Attack"],"picked":"Dagger Throw"},{"not_picked":["Terror","Outmaneuver"],"picked":"Dagger Throw"},{"not_picked":["Dagger Throw","Dagger Spray"],"picked":"Sucker Punch"},{"not_picked":["Outmaneuver","Poisoned Stab"],"picked":"Prepared"},{"not_picked":["Reflex","Quick Slash"],"picked":"Dagger Spray"},{"not_picked":["Quick Slash","Malaise"],"picked":"Heel Hook"},{"not_picked":["Masterful Stab","Deadly Poison"],"picked":"Venomology"},{"not_picked":["Prepared","Endless Agony"],"picked":"Poisoned Stab"},{"not_picked":["Unload","Die Die Die"],"picked":"Venomology"},{"not_picked":["Backflip","Dash"],"picked":"Acrobatics"},{"not_picked":["Dash","Terror"],"picked":"Escape Plan"},{"not_picked":["Masterful Stab","Dagger Spray"],"picked":"Eviscerate"},{"not_picked":["Acrobatics","Night Terror"],"picked":"Endless Agony"},{"not_picked":["Dagger Throw","Heel Hook"],"picked":"Riddle With Holes"},{"not_picked":["Heel Hook","Leg Sweep"],"picked":"Underhanded Strike"}],"player_experience":267044,"potions_floor_usage":[6,14,16,22,23,23,29,29,30,30,33,33,33,36,36,36,38,38,38,40,40,42,42,42,46,46,46,48,50,50,50,50],"damage_taken":[{"damage":1,"enemies":"2 Louse","floor":1,"turns":3},{"damage":1,"enemies":"Jaw Worm","floor":4,"turns":3},{"damage":4,"enemies":"3 Sentries","floor":6,"turns":6},{"damage":0,"enemies":"Cultist","floor":11,"turns":3},{"damage":2,"enemies":"Lagavulin","floor":13,"turns":5},{"damage":1,"enemies":"3 Sentries","floor":14,"turns":6},{"damage":12,"enemies":"Hexaghost","floor":16,"turns":8},{"damage":23,"enemies":"Spheric Guardian","floor":18,"turns":4},{"damage":0,"enemies":"Chosen","floor":22,"turns":3},{"damage":8,"enemies":"Slavers","floor":23,"turns":4},{"damage":22,"enemies":"Centurion and Healer","floor":24,"turns":5},{"damage":0,"enemies":"Snecko","floor":28,"turns":2},{"damage":23,"enemies":"Gremlin Leader","floor":29,"turns":5},{"damage":22,"enemies":"Snake Plant","floor":30,"turns":4},{"damage":9,"enemies":"Slavers","floor":31,"turns":2},{"damage":50,"enemies":"Champ","floor":33,"turns":6},{"damage":4,"enemies":"3 Shapes","floor":35,"turns":4},{"damage":28,"enemies":"Mysterious Sphere","floor":36,"turns":3},{"damage":1,"enemies":"Orb Walker","floor":37,"turns":2},{"damage":1,"enemies":"Maw","floor":38,"turns":6},{"damage":28,"enemies":"Nemesis","floor":40,"turns":7},{"damage":0,"enemies":"2 Orb Walkers","floor":42,"turns":4},{"damage":38,"enemies":"4 Shapes","floor":46,"turns":4},{"damage":0,"enemies":"Sphere and 2 Shapes","floor":48,"turns":3},{"damage":92,"enemies":"Donu and Deca","floor":50,"turns":4}],"event_choices":[{"event_name":"Shining Light","player_choice":"Entered Light","floor":2,"damage_taken":0},{"event_name":"The Woman in Blue","player_choice":"Bought 2 Potions","floor":3,"damage_taken":0},{"event_name":"Scrap Ooze","player_choice":"success","floor":5,"damage_taken":3},{"event_name":"Match and Keep!","player_choice":"0 cards matched","floor":8,"damage_taken":0},{"event_name":"Dead Adventurer","player_choice":"Searched \u00272\u0027 times","floor":14,"damage_taken":0},{"event_name":"The Mausoleum","player_choice":"Yes","floor":19,"damage_taken":0},{"event_name":"Back to Basics","player_choice":"Simplicity","floor":20,"damage_taken":0},{"event_name":"Mysterious Sphere","player_choice":"Fight","floor":36,"damage_taken":0},{"event_name":"Winding Halls","player_choice":"Embrace Madness","floor":45,"damage_taken":0}],"boss_relics":[{"not_picked":["Question Card","Runic Dome"],"picked":"Philosopher\u0027s Stone"},{"not_picked":["Sozu","Calling Bell"],"picked":"Eternal Feather"}],"potions_floor_spawned":[6,11,14,16,18,22,28,30,36,37,38,40],"seed_played":"-6212415447208226927","killed_by":"Donu and Deca","ascension_level":7,"is_trial":false}