{"gold_per_floor":[119,139,23,23,23,56,56,84,138,138,148,73,73,83,83,83],"floor_reached":16,"playtime":471,"items_purged":["Strike_R"],"score":140,"play_id":"e0ea834b-9d93-44c7-a23e-15f3d6a376ce","local_time":"20190305043647","is_ascension_mode":true,"campfire_choices":[{"data":"Armaments","floor":7,"key":"SMITH"},{"floor":10,"key":"REST"},{"data":"Fire Breathing","floor":13,"key":"SMITH"},{"data":"Bash","floor":15,"key":"SMITH"}],"neow_cost":"NONE","seed_source_timestamp":308989256115500,"circlet_count":0,"master_deck":["Strike_R","Strike_R","Strike_R","Defend_R","Defend_R","Defend_R","Defend_R","Bash+1","Shrug It Off","Feel No Pain","Armaments+1","Regret","Feel No Pain","Fire Breathing+1","Pommel Strike","Thunderclap"],"relics":["Burning Blood","NeowsBlessing","Bag of Marbles","Bag of Preparation","Torii","Lantern"],"potions_floor_usage":[8,8,16],"damage_taken":[{"damage":0,"enemies":"Cultist","floor":1,"turns":1},{"damage":0,"enemies":"Small Slimes","floor":2,"turns":2},{"damage":3,"enemies":"3 Sentries","floor":6,"turns":2},{"damage":45,"enemies":"Lagavulin","floor":8,"turns":8},{"damage":5,"enemies":"Jaw Worm","floor":11,"turns":5},{"damage":3,"enemies":"Red Slaver","floor":14,"turns":4},{"damage":72,"enemies":"Slime Boss","floor":16,"turns":10}],"seed_played":"-1232202853661139978","potions_obtained":[{"floor":1,"key":"Strength Potion"},{"floor":2,"key":"Strength Potion"},{"floor":11,"key":"Weak Potion"}],"is_trial":false,"path_per_floor":["M","M","$","?","?","E","R","E","T","R","M","$","R","M","R","B"],"character_chosen":"IRONCLAD","items_purchased":["Feel No Pain","Armaments"],"campfire_rested":1,"item_purchase_floors":[3,3],"current_hp_per_floor":[80,80,80,73,73,76,76,37,37,61,62,62,62,65,65,0],"gold":83,"neow_bonus":"THREE_ENEMY_KILL","is_prod":false,"is_daily":false,"chose_seed":false,"campfire_upgraded":3,"win_rate":0,"timestamp":1551789407,"path_taken":["M","M","?","?","?","E","R","E","T","R","?","$","R","M","R","BOSS"],"build_version":"2019-01-23","purchased_purges":1,"victory":false,"max_hp_per_floor":[80,80,80,80,80,80,80,80,80,80,80,80,80,80,80,80],"card_choices":[{"not_picked":["Searing Blow","Armaments"],"picked":"Shrug It Off","floor":1},{"not_picked":["Headbutt","Twin Strike","Sword Boomerang"],"picked":"SKIP","floor":2},{"not_picked":["Brutality","Dropkick"],"picked":"Feel No Pain","floor":6},{"not_picked":["Rupture","Rage"],"picked":"Fire Breathing","floor":8},{"not_picked":["Entrench","Clothesline"],"picked":"Pommel Strike","floor":11},{"not_picked":["Clothesline","Iron Wave"],"picked":"Thunderclap","floor":14}],"player_experience":106041,"relics_obtained":[{"floor":6,"key":"Bag of Preparation"},{"floor":8,"key":"Torii"},{"floor":9,"key":"Lantern"}],"event_choices":[{"cards_removed":["Strike_R"],"damage_healed":0,"gold_gain":0,"player_choice":"Card Removal","damage_taken":7,"max_hp_gain":0,"max_hp_loss":0,"event_name":"Golden Wing","floor":4,"gold_loss":0},{"damage_healed":0,"gold_gain":0,"player_choice":"Box","damage_taken":0,"relics_obtained":["Bag of Marbles"],"max_hp_gain":0,"max_hp_loss":0,"event_name":"Big Fish","floor":5,"gold_loss":0,"cards_obtained":["Regret"]}],"is_beta":false,"boss_relics":[],"items_purged_floors":[12],"is_endless":false,"potions_floor_spawned":[1,2,11],"killed_by":"Slime Boss","ascension_level":1}