{"gold_per_floor":[111,111,125,125,145,175,175,191,259,259,14,14,33,64,64,160,160,179,179,193,292,292],"floor_reached":22,"playtime":1086,"items_purged":[],"score":223,"play_id":"62bbf483-4963-410d-b3ef-e5666b36a7c7","local_time":"20190203010331","is_ascension_mode":true,"campfire_choices":[{"floor":7,"key":"REST"},{"data":"Shockwave","floor":10,"key":"SMITH"},{"floor":15,"key":"REST"}],"neow_cost":"NONE","seed_source_timestamp":125054676240700,"circlet_count":0,"master_deck":["Strike_R","Strike_R","Strike_R","Defend_R","Defend_R","Defend_R","Defend_R","Bash","Shrug It Off","Twin Strike","Sword Boomerang","Whirlwind","Shockwave+1","Reaper","Juggernaut+1","Clumsy","Spot Weakness+1"],"relics":["Burning Blood","Omamori","StoneCalendar","Frozen Egg 2","Mummified Hand","Bronze Scales","PreservedInsect","Matryoshka","Ice Cream","Nloth\u0027s Gift"],"potions_floor_usage":[6,14,16,16],"damage_taken":[{"damage":15,"enemies":"2 Louse","floor":1,"turns":4},{"damage":8,"enemies":"Cultist","floor":3,"turns":4},{"damage":4,"enemies":"Jaw Worm","floor":5,"turns":3},{"damage":40,"enemies":"3 Sentries","floor":6,"turns":8},{"damage":0,"enemies":"Lots of Slimes","floor":8,"turns":1},{"damage":8,"enemies":"Gremlin Gang","floor":13,"turns":3},{"damage":47,"enemies":"Lagavulin","floor":14,"turns":7},{"damage":23,"enemies":"The Guardian","floor":16,"turns":9},{"damage":41,"enemies":"Spheric Guardian","floor":18,"turns":6},{"damage":6,"enemies":"3 Byrds","floor":20,"turns":3},{"damage":75,"enemies":"Masked Bandits","floor":22,"turns":5}],"seed_played":"7221965498126752587","potions_obtained":[{"floor":5,"key":"Strength Potion"},{"floor":6,"key":"LiquidBronze"},{"floor":8,"key":"Explosive Potion"},{"floor":14,"key":"SpeedPotion"}],"is_trial":false,"path_per_floor":["M","?","M","?","M","E","R","M","T","R","$","$","M","E","R","B",null,"M","?","M","?","?"],"character_chosen":"IRONCLAD","items_purchased":["Mummified Hand"],"campfire_rested":2,"item_purchase_floors":[11],"current_hp_per_floor":[71,71,69,69,71,37,61,67,67,67,67,67,65,24,48,31,80,45,45,51,51,0],"gold":292,"neow_bonus":"RANDOM_COMMON_RELIC","is_prod":false,"is_daily":false,"chose_seed":false,"campfire_upgraded":1,"win_rate":0,"timestamp":1549184611,"path_taken":["M","?","?","?","?","E","R","?","T","R","?","$","M","E","R","BOSS","M","?","?","?","?"],"build_version":"2019-01-23","purchased_purges":0,"victory":false,"max_hp_per_floor":[80,80,80,80,80,80,80,80,80,80,80,80,80,80,80,80,80,80,80,80,80,80],"card_choices":[{"not_picked":["Twin Strike","Shockwave"],"picked":"Shrug It Off","floor":1},{"not_picked":["Bloodletting","Wild Strike"],"picked":"Twin Strike","floor":3},{"not_picked":["Rupture","Havoc"],"picked":"Sword Boomerang","floor":5},{"not_picked":["Twin Strike","Wild Strike"],"picked":"Whirlwind","floor":6},{"not_picked":["Rupture","Body Slam"],"picked":"Shockwave","floor":8},{"not_picked":["Shrug It Off","Reckless Charge","Heavy Blade"],"picked":"SKIP","floor":13},{"not_picked":["Rampage","Bludgeon"],"picked":"Reaper","floor":14},{"not_picked":["Immolate","Reaper"],"picked":"Juggernaut+1","floor":16},{"not_picked":["Corruption+1","Pommel Strike","Evolve+1"],"picked":"SKIP","floor":18},{"not_picked":["Whirlwind","Headbutt"],"picked":"Spot Weakness+1","floor":20}],"player_experience":442288,"relics_obtained":[{"floor":6,"key":"StoneCalendar"},{"floor":9,"key":"Frozen Egg 2"},{"floor":14,"key":"Bronze Scales"},{"floor":17,"key":"PreservedInsect"},{"floor":17,"key":"Matryoshka"},{"floor":17,"key":"Ice Cream"}],"event_choices":[{"cards_removed":["Strike_R"],"damage_healed":0,"gold_gain":0,"player_choice":"Purged","damage_taken":0,"max_hp_gain":0,"max_hp_loss":0,"event_name":"Purifier","floor":2,"gold_loss":0},{"cards_removed":["Strike_R"],"damage_healed":0,"gold_gain":0,"player_choice":"Offered Basic","damage_taken":0,"max_hp_gain":0,"max_hp_loss":0,"event_name":"Bonfire Elementals","floor":4,"gold_loss":0},{"damage_healed":0,"gold_gain":0,"player_choice":"Traded Relic","damage_taken":0,"relics_obtained":["Nloth\u0027s Gift"],"max_hp_gain":0,"max_hp_loss":0,"event_name":"N\u0027loth","floor":19,"relics_lost":["Calling Bell"],"gold_loss":0},{"damage_healed":0,"gold_gain":99,"player_choice":"Stole From Cult","damage_taken":0,"max_hp_gain":0,"max_hp_loss":0,"event_name":"Nest","floor":21,"gold_loss":0},{"damage_healed":0,"gold_gain":0,"player_choice":"Fought Bandits","damage_taken":0,"max_hp_gain":0,"max_hp_loss":0,"event_name":"Masked Bandits","floor":22,"gold_loss":0}],"is_beta":true,"boss_relics":[{"not_picked":["Black Star","White Beast Statue"],"picked":"Calling Bell"}],"items_purged_floors":[],"is_endless":false,"potions_floor_spawned":[5,6,8,14],"killed_by":"Masked Bandits","ascension_level":3}