{"gold_per_floor":[118,129,143,115,133,148,148,148,174,194,204,204,238,33,33,33],"floor_reached":16,"playtime":358,"items_purged":[],"score":170,"play_id":"e2842d32-ffda-4b85-a5eb-7c93ba5ffe33","local_time":"20181016112520","is_ascension_mode":true,"campfire_choices":[{"data":"Sunder","floor":12,"key":"SMITH"},{"data":"Buffer","floor":15,"key":"SMITH"}],"neow_cost":"NONE","seed_source_timestamp":495065782226857,"circlet_count":0,"master_deck":["Strike_B","Strike_B","Strike_B","Strike_B","Defend_B","Defend_B","Defend_B","Defend_B","Zap","Dualcast","Buffer+1","Rip and Tear","Steam","Beam Cell","Sunder+1","Steam Power","Rip and Tear","BootSequence","Streamline","Reprogram"],"relics":["Cracked Core","Pen Nib","Juzu Bracelet","Toolbox"],"potions_floor_usage":[6,13,13],"damage_taken":[{"damage":0,"enemies":"Cultist","floor":1,"turns":3},{"damage":2,"enemies":"Jaw Worm","floor":2,"turns":3},{"damage":21,"enemies":"Small Slimes","floor":3,"turns":4},{"damage":15,"enemies":"Exordium Thugs","floor":5,"turns":4},{"damage":0,"enemies":"Red Slaver","floor":6,"turns":1},{"damage":6,"enemies":"Exordium Wildlife","floor":7,"turns":3},{"damage":0,"enemies":"Large Slime","floor":10,"turns":3},{"damage":0,"enemies":"Blue Slaver","floor":11,"turns":2},{"damage":0,"enemies":"Gremlin Nob","floor":13,"turns":2},{"damage":52,"enemies":"The Guardian","floor":16,"turns":8}],"seed_played":"-210322460936155693","potions_obtained":[{"floor":3,"key":"SteroidPotion"},{"floor":5,"key":"Ancient Potion"},{"floor":10,"key":"Poison Potion"},{"floor":11,"key":"PowerPotion"}],"is_trial":false,"path_per_floor":["M","M","M","?","M","M","M","?","T","M","M","R","E","$","R"],"character_chosen":"DEFECT","items_purchased":["Toolbox"],"campfire_rested":0,"item_purchase_floors":[14],"current_hp_per_floor":[68,66,45,45,30,30,24,49,49,49,49,49,49,49,49,0],"gold":33,"neow_bonus":"ONE_RANDOM_RARE_CARD","is_prod":false,"is_daily":false,"chose_seed":false,"campfire_upgraded":2,"win_rate":0,"timestamp":1539714320,"path_taken":["M","?","M","?","M","M","M","?","T","M","M","R","E","?","R","BOSS"],"build_version":"2018-10-11","purchased_purges":0,"victory":false,"max_hp_per_floor":[75,75,75,75,75,75,75,75,75,75,75,75,75,75,75,75],"card_choices":[{"not_picked":["Go for the Eyes","Coolheaded"],"picked":"Rip and Tear","floor":1},{"not_picked":["Loop","Glacier"],"picked":"Steam","floor":2},{"not_picked":["Redo","Sweeping Beam"],"picked":"Beam Cell","floor":3},{"not_picked":["Steam Power","Sweeping Beam"],"picked":"Sunder","floor":5},{"not_picked":["Loop","Storm"],"picked":"Steam Power","floor":6},{"not_picked":["Conserve Battery","Rebound"],"picked":"Rip and Tear","floor":7},{"not_picked":["Reinforced Body","Biased Cognition"],"picked":"BootSequence","floor":10},{"not_picked":["BootSequence","Double Energy"],"picked":"Streamline","floor":11},{"not_picked":["Aggregate","Streamline"],"picked":"Reprogram","floor":13}],"player_experience":529590,"relics_obtained":[{"floor":9,"key":"Pen Nib"},{"floor":13,"key":"Juzu Bracelet"}],"event_choices":[{"event_name":"World of Goop","player_choice":"Left","floor":4,"damage_taken":0},{"event_name":"Big Fish","player_choice":"Banana","floor":8,"damage_taken":0}],"is_beta":false,"boss_relics":[],"items_purged_floors":[],"is_endless":false,"potions_floor_spawned":[3,5,10,11],"killed_by":"The Guardian","ascension_level":6}