{"gold_per_floor":[210,225,244,274,53,81,81,110,135,135,135,148,148,174,174,271,271,281,381,399,416,7,38,38,57,57,85,85,134,167,266,266,371,371,387,434,445,100,200,200,229,240,240,271,271,287,315,24,24,24],"floor_reached":51,"playtime":9617,"items_purged":["Strike_B","Strike_B"],"score":1538,"play_id":"bf41abbb-3103-424e-ac34-f5d1e8017cb3","local_time":"20190325181940","is_ascension_mode":true,"campfire_choices":[{"floor":7,"key":"REST"},{"data":"Buffer","floor":11,"key":"SMITH"},{"data":"Go for the Eyes","floor":15,"key":"SMITH"},{"data":"Zap","floor":24,"key":"SMITH"},{"floor":28,"key":"REST"},{"floor":32,"key":"REST"},{"floor":40,"key":"REST"},{"data":"Buffer","floor":45,"key":"SMITH"},{"data":"Recycle","floor":49,"key":"SMITH"}],"neow_cost":"NONE","seed_source_timestamp":370767069437962,"circlet_count":0,"master_deck":["Strike_B","Strike_B","Defend_B","Defend_B","Defend_B","Defend_B","Zap+1","Dualcast+1","Barrage","Go for the Eyes+1","Electrodynamics","Buffer+1","Ball Lightning","Cold Snap","Conserve Battery","Echo Form","Genetic Algorithm+1","Chill+1","BootSequence+1","Echo Form","Conserve Battery","Defragment+1","Coolheaded","Buffer+1","Loop+1","Consume+1","Self Repair","Cold Snap+1","Recycle+1"],"relics":["Cracked Core","Tiny Chest","DataDisk","Boot","Regal Pillow","Centennial Puzzle","Velvet Choker","FossilizedHelix","Mercury Hourglass","Happy Flower","Matryoshka","Potion Belt","War Paint","Dodecahedron","Ancient Tea Set","Blue Candle","Blood Vial","Symbiotic Virus","Inserter","Calipers","Bottled Tornado","Thread and Needle","Bronze Scales","Cables","Mummified Hand","Ginger"],"potions_floor_usage":[8,12,16,16,25,25,39,50],"damage_taken":[{"damage":0,"enemies":"Small Slimes","floor":1,"turns":4},{"damage":6,"enemies":"Jaw Worm","floor":2,"turns":4},{"damage":0,"enemies":"2 Louse","floor":3,"turns":2},{"damage":15,"enemies":"3 Sentries","floor":6,"turns":3},{"damage":10,"enemies":"Lagavulin","floor":8,"turns":5},{"damage":5,"enemies":"Blue Slaver","floor":12,"turns":3},{"damage":5,"enemies":"3 Sentries","floor":14,"turns":4},{"damage":0,"enemies":"Hexaghost","floor":16,"turns":10},{"damage":1,"enemies":"3 Byrds","floor":18,"turns":2},{"damage":14,"enemies":"Colosseum Slavers","floor":19,"turns":3},{"damage":2,"enemies":"Colosseum Nobs","floor":19,"turns":4},{"damage":5,"enemies":"Shell Parasite","floor":20,"turns":6},{"damage":0,"enemies":"Shelled Parasite and Fungi","floor":21,"turns":6},{"damage":10,"enemies":"Slavers","floor":23,"turns":3},{"damage":0,"enemies":"Snecko","floor":25,"turns":6},{"damage":0,"enemies":"Gremlin Leader","floor":27,"turns":7},{"damage":7,"enemies":"Book of Stabbing","floor":30,"turns":6},{"damage":0,"enemies":"Collector","floor":33,"turns":8},{"damage":0,"enemies":"3 Shapes","floor":35,"turns":5},{"damage":0,"enemies":"2 Orb Walkers","floor":36,"turns":6},{"damage":0,"enemies":"3 Darklings","floor":37,"turns":4},{"damage":14,"enemies":"Mind Bloom Boss Battle","floor":39,"turns":5},{"damage":0,"enemies":"Giant Head","floor":41,"turns":7},{"damage":0,"enemies":"Maw","floor":42,"turns":5},{"damage":0,"enemies":"Reptomancer","floor":44,"turns":5},{"damage":0,"enemies":"Spire Growth","floor":46,"turns":8},{"damage":0,"enemies":"Nemesis","floor":47,"turns":6},{"damage":0,"enemies":"Donu and Deca","floor":50,"turns":5}],"seed_played":"2471734928225360257","potions_obtained":[{"floor":2,"key":"Weak Potion"},{"floor":3,"key":"PowerPotion"},{"floor":6,"key":"Dexterity Potion"},{"floor":14,"key":"FocusPotion"},{"floor":18,"key":"Weak Potion"},{"floor":19,"key":"GamblersBrew"},{"floor":20,"key":"Energy Potion"},{"floor":25,"key":"FocusPotion"},{"floor":35,"key":"PowerPotion"},{"floor":37,"key":"Weak Potion"},{"floor":41,"key":"Fire Potion"},{"floor":44,"key":"FearPotion"}],"is_trial":false,"path_per_floor":["M","M","M","?","$","E","R","E","T","?","R","M","?","E","R","B",null,"M","?","M","M","$","E","R","M","T","E","R","T","E","?","R","B",null,"M","?","M","$","?","R","E","M","T","E","R","M","E","$","R","B",null],"character_chosen":"DEFECT","items_purchased":["Electrodynamics","Happy Flower","Matryoshka","Bottled Tornado","Ginger"],"campfire_rested":4,"item_purchase_floors":[5,22,22,38,48],"current_hp_per_floor":[68,62,62,44,44,29,51,41,41,46,46,41,41,36,36,36,69,68,52,47,47,47,37,37,37,37,37,76,76,71,71,80,80,80,80,80,80,80,66,80,80,80,80,80,80,80,80,80,80,80],"gold":24,"neow_bonus":"HUNDRED_GOLD","is_prod":false,"is_daily":false,"chose_seed":false,"campfire_upgraded":5,"win_rate":0,"timestamp":1553537980,"path_taken":["M","M","M","?","$","E","R","E","T","?","R","M","?","E","R","BOSS","M","?","M","M","$","E","R","M","T","E","R","?","E","?","R","BOSS","M","?","M","$","?","R","E","M","T","E","R","M","E","?","R","BOSS"],"build_version":"2019-01-23","purchased_purges":2,"victory":true,"max_hp_per_floor":[75,75,75,75,75,75,75,75,75,80,80,80,80,80,80,80,80,80,80,80,80,80,80,80,80,80,80,80,80,80,80,80,80,80,80,80,80,80,80,80,80,80,80,80,80,80,80,80,80,80],"card_choices":[{"not_picked":["Beam Cell","Turbo"],"picked":"Barrage","floor":1},{"not_picked":["BootSequence","Gash"],"picked":"Go for the Eyes","floor":2},{"not_picked":["Beam Cell","Double Energy","Hello World"],"picked":"SKIP","floor":3},{"not_picked":["Fusion","Streamline"],"picked":"Buffer","floor":6},{"not_picked":["Hologram","Hyperbeam"],"picked":"Ball Lightning","floor":8},{"not_picked":["Lockon","Skim"],"picked":"Cold Snap","floor":12},{"not_picked":["Beam Cell","Sweeping Beam"],"picked":"Conserve Battery","floor":14},{"not_picked":["Electrodynamics","Reboot"],"picked":"Echo Form","floor":16},{"not_picked":["Barrage+1","Coolheaded"],"picked":"Genetic Algorithm+1","floor":18},{"not_picked":["Streamline","Leap+1"],"picked":"Chill","floor":19},{"not_picked":["Steam Power+1","Cold Snap"],"picked":"BootSequence+1","floor":20},{"not_picked":["Turbo","Redo"],"picked":"Echo Form","floor":21},{"not_picked":["Leap","Hello World+1"],"picked":"Conserve Battery","floor":23},{"not_picked":["Lockon","Turbo+1","Beam Cell"],"picked":"SKIP","floor":25},{"not_picked":["Creative AI","Streamline"],"picked":"Defragment+1","floor":27},{"not_picked":["Sweeping Beam","Reinforced Body"],"picked":"Coolheaded","floor":30},{"not_picked":["Machine Learning","Meteor Strike"],"picked":"Buffer","floor":33},{"not_picked":["Fusion","Leap"],"picked":"Loop+1","floor":35},{"not_picked":["BootSequence+1","Sunder+1"],"picked":"Consume+1","floor":36},{"not_picked":["Beam Cell","Auto Shields+1","Redo"],"picked":"SKIP","floor":37},{"not_picked":["Chaos","Ball Lightning+1","Melter"],"picked":"SKIP","floor":41},{"not_picked":["Beam Cell+1","Loop+1"],"picked":"Self Repair","floor":42},{"not_picked":["Beam Cell+1","Conserve Battery+1","Undo+1"],"picked":"SKIP","floor":44},{"not_picked":["Sweeping Beam","Sunder"],"picked":"Cold Snap+1","floor":46},{"not_picked":["Self Repair","Sweeping Beam+1"],"picked":"Recycle","floor":47}],"player_experience":765493,"relics_obtained":[{"floor":6,"key":"DataDisk"},{"floor":8,"key":"Boot"},{"floor":9,"key":"Regal Pillow"},{"floor":14,"key":"Centennial Puzzle"},{"floor":19,"key":"FossilizedHelix"},{"floor":19,"key":"Mercury Hourglass"},{"floor":23,"key":"Potion Belt"},{"floor":26,"key":"War Paint"},{"floor":26,"key":"Dodecahedron"},{"floor":27,"key":"Ancient Tea Set"},{"floor":29,"key":"Blue Candle"},{"floor":29,"key":"Blood Vial"},{"floor":30,"key":"Symbiotic Virus"},{"floor":36,"key":"Calipers"},{"floor":39,"key":"Thread and Needle"},{"floor":41,"key":"Bronze Scales"},{"floor":44,"key":"Cables"},{"floor":47,"key":"Mummified Hand"}],"event_choices":[{"damage_healed":0,"gold_gain":0,"player_choice":"Success","damage_taken":18,"relics_obtained":["Tiny Chest"],"max_hp_gain":0,"max_hp_loss":0,"event_name":"Scrap Ooze","floor":4,"gold_loss":0},{"damage_healed":0,"gold_gain":0,"player_choice":"Donut","damage_taken":0,"max_hp_gain":5,"max_hp_loss":0,"event_name":"Big Fish","floor":10,"gold_loss":0},{"damage_healed":0,"gold_gain":0,"player_choice":"Ignored","damage_taken":0,"max_hp_gain":0,"max_hp_loss":0,"event_name":"Liars Game","floor":13,"gold_loss":0},{"damage_healed":0,"gold_gain":0,"player_choice":"Fight","damage_taken":0,"max_hp_gain":0,"max_hp_loss":0,"event_name":"Colosseum","floor":19,"gold_loss":0},{"damage_healed":0,"gold_gain":0,"player_choice":"Fought Nobs","damage_taken":0,"max_hp_gain":0,"max_hp_loss":0,"event_name":"Colosseum","floor":19,"gold_loss":0},{"damage_healed":0,"gold_gain":99,"player_choice":"Stole From Cult","damage_taken":0,"max_hp_gain":0,"max_hp_loss":0,"event_name":"Nest","floor":31,"gold_loss":0},{"damage_healed":0,"gold_gain":0,"player_choice":"Fight","damage_taken":0,"max_hp_gain":0,"max_hp_loss":0,"event_name":"Mysterious Sphere","floor":36,"gold_loss":0},{"damage_healed":0,"gold_gain":0,"player_choice":"Fight","damage_taken":0,"max_hp_gain":0,"max_hp_loss":0,"event_name":"MindBloom","floor":39,"gold_loss":0}],"is_beta":false,"boss_relics":[{"not_picked":["Coffee Dripper","Runic Pyramid"],"picked":"Velvet Choker"},{"not_picked":["Runic Dome","Sozu"],"picked":"Inserter"}],"items_purged_floors":[5,38],"is_endless":false,"potions_floor_spawned":[2,3,6,14,18,19,19,20,25,35,37,41,44],"ascension_level":7}