{"path_per_floor":["M","?","$","M","?","E","M","M","T","E","R","E","R","M","R","B",null,"M","?","M","$","M","R","?","E","T"],"character_chosen":"THE_SILENT","items_purchased":["Deflect","Mind Blast","Acrobatics"],"gold_per_floor":[115,65,43,57,57,90,103,117,117,151,151,178,178,195,195,297,297,308,308,326,222,233,233,233,260,260],"floor_reached":27,"campfire_rested":2,"playtime":997,"current_hp_per_floor":[62,62,62,62,62,59,58,58,58,40,40,40,40,40,61,26,59,37,37,37,37,9,30,30,21,21],"items_purged":[],"gold":260,"score":345,"play_id":"df3fb458-b678-4a58-81d1-db2ac0a8d984","is_prod":false,"is_daily":false,"is_ascension_mode":true,"campfire_upgraded":2,"path_taken":["M","?","$","?","?","E","M","M","T","E","R","E","R","M","R","BOSS","M","?","M","$","?","R","?","E","T","?"],"build_version":"2018-02-22-PROD1","purchased_purges":0,"victory":false,"master_deck":["Defend_G","Defend_G","Defend_G","Defend_G","Strike_G","Strike_G","Strike_G","Strike_G","Strike_G","Survivor","Neutralize+1","Adrenaline+1","Deflect","Footwork","Dagger Throw","Deflect","Cloak And Dagger","Flying Knee","Dagger Throw","Backflip","Storm of Steel","Accuracy","Slice","Mind Blast","Acrobatics","Underhanded Strike+1","Dagger Throw+1"],"max_hp_per_floor":[70,70,70,70,70,70,70,70,70,70,70,70,70,70,70,70,70,70,70,70,70,70,70,70,77,77],"relics":["Ring of the Snake","Singing Bowl","Bronze Scales","Snake Skull","Gremlin Horn","Tingsha","The Specimen","The Courier","Strawberry","Frozen Eye"],"card_choices":[{"not_picked":["Malaise","Sucker Punch"],"picked":"Adrenaline"},{"not_picked":["Dodge and Roll","Reflex"],"picked":"Footwork"},{"not_picked":["Deadly Poison","Bane"],"picked":"Dagger Throw"},{"not_picked":["Heel Hook","Dagger Throw"],"picked":"Deflect"},{"not_picked":["Setup","Skewer"],"picked":"Cloak And Dagger"},{"not_picked":["Corpse Explosion","Expertise"],"picked":"Flying Knee"},{"not_picked":["Bane","Riddle With Holes"],"picked":"Dagger Throw"},{"not_picked":["Riddle With Holes","Concentrate"],"picked":"Backflip"},{"not_picked":["Tactician","Die Die Die"],"picked":"Storm of Steel"},{"not_picked":["Heel Hook","Prepared"],"picked":"Accuracy"},{"not_picked":["Dodge and Roll","Footwork"],"picked":"Slice"},{"not_picked":["Flying Knee","Slice"],"picked":"Underhanded Strike"},{"not_picked":["Poisoned Stab","Cloak And Dagger"],"picked":"Dagger Throw"}],"player_experience":199848,"potions_floor_usage":[6,6,10,16,18,25,25,27],"damage_taken":[{"damage":8,"enemies":"2 Louse","floor":1,"turns":4},{"damage":0,"enemies":"Small Slimes","floor":4,"turns":3},{"damage":3,"enemies":"3 Sentries","floor":6,"turns":16},{"damage":1,"enemies":"Cultist","floor":7,"turns":3},{"damage":0,"enemies":"Red Slaver","floor":8,"turns":3},{"damage":30,"enemies":"Gremlin Nob","floor":10,"turns":5},{"damage":0,"enemies":"3 Sentries","floor":12,"turns":7},{"damage":0,"enemies":"Blue Slaver","floor":14,"turns":2},{"damage":50,"enemies":"Hexaghost","floor":16,"turns":13},{"damage":22,"enemies":"2 Thieves","floor":18,"turns":3},{"damage":0,"enemies":"Chosen","floor":20,"turns":3},{"damage":28,"enemies":"Snecko","floor":22,"turns":5},{"damage":16,"enemies":"Slavers","floor":25,"turns":6},{"damage":21,"enemies":"Snake Plant","floor":27,"turns":3}],"event_choices":[{"event_name":"The Cleric","player_choice":"Card Removal","floor":2,"damage_taken":0},{"event_name":"The Lab","player_choice":"Got Potions","floor":5,"damage_taken":0},{"event_name":"The Mausoleum","player_choice":"Yes","floor":19,"damage_taken":0},{"event_name":"Vampires","player_choice":"Ignored","floor":24,"damage_taken":0}],"boss_relics":[{"not_picked":["Velvet Choker","Runic Dome"],"picked":"The Specimen"}],"potions_floor_spawned":[1,4,12,14,16,18,25],"seed_played":"1998550349048184342","killed_by":"Snake Plant","ascension_level":5,"is_trial":false}