{"gold_per_floor":[363,363,363,377,1,26,26,36,109,86,86,100,110,140,140,152],"floor_reached":16,"playtime":429,"items_purged":["Clumsy"],"score":272,"play_id":"0d7f6bbe-8461-46bb-8f9e-44fccf6d54ee","local_time":"20181021043324","is_ascension_mode":true,"campfire_choices":[{"floor":7,"key":"DIG"},{"floor":11,"key":"DIG"},{"floor":15,"key":"DIG"}],"neow_cost":"CURSE","seed_source_timestamp":902277083593429,"circlet_count":0,"master_deck":["Strike_R","Strike_R","Strike_R","Strike_R","Strike_R","Defend_R","Defend_R","Defend_R","Defend_R","Bash","AscendersBane","Twin Strike+1","Sword Boomerang","Flex","Inflame","Pommel Strike","Searing Blow","Wild Strike","Demon Form"],"relics":["Burning Blood","Shovel","Potion Belt","Gremlin Horn","Mercury Hourglass","Bird Faced Urn","Peace Pipe","MawBank"],"potions_floor_usage":[13,16],"damage_taken":[{"damage":13,"enemies":"Cultist","floor":1,"turns":6},{"damage":6,"enemies":"Jaw Worm","floor":4,"turns":4},{"damage":32,"enemies":"Gremlin Nob","floor":6,"turns":4},{"damage":0,"enemies":"Small Slimes","floor":8,"turns":2},{"damage":11,"enemies":"Looter","floor":12,"turns":2},{"damage":5,"enemies":"Gremlin Gang","floor":13,"turns":2},{"damage":20,"enemies":"3 Sentries","floor":14,"turns":4}],"seed_played":"-2148908412939464037","potions_obtained":[{"floor":12,"key":"FearPotion"},{"floor":14,"key":"AttackPotion"}],"is_trial":false,"path_per_floor":["M","?","?","M","$","E","R","M","T","$","R","M","M","E","R"],"character_chosen":"IRONCLAD","items_purchased":["Shovel","Pommel Strike"],"campfire_rested":0,"item_purchase_floors":[5,10],"current_hp_per_floor":[61,61,61,61,61,35,35,41,41,41,41,38,41,29,29,0],"gold":152,"neow_bonus":"TWO_FIFTY_GOLD","is_prod":false,"is_daily":false,"chose_seed":false,"campfire_upgraded":0,"win_rate":0,"timestamp":1540121604,"path_taken":["M","?","?","M","$","E","R","M","T","?","R","M","?","E","R","BOSS"],"build_version":"2018-10-18","purchased_purges":1,"victory":false,"max_hp_per_floor":[75,75,75,75,75,75,75,75,75,75,75,75,75,75,75,75],"card_choices":[{"not_picked":["Shrug It Off","Sword Boomerang"],"picked":"Twin Strike","floor":1},{"not_picked":["Disarm","Heavy Blade"],"picked":"Sword Boomerang","floor":4},{"not_picked":["Sentinel","Sword Boomerang"],"picked":"Flex","floor":6},{"not_picked":["Wild Strike","Iron Wave"],"picked":"Inflame","floor":8},{"not_picked":["Shrug It Off","Hemokinesis"],"picked":"Searing Blow","floor":12},{"not_picked":["Dual Wield","Blood for Blood"],"picked":"Wild Strike","floor":13},{"not_picked":["Blood for Blood","Armaments"],"picked":"Demon Form","floor":14}],"player_experience":594704,"relics_obtained":[{"floor":6,"key":"Potion Belt"},{"floor":7,"key":"Gremlin Horn"},{"floor":9,"key":"Mercury Hourglass"},{"floor":11,"key":"Bird Faced Urn"},{"floor":14,"key":"Peace Pipe"},{"floor":15,"key":"MawBank"}],"event_choices":[{"damage_healed":0,"gold_gain":0,"player_choice":"Ignored","damage_taken":0,"max_hp_gain":0,"max_hp_loss":0,"event_name":"Golden Wing","floor":2,"gold_loss":0},{"damage_healed":0,"gold_gain":0,"player_choice":"Upgraded","damage_taken":0,"max_hp_gain":0,"max_hp_loss":0,"event_name":"Upgrade Shrine","floor":3,"gold_loss":0,"cards_upgraded":["Twin Strike"]}],"is_beta":false,"boss_relics":[],"items_purged_floors":[5],"is_endless":false,"potions_floor_spawned":[12,14],"killed_by":"The Guardian","ascension_level":14}