{"path_per_floor":["M","M","?","M","M","E","?","R","T","R","M","M","R","M","R","B",null,"M","?","M"],"character_chosen":"THE_SILENT","items_purchased":[],"gold_per_floor":[11,22,22,42,60,95,95,95,122,122,142,157,157,180,180,308,308,322,322,341],"floor_reached":21,"campfire_rested":2,"playtime":626,"current_hp_per_floor":[49,47,47,47,43,8,8,27,27,46,45,45,45,39,39,18,53,40,40,22],"items_purged":[],"gold":341,"score":238,"play_id":"1d6a6354-a743-42b9-a58c-fa7f35273c1b","is_prod":false,"is_daily":false,"is_ascension_mode":true,"campfire_upgraded":2,"path_taken":["M","M","?","?","M","E","?","R","T","R","?","M","R","?","R","BOSS","M","?","?","M"],"build_version":"2018-02-22-PROD2","purchased_purges":0,"victory":false,"master_deck":["Defend_G","Defend_G","Defend_G+1","Defend_G+1","Defend_G","Strike_G","Strike_G","Strike_G","Strike_G","Strike_G","Survivor","Neutralize+1","Dagger Spray","Cloak And Dagger","Sucker Punch","Distraction+1","Deflect","Poisoned Stab","Poisoned Stab","Caltrops+1","Adrenaline","PiercingWail+1","Escape Plan"],"max_hp_per_floor":[70,70,65,65,65,65,65,65,65,65,65,65,65,65,65,65,65,65,65,65],"relics":["Ring of the Snake","Bird Faced Urn","Golden Idol","War Paint","Bag of Preparation","Black Star","The Courier"],"card_choices":[{"not_picked":["Accuracy","Expertise"],"picked":"Dagger Spray"},{"not_picked":["Underhanded Strike","Bane"],"picked":"Cloak And Dagger"},{"not_picked":["Poisoned Stab","Setup"],"picked":"Sucker Punch"},{"not_picked":["Prepared","Sucker Punch"],"picked":"Distraction"},{"not_picked":["Eviscerate","Dagger Throw"],"picked":"Deflect"},{"not_picked":["Catalyst","Concentrate"],"picked":"Poisoned Stab"},{"not_picked":["Bane","Dodge and Roll"],"picked":"Poisoned Stab"},{"not_picked":["Flying Knee","Calculated Gamble"],"picked":"Caltrops"},{"not_picked":["Tools of the Trade","Doppelganger"],"picked":"Adrenaline"},{"not_picked":["Dodge and Roll","Poisoned Stab"],"picked":"PiercingWail"},{"not_picked":["Finisher","Well Laid Plans"],"picked":"Escape Plan"}],"player_experience":208157,"potions_floor_usage":[2,6,6],"damage_taken":[{"damage":14,"enemies":"2 Louse","floor":1,"turns":5},{"damage":2,"enemies":"Jaw Worm","floor":2,"turns":7},{"damage":0,"enemies":"Small Slimes","floor":4,"turns":3},{"damage":4,"enemies":"Exordium Thugs","floor":5,"turns":4},{"damage":35,"enemies":"Gremlin Nob","floor":6,"turns":6},{"damage":1,"enemies":"Blue Slaver","floor":11,"turns":3},{"damage":0,"enemies":"Exordium Wildlife","floor":12,"turns":2},{"damage":6,"enemies":"Exordium Thugs","floor":14,"turns":3},{"damage":23,"enemies":"Hexaghost","floor":16,"turns":9},{"damage":15,"enemies":"Spheric Guardian","floor":18,"turns":6},{"damage":20,"enemies":"2 Thieves","floor":20,"turns":4},{"damage":24,"enemies":"Snake Plant","floor":21,"turns":3}],"event_choices":[{"event_name":"Golden Idol","player_choice":"Lose Max HP","floor":3,"damage_taken":0},{"event_name":"Living Wall","player_choice":"Grow","floor":7,"damage_taken":0},{"event_name":"The Mausoleum","player_choice":"Yes","floor":19,"damage_taken":0}],"boss_relics":[{"not_picked":["Eternal Feather","Velvet Choker"],"picked":"Black Star"}],"potions_floor_spawned":[1,4,5,18],"seed_played":"-5564254486899248893","killed_by":"Snake Plant","ascension_level":6,"is_trial":false}