{"gold_per_floor":[13,13,13,25,25,25,59,70,70,87,116,116,146,162,162,236,236,250,268,268,248,264,264,289,302,384,395,395],"floor_reached":28,"playtime":1467,"items_purged":[],"score":494,"play_id":"023c8a46-bc3a-42da-8da7-0bfca4c5280a","local_time":"20190413094721","is_ascension_mode":true,"campfire_choices":[{"data":"Zap","floor":6.0,"key":"SMITH"},{"floor":12.0,"key":"REST"},{"data":"Go for the Eyes","floor":15.0,"key":"SMITH"},{"data":"Genetic Algorithm","floor":23,"key":"SMITH"}],"neow_cost":"NO_GOLD","seed_source_timestamp":0,"circlet_count":0,"master_deck":["AscendersBane","Strike_B","Strike_B","Strike_B","Strike_B","Defend_B","Defend_B","Defend_B","Defend_B","Zap+1","Dualcast","Ball Lightning","Self Repair+1","Undo","Ball Lightning","Genetic Algorithm+1","Core Surge","Cold Snap","Go for the Eyes+1","Biased Cognition+1","Stack","Doom and Gloom","White Noise","Cold Snap","Steam"],"special_seed":0,"relics":["Cracked Core","Cables","Nunchaku","Frozen Egg 2","Question Card","Ancient Tea Set","Inserter","Boot","Letter Opener"],"potions_floor_usage":[22,22],"damage_taken":[{"damage":21.0,"enemies":"Small Slimes","floor":1.0,"turns":4.0},{"damage":1.0,"enemies":"2 Louse","floor":4.0,"turns":3.0},{"damage":39.0,"enemies":"Gremlin Nob","floor":7.0,"turns":4.0},{"damage":1.0,"enemies":"Cultist","floor":8.0,"turns":3.0},{"damage":6.0,"enemies":"Looter","floor":10.0,"turns":3.0},{"damage":12.0,"enemies":"3 Sentries","floor":11.0,"turns":7.0},{"damage":8.0,"enemies":"Gremlin Nob","floor":13.0,"turns":3.0},{"damage":0.0,"enemies":"Large Slime","floor":14.0,"turns":3.0},{"damage":23.0,"enemies":"Hexaghost","floor":16.0,"turns":9.0},{"damage":23.0,"enemies":"2 Thieves","floor":18.0,"turns":3.0},{"damage":2.0,"enemies":"3 Byrds","floor":19.0,"turns":3.0},{"damage":0,"enemies":"3 Cultists","floor":22,"turns":5},{"damage":46,"enemies":"Book of Stabbing","floor":24,"turns":5},{"damage":15,"enemies":"Cultist and Chosen","floor":25,"turns":5},{"damage":26,"enemies":"Snake Plant","floor":27,"turns":3},{"damage":28,"enemies":"Slavers","floor":28,"turns":2}],"seed_played":"3707448329681096676","potions_obtained":[{"floor":7.0,"key":"SteroidPotion"},{"floor":11.0,"key":"Explosive Potion"},{"floor":13.0,"key":"Weak Potion"},{"floor":16.0,"key":"Fire Potion"},{"floor":18.0,"key":"Weak Potion"},{"floor":19.0,"key":"PowerPotion"},{"floor":21,"key":"Block Potion"}],"is_trial":false,"path_per_floor":["M","?","?","M","?","R","E","M","T","M","E","R","E","M","R","B",null,"M","M","?","?","M","R","E","M","T","M","E"],"character_chosen":"DEFECT","items_purchased":[],"campfire_rested":1,"item_purchase_floors":[],"current_hp_per_floor":[57,57,46,45,45,45,16,25,25,29,27,52,44,54,54,41,74,61,59,59,59,79,79,43,38,38,22,0],"gold":395,"neow_bonus":"TWENTY_PERCENT_HP_BONUS","is_prod":false,"is_daily":false,"chose_seed":false,"campfire_upgraded":3,"win_rate":0,"timestamp":1555145241,"path_taken":["M","?","?","M","?","R","E","M","T","M","E","R","E","M","R","BOSS","M","M","?","?","M","R","E","M","T","M","E"],"build_version":"2019-01-23","purchased_purges":0,"victory":false,"max_hp_per_floor":[85,85,85,85,85,85,85,85,85,85,85,85,85,85,85,85,85,85,85,85,85,85,85,85,85,85,85,85],"card_choices":[{"not_picked":["Darkness","Steam"],"picked":"Ball Lightning","floor":1.0},{"not_picked":["Fusion","Heatsinks"],"picked":"Self Repair","floor":4.0},{"not_picked":["Reboot","Stack"],"picked":"Undo","floor":7.0},{"not_picked":["Leap","Redo"],"picked":"Ball Lightning","floor":8.0},{"not_picked":["Sweeping Beam","Cold Snap"],"picked":"Genetic Algorithm","floor":10.0},{"not_picked":["Hologram","Steam"],"picked":"Core Surge","floor":11.0},{"not_picked":["Leap","Skim","Turbo"],"picked":"Cold Snap","floor":13.0},{"not_picked":["Scrape","Hologram","Force Field"],"picked":"Go for the Eyes","floor":14.0},{"not_picked":["Machine Learning+1","Thunder Strike","All For One"],"picked":"Biased Cognition+1","floor":16.0},{"not_picked":["Barrage","Ball Lightning","Blizzard"],"picked":"Stack","floor":18.0},{"not_picked":["Rebound","Turbo","Go for the Eyes","Amplify"],"picked":"SKIP","floor":19.0},{"not_picked":["Capacitor+1","Sweeping Beam","Barrage"],"picked":"Doom and Gloom","floor":22},{"not_picked":["Chaos","Gash+1","Steam"],"picked":"White Noise","floor":24},{"not_picked":["Gash","Sweeping Beam","Genetic Algorithm"],"picked":"Cold Snap","floor":25},{"not_picked":["Conserve Battery","Coolheaded","Beam Cell+1"],"picked":"Steam","floor":27}],"player_experience":1055597,"relics_obtained":[{"floor":7.0,"key":"Nunchaku"},{"floor":9.0,"key":"Frozen Egg 2"},{"floor":11.0,"key":"Question Card"},{"floor":13.0,"key":"Ancient Tea Set"},{"floor":24,"key":"Boot"},{"floor":26,"key":"Letter Opener"}],"event_choices":[{"damage_healed":0.0,"max_hp_gain":0.0,"max_hp_loss":0.0,"gold_gain":0.0,"event_name":"Shining Light","player_choice":"Ignored","floor":2.0,"gold_loss":0.0,"damage_taken":0.0},{"damage_healed":0.0,"max_hp_gain":0.0,"max_hp_loss":0.0,"gold_gain":0.0,"event_name":"Scrap Ooze","player_choice":"Success","floor":3.0,"gold_loss":0.0,"damage_taken":11.0,"relics_obtained":["Cables"]},{"damage_healed":0.0,"max_hp_gain":0.0,"max_hp_loss":0.0,"gold_gain":0.0,"event_name":"Living Wall","player_choice":"Grow","floor":5.0,"gold_loss":0.0,"damage_taken":0.0,"cards_upgraded":["Self Repair"]},{"damage_healed":0,"gold_gain":0,"player_choice":"Ignored","damage_taken":0,"max_hp_gain":0,"max_hp_loss":0,"event_name":"Cursed Tome","floor":20,"gold_loss":0},{"damage_healed":0,"gold_gain":0,"player_choice":"Bought 1 Potion","damage_taken":0,"max_hp_gain":0,"max_hp_loss":0,"event_name":"The Woman in Blue","floor":21,"gold_loss":0}],"is_beta":false,"boss_relics":[{"not_picked":["Runic Dome","Eternal Feather"],"picked":"Inserter"}],"items_purged_floors":[],"is_endless":false,"potions_floor_spawned":[7,11,13,16,18,19],"killed_by":"Slavers","ascension_level":18}