{"gold_per_floor":[110,110,130,130,150,150,179,191,191,219,229,229,229,247,247,348,348,365,21,21,36,54,79,79,96,96,96,96,96,107,107,107,204,204,215,232,250,68,168,168,195,224,224,0,14,14,14,14,14,14],"floor_reached":51,"playtime":3263,"items_purged":["Shame"],"score":812,"play_id":"62a785e0-2542-4627-a1a4-0dfd5d8d4008","local_time":"20190218004355","is_ascension_mode":true,"campfire_choices":[{"data":"Trip","floor":6.0,"key":"SMITH"},{"data":"Perfected Strike","floor":13.0,"key":"SMITH"},{"floor":15.0,"key":"REST"},{"data":"Infernal Blade","floor":24.0,"key":"SMITH"},{"data":"Searing Blow+1","floor":27.0,"key":"SMITH"},{"data":"Searing Blow+2","floor":28.0,"key":"SMITH"},{"data":"Inflame","floor":32,"key":"SMITH"},{"data":"Limit Break","floor":40,"key":"SMITH"},{"floor":46,"key":"REST"},{"floor":49,"key":"REST"}],"neow_cost":"NONE","seed_source_timestamp":0,"circlet_count":0,"master_deck":["Strike_R","Strike_R","Strike_R","Strike_R","Strike_R","Defend_R","Defend_R","Defend_R+1","Bash","Trip+1","Iron Wave","Perfected Strike+1","Iron Wave","Pommel Strike","Twin Strike","Immolate","Twin Strike","Infernal Blade+1","Limit Break+1","Clothesline","Dark Shackles","Power Through+1","Heavy Blade+1","Searing Blow+3","Inflame+1","Limit Break+1","Whirlwind+1","Power Through+1","Infernal Blade+1","Twin Strike+1"],"special_seed":0,"relics":["Burning Blood","WingedGreaves","Spirit Poop","Darkstone Periapt","Self Forming Clay","PreservedInsect","Cursed Key","Blue Candle","MutagenicStrength","Toxic Egg 2","Omamori","Molten Egg 2","Centennial Puzzle","Busted Crown","FossilizedHelix","Juzu Bracelet","Potion Belt","Vajra","Red Mask"],"potions_floor_usage":[33,50,50],"damage_taken":[{"damage":4.0,"enemies":"Jaw Worm","floor":1.0,"turns":3.0},{"damage":2.0,"enemies":"Small Slimes","floor":3.0,"turns":3.0},{"damage":1.0,"enemies":"Cultist","floor":5.0,"turns":3.0},{"damage":28.0,"enemies":"Gremlin Nob","floor":7.0,"turns":4.0},{"damage":6.0,"enemies":"Looter","floor":8.0,"turns":2.0},{"damage":12.0,"enemies":"3 Sentries","floor":10.0,"turns":7.0},{"damage":8.0,"enemies":"Blue Slaver","floor":11.0,"turns":3.0},{"damage":0.0,"enemies":"2 Fungi Beasts","floor":14.0,"turns":2.0},{"damage":30.0,"enemies":"Slime Boss","floor":16.0,"turns":8.0},{"damage":14.0,"enemies":"2 Thieves","floor":18.0,"turns":3.0},{"damage":0.0,"enemies":"3 Byrds","floor":21.0,"turns":3.0},{"damage":7.0,"enemies":"Centurion and Healer","floor":22.0,"turns":3.0},{"damage":1.0,"enemies":"Book of Stabbing","floor":23.0,"turns":4.0},{"damage":0.0,"enemies":"Snecko","floor":25.0,"turns":2.0},{"damage":13.0,"enemies":"Cultist and Chosen","floor":30.0,"turns":3.0},{"damage":73,"enemies":"Collector","floor":33,"turns":9},{"damage":0,"enemies":"3 Shapes","floor":35,"turns":3},{"damage":1,"enemies":"Orb Walker","floor":36,"turns":2},{"damage":13,"enemies":"4 Shapes","floor":37,"turns":2},{"damage":1,"enemies":"Mind Bloom Boss Battle","floor":39,"turns":5},{"damage":9,"enemies":"Giant Head","floor":41,"turns":4},{"damage":53,"enemies":"Nemesis","floor":42,"turns":5},{"damage":0,"enemies":"Spire Growth","floor":45,"turns":3},{"damage":51,"enemies":"Awakened One","floor":50,"turns":7}],"seed_played":"8755253734500328786","potions_obtained":[{"floor":1.0,"key":"Weak Potion"},{"floor":5.0,"key":"LiquidBronze"},{"floor":11.0,"key":"Explosive Potion"},{"floor":18.0,"key":"FearPotion"},{"floor":21.0,"key":"GamblersBrew"},{"floor":23.0,"key":"Ancient Potion"},{"floor":36,"key":"PowerPotion"},{"floor":41,"key":"LiquidBronze"}],"is_trial":false,"path_per_floor":["M","?","M","?","M","R","E","M","T","E","M","?","R","M","R","B",null,"M","$","?","M","M","E","R","M","T","R","R","?","M","?","R","B",null,"M","M","M","$","?","R","E","E","T","?","M","R","$","?","R","B",null],"character_chosen":"IRONCLAD","items_purchased":["Blue Candle","Dark Shackles","Whirlwind+1","Power Through+1"],"campfire_rested":3,"item_purchase_floors":[19,19,38,38],"current_hp_per_floor":[80,80,80,80,80,80,58,58,58,52,50,34,34,40,64,40,80,72,72,72,78,77,80,80,80,86,86,86,86,79,79,79,12,86,86,86,79,79,84,84,81,34,34,34,40,65,65,65,86,41],"gold":14,"neow_bonus":"RANDOM_COLORLESS","is_prod":false,"is_daily":false,"chose_seed":false,"campfire_upgraded":7,"win_rate":0,"timestamp":1550468635,"path_taken":["M","?","M","?","M","R","E","M","T","E","?","?","R","M","R","BOSS","M","$","?","M","M","E","R","M","T","R","R","?","M","?","R","BOSS","M","M","M","$","?","R","E","E","T","?","M","R","?","?","R","BOSS"],"build_version":"2019-01-23","purchased_purges":1,"victory":true,"max_hp_per_floor":[80,80,80,80,80,80,80,80,80,80,80,80,80,80,80,80,80,80,80,80,80,80,80,80,80,86,86,86,86,86,86,86,86,86,86,86,86,86,86,86,86,86,86,86,86,86,86,86,86,86],"card_choices":[{"not_picked":["Second Wind","True Grit"],"picked":"Iron Wave","floor":1.0},{"not_picked":["Combust","Flame Barrier"],"picked":"Perfected Strike","floor":3.0},{"not_picked":["Flex","Flame Barrier"],"picked":"Iron Wave","floor":5.0},{"not_picked":["Flex","Shrug It Off"],"picked":"Pommel Strike","floor":7.0},{"not_picked":["Flex","Bloodletting"],"picked":"Twin Strike","floor":8.0},{"not_picked":["Thunderclap","Flex"],"picked":"Immolate","floor":10.0},{"not_picked":["Feel No Pain","Sword Boomerang"],"picked":"Twin Strike","floor":11.0},{"not_picked":["Reckless Charge","Dual Wield"],"picked":"Infernal Blade","floor":14.0},{"not_picked":["Dark Embrace","Exhume"],"picked":"Limit Break","floor":16.0},{"not_picked":["Havoc","Iron Wave"],"picked":"Clothesline","floor":18.0},{"not_picked":["Iron Wave","Heavy Blade","Pummel"],"picked":"SKIP","floor":21.0},{"not_picked":["Warcry","Body Slam"],"picked":"Power Through+1","floor":22.0},{"not_picked":["Clash","Dual Wield"],"picked":"Heavy Blade+1","floor":23.0},{"not_picked":["Pummel","Dropkick+1"],"picked":"Searing Blow+1","floor":25.0},{"not_picked":["Clothesline+1","Shrug It Off+1"],"picked":"Inflame","floor":30},{"not_picked":["Double Tap+1","Feed+1"],"picked":"Limit Break+1","floor":33},{"not_picked":["Havoc+1"],"picked":"SKIP","floor":35},{"not_picked":["Havoc+1"],"picked":"SKIP","floor":36},{"not_picked":["Feel No Pain"],"picked":"SKIP","floor":37},{"not_picked":["Reckless Charge+1"],"picked":"SKIP","floor":41},{"not_picked":["Reckless Charge+1"],"picked":"SKIP","floor":41},{"not_picked":[],"picked":"Infernal Blade+1","floor":42},{"not_picked":[],"picked":"Twin Strike+1","floor":45}],"player_experience":181006,"relics_obtained":[{"floor":7.0,"key":"Darkstone Periapt"},{"floor":9.0,"key":"Self Forming Clay"},{"floor":10.0,"key":"PreservedInsect"},{"floor":23.0,"key":"Toxic Egg 2"},{"floor":26.0,"key":"Omamori"},{"floor":39,"key":"FossilizedHelix"},{"floor":41,"key":"Juzu Bracelet"},{"floor":42,"key":"Potion Belt"},{"floor":43,"key":"Vajra"}],"event_choices":[{"damage_healed":0.0,"max_hp_gain":0.0,"max_hp_loss":0.0,"gold_gain":0.0,"event_name":"Big Fish","player_choice":"Box","floor":2.0,"gold_loss":0.0,"damage_taken":0.0,"relics_obtained":["WingedGreaves"],"cards_obtained":["Regret"]},{"cards_removed":["Regret"],"damage_healed":0.0,"max_hp_gain":0.0,"max_hp_loss":0.0,"gold_gain":0.0,"event_name":"Bonfire Elementals","player_choice":"Offered Curse","floor":4.0,"gold_loss":0.0,"damage_taken":0.0,"relics_obtained":["Spirit Poop"]},{"damage_healed":0.0,"max_hp_gain":0.0,"max_hp_loss":0.0,"gold_gain":0.0,"event_name":"Shining Light","player_choice":"Entered Light","floor":12.0,"gold_loss":0.0,"damage_taken":16.0,"cards_upgraded":["Defend_R","Defend_R"]},{"damage_healed":0.0,"max_hp_gain":0.0,"max_hp_loss":0.0,"gold_gain":0.0,"event_name":"Drug Dealer","player_choice":"Inject Mutagens","floor":20.0,"gold_loss":0.0,"damage_taken":0.0,"relics_obtained":["MutagenicStrength"]},{"damage_healed":0.0,"max_hp_gain":0.0,"max_hp_loss":0.0,"gold_gain":0.0,"event_name":"The Mausoleum","player_choice":"Opened","floor":29.0,"gold_loss":0.0,"damage_taken":0.0,"relics_obtained":["Molten Egg 2"]},{"damage_healed":0,"gold_gain":0,"player_choice":"Stole Relic","damage_taken":0,"relics_obtained":["Centennial Puzzle"],"max_hp_gain":0,"max_hp_loss":0,"event_name":"Addict","floor":31,"gold_loss":0,"cards_obtained":["Shame"]},{"damage_healed":0,"gold_gain":0,"player_choice":"Fight","damage_taken":0,"max_hp_gain":0,"max_hp_loss":0,"event_name":"MindBloom","floor":39,"gold_loss":0},{"damage_healed":0,"gold_gain":0,"player_choice":"Paid","damage_taken":0,"relics_obtained":["Red Mask"],"max_hp_gain":0,"max_hp_loss":0,"event_name":"Tomb of Lord Red Mask","floor":44,"gold_loss":224},{"cards_removed":["Defend_R"],"damage_healed":0,"gold_gain":0,"player_choice":"Removed Skill","damage_taken":0,"max_hp_gain":0,"max_hp_loss":0,"event_name":"Falling","floor":48,"gold_loss":0}],"is_beta":false,"boss_relics":[{"not_picked":["Ectoplasm","Coffee Dripper"],"picked":"Cursed Key"},{"not_picked":["Fusion Hammer","Snecko Eye"],"picked":"Busted Crown"}],"items_purged_floors":[38],"is_endless":false,"potions_floor_spawned":[1,5,11,18,21,23,36,41],"ascension_level":3}