{"gold_per_floor":[111,111,111,29,40,74,6,35,35,35,54,87,87,87,87,87],"floor_reached":16,"playtime":319,"items_purged":[],"score":240,"play_id":"ca226066-c451-4521-9182-e3bbc12ce69a","local_time":"20181023123028","is_ascension_mode":true,"campfire_choices":[{"floor":10,"key":"REST"},{"floor":15,"key":"REST"}],"neow_cost":"NONE","seed_source_timestamp":1103814392846009,"circlet_count":0,"master_deck":["Strike_R","Strike_R","Strike_R","Strike_R","Strike_R","Defend_R+1","Defend_R+1","Defend_R+1","Bash","AscendersBane","Flex","Hemokinesis","Flame Barrier","Bloodletting","Thunderclap","Seeing Red+1","Shrug It Off","Inflame","Ghostly Armor","Offering","Finesse"],"relics":["Burning Blood","NeowsBlessing","Prayer Wheel","Juzu Bracelet","Blood Vial","The Courier","War Paint"],"potions_floor_usage":[8,12,16],"damage_taken":[{"damage":0,"enemies":"Small Slimes","floor":1,"turns":1},{"damage":0,"enemies":"2 Louse","floor":5,"turns":1},{"damage":0,"enemies":"Lagavulin","floor":6,"turns":1},{"damage":33,"enemies":"Gremlin Nob","floor":8,"turns":4},{"damage":10,"enemies":"Jaw Worm","floor":11,"turns":3},{"damage":21,"enemies":"3 Sentries","floor":12,"turns":9},{"damage":51,"enemies":"Slime Boss","floor":16,"turns":7}],"seed_played":"1818704890738646852","potions_obtained":[{"floor":6,"key":"Strength Potion"},{"floor":8,"key":"Poison Potion"},{"floor":11,"key":"FearPotion"}],"is_trial":false,"path_per_floor":["M","?","?","$","M","E","$","E","T","R","M","E","?","?","R"],"character_chosen":"IRONCLAD","items_purchased":["Hemokinesis","Seeing Red"],"campfire_rested":2,"item_purchase_floors":[4,7],"current_hp_per_floor":[74,56,49,49,55,61,61,34,34,56,54,41,26,26,48,0],"gold":87,"neow_bonus":"THREE_ENEMY_KILL","is_prod":false,"is_daily":false,"chose_seed":false,"campfire_upgraded":0,"win_rate":0,"timestamp":1540323028,"path_taken":["M","?","?","?","M","E","$","E","T","R","M","E","?","?","R","BOSS"],"build_version":"2018-10-18","purchased_purges":0,"victory":false,"max_hp_per_floor":[75,75,75,75,75,75,75,75,75,75,75,75,75,75,75,75],"card_choices":[{"not_picked":["Intimidate","Sentinel"],"picked":"Flex","floor":1},{"not_picked":["Clash","Sword Boomerang"],"picked":"Flame Barrier","floor":5},{"not_picked":["Headbutt","Pummel"],"picked":"Bloodletting","floor":5},{"not_picked":["Rupture","Dual Wield"],"picked":"Thunderclap","floor":6},{"not_picked":["Perfected Strike","Cleave"],"picked":"Shrug It Off","floor":8},{"not_picked":["Clash","Carnage"],"picked":"Inflame","floor":11},{"not_picked":["Havoc","Reckless Charge"],"picked":"Ghostly Armor","floor":11},{"not_picked":["Inflame","Pommel Strike"],"picked":"Offering","floor":12}],"player_experience":621802,"relics_obtained":[{"floor":6,"key":"Juzu Bracelet"},{"floor":8,"key":"Blood Vial"},{"floor":9,"key":"The Courier"},{"floor":12,"key":"War Paint"}],"event_choices":[{"damage_healed":0,"gold_gain":0,"player_choice":"Success","damage_taken":18,"relics_obtained":["Prayer Wheel"],"max_hp_gain":0,"max_hp_loss":0,"event_name":"Scrap Ooze","floor":2,"gold_loss":0},{"cards_removed":["Defend_R"],"damage_healed":0,"gold_gain":0,"player_choice":"Card Removal","damage_taken":7,"max_hp_gain":0,"max_hp_loss":0,"event_name":"Golden Wing","floor":3,"gold_loss":0},{"damage_healed":0,"gold_gain":0,"player_choice":"Entered Light","damage_taken":15,"max_hp_gain":0,"max_hp_loss":0,"event_name":"Shining Light","floor":13,"gold_loss":0,"cards_upgraded":["Defend_R","Defend_R"]},{"damage_healed":0,"gold_gain":0,"player_choice":"1 cards matched","damage_taken":0,"max_hp_gain":0,"max_hp_loss":0,"event_name":"Match and Keep!","floor":14,"gold_loss":0,"cards_obtained":["Finesse"]}],"is_beta":false,"boss_relics":[],"items_purged_floors":[],"is_endless":false,"potions_floor_spawned":[6,8,11],"killed_by":"Slime Boss","ascension_level":14}