{"gold_per_floor":[116,116,128,53,77,77,104,164,213,227,240,259,276,333,333,434,434,404,404,404,329,329,329,329,329,329,329,329,329,329,329,329,329,329,329,142,142,73,73,73],"floor_reached":40,"playtime":2870,"items_purged":["Strike_R","Defend_R"],"score":511,"play_id":"67890e20-1cc8-45d4-b4cb-f8a9cbe8b981","local_time":"20190412123237","is_ascension_mode":false,"campfire_choices":[{"data":"Heavy Blade","floor":6.0,"key":"SMITH"},{"data":"Headbutt","floor":15.0,"key":"SMITH"},{"data":"Defend_R","floor":29,"key":"SMITH"},{"data":"Defend_R","floor":32,"key":"SMITH"}],"neow_cost":"NONE","seed_source_timestamp":0,"circlet_count":0,"master_deck":["Defend_R+1","Defend_R+1","Defend_R","Bash+1","Headbutt+1","Iron Wave+1","Iron Wave+1","Thunderclap+1","Reaper+1","Blood for Blood+1","Immolate+1","Bite+1","Bite+1","Bite+1","Bite+1","Bite+1","Iron Wave+1","Shrug It Off+1","Barricade","Iron Wave+1","Enlightenment","Evolve"],"special_seed":0,"relics":["Burning Blood","NeowsBlessing","Regal Pillow","Bottled Lightning","Molten Egg 2","Vajra","Tiny Chest","Ectoplasm","Bag of Marbles","Question Card","Lantern","Mummified Hand","Sozu"],"potions_floor_usage":[33,33,33,40],"damage_taken":[{"damage":0.0,"enemies":"Cultist","floor":1.0,"turns":1.0},{"damage":0.0,"enemies":"2 Louse","floor":3.0,"turns":1.0},{"damage":0.0,"enemies":"Lagavulin","floor":7.0,"turns":1.0},{"damage":26.0,"enemies":"3 Sentries","floor":8.0,"turns":7.0},{"damage":1.0,"enemies":"Jaw Worm","floor":10.0,"turns":3.0},{"damage":2.0,"enemies":"Large Slime","floor":11.0,"turns":4.0},{"damage":0.0,"enemies":"2 Fungi Beasts","floor":12.0,"turns":3.0},{"damage":4.0,"enemies":"Blue Slaver","floor":13.0,"turns":3.0},{"damage":18.0,"enemies":"Gremlin Nob","floor":14.0,"turns":4.0},{"damage":51.0,"enemies":"The Guardian","floor":16.0,"turns":9.0},{"damage":3,"enemies":"2 Thieves","floor":18,"turns":2},{"damage":6,"enemies":"3 Byrds","floor":20,"turns":3},{"damage":0,"enemies":"Cultist and Chosen","floor":22,"turns":3},{"damage":28,"enemies":"Book of Stabbing","floor":23,"turns":5},{"damage":0,"enemies":"Snake Plant","floor":24,"turns":3},{"damage":27,"enemies":"Slavers","floor":25,"turns":4},{"damage":14,"enemies":"Shelled Parasite and Fungi","floor":30,"turns":3},{"damage":35,"enemies":"Collector","floor":33,"turns":8},{"damage":0,"enemies":"Orb Walker","floor":35,"turns":2},{"damage":0,"enemies":"3 Darklings","floor":39,"turns":2},{"damage":87,"enemies":"Giant Head","floor":40,"turns":9}],"seed_played":"8990111748078360027","potions_obtained":[{"floor":3.0,"key":"SteroidPotion"},{"floor":7.0,"key":"Swift Potion"},{"floor":8.0,"key":"GamblersBrew"},{"floor":12.0,"key":"Energy Potion"},{"floor":25,"key":"SkillPotion"},{"floor":33,"key":"PowerPotion"}],"is_trial":false,"path_per_floor":["M","?","M","$","T","R","E","?","T","M","M","M","M","E","R","B",null,"M","?","M","?","M","E","M","E","T","?","?","R","M","T","R","B",null,"M","$","?","$","M","E"],"character_chosen":"IRONCLAD","items_purchased":["Enlightenment","Evolve"],"campfire_rested":0,"item_purchase_floors":[36,38],"current_hp_per_floor":[80,80,80,80,80,80,80,60,60,65,69,75,77,65,65,29,80,80,56,56,56,56,40,55,44,44,35,55,55,53,53,53,47,61,61,61,61,61,61,0],"gold":73,"neow_bonus":"THREE_ENEMY_KILL","is_prod":false,"is_daily":false,"chose_seed":false,"campfire_upgraded":4,"win_rate":0.0,"timestamp":1555097557,"path_taken":["M","?","?","$","?","R","E","?","T","M","M","M","M","E","R","BOSS","M","?","M","?","M","E","M","E","T","?","?","R","?","?","R","BOSS","M","$","?","?","M","E"],"build_version":"2019-01-23","purchased_purges":2,"victory":false,"max_hp_per_floor":[80,80,80,80,80,80,80,80,80,80,80,80,80,80,80,80,80,80,56,56,56,56,56,56,56,56,61,61,61,61,61,61,61,61,61,61,61,61,61,61],"card_choices":[{"not_picked":["Flex","Sword Boomerang"],"picked":"Heavy Blade","floor":1.0},{"not_picked":["Heavy Blade","Cleave"],"picked":"Headbutt","floor":3.0},{"not_picked":["Twin Strike","Fiend Fire","Carnage"],"picked":"SKIP","floor":7.0},{"not_picked":["Body Slam","Battle Trance"],"picked":"Iron Wave","floor":8.0},{"not_picked":["Flex","Ghostly Armor"],"picked":"Iron Wave+1","floor":10.0},{"not_picked":["Twin Strike+1","Whirlwind+1"],"picked":"Thunderclap+1","floor":11.0},{"not_picked":["Iron Wave+1","True Grit"],"picked":"Reaper+1","floor":12.0},{"not_picked":["Clash+1","Twin Strike+1"],"picked":"Blood for Blood+1","floor":13.0},{"not_picked":["Offering","Power Through","Clothesline+1"],"picked":"SKIP","floor":14.0},{"not_picked":["Reaper+1","Limit Break"],"picked":"Immolate+1","floor":16.0},{"not_picked":["Cleave+1","Flex+1","Spot Weakness+1"],"picked":"SKIP","floor":18},{"not_picked":["Warcry","Havoc"],"picked":"Iron Wave+1","floor":20},{"not_picked":["Wild Strike+1","Power Through+1","Perfected Strike+1"],"picked":"SKIP","floor":22},{"not_picked":["Carnage+1","Anger+1"],"picked":"Shrug It Off+1","floor":23},{"not_picked":["Cleave+1","Entrench","Sword Boomerang+1"],"picked":"SKIP","floor":24},{"not_picked":["Carnage+1","Wild Strike+1","Hemokinesis+1"],"picked":"SKIP","floor":25},{"not_picked":["Body Slam+1","Infernal Blade+1","Sever Soul+1","Berserk"],"picked":"SKIP","floor":30},{"not_picked":["Offering","Double Tap","Impervious"],"picked":"Barricade","floor":33},{"not_picked":["True Grit","Clothesline+1","Pommel Strike+1"],"picked":"Iron Wave+1","floor":35},{"not_picked":["Clash+1","Corruption+1","Spot Weakness","Perfected Strike+1"],"picked":"SKIP","floor":39}],"player_experience":62835,"relics_obtained":[{"floor":5.0,"key":"Regal Pillow"},{"floor":7.0,"key":"Bottled Lightning"},{"floor":8.0,"key":"Molten Egg 2"},{"floor":9.0,"key":"Vajra"},{"floor":14.0,"key":"Tiny Chest"},{"floor":23,"key":"Bag of Marbles"},{"floor":25,"key":"Question Card"},{"floor":26,"key":"Lantern"},{"floor":31,"key":"Mummified Hand"}],"event_choices":[{"damage_healed":0.0,"max_hp_gain":0.0,"max_hp_loss":0.0,"gold_gain":0.0,"event_name":"Upgrade Shrine","player_choice":"Upgraded","floor":2.0,"gold_loss":0.0,"damage_taken":0.0,"cards_upgraded":["Bash"]},{"damage_healed":0.0,"max_hp_gain":0.0,"max_hp_loss":0.0,"gold_gain":30.0,"event_name":"Dead Adventurer","player_choice":"Searched \u00273\u0027 times","floor":8.0,"gold_loss":0.0,"damage_taken":0.0},{"damage_healed":0,"gold_gain":0,"player_choice":"Became a vampire","damage_taken":0,"max_hp_gain":0,"max_hp_loss":24,"event_name":"Vampires","floor":19,"gold_loss":0,"cards_obtained":["Bite","Bite","Bite","Bite","Bite"]},{"cards_removed":["Heavy Blade"],"damage_healed":0,"gold_gain":0,"player_choice":"Gave Gold","damage_taken":0,"max_hp_gain":0,"max_hp_loss":0,"event_name":"Beggar","floor":21,"gold_loss":75},{"damage_healed":0,"gold_gain":0,"player_choice":"Shed Blood","damage_taken":14,"max_hp_gain":5,"max_hp_loss":0,"event_name":"Forgotten Altar","floor":27,"gold_loss":0},{"damage_healed":20,"gold_gain":0,"player_choice":"Heal","damage_taken":0,"max_hp_gain":0,"max_hp_loss":0,"event_name":"The Library","floor":28,"gold_loss":0},{"damage_healed":0,"gold_gain":0,"player_choice":"Got Potions","damage_taken":0,"max_hp_gain":0,"max_hp_loss":0,"event_name":"Lab","floor":37,"gold_loss":0}],"is_beta":false,"boss_relics":[{"not_picked":["Runic Pyramid","Coffee Dripper"],"picked":"Ectoplasm"},{"not_picked":["Runic Cube","Tiny House"],"picked":"Sozu"}],"items_purged_floors":[4,36],"is_endless":false,"potions_floor_spawned":[3,7,8,12,13,18,25,33,39],"killed_by":"Giant Head","ascension_level":0}