{"gold_per_floor":[112,112,131,24,36,36,70,81,108,135,153,153,78,93,93,219,219,244,29,47,0,0,0],"floor_reached":23,"playtime":527,"items_purged":[],"score":221,"play_id":"0ce035b5-1abc-4a52-90a5-7f09edbd4b27","local_time":"20181014042736","is_ascension_mode":true,"campfire_choices":[{"data":"Storm","floor":6,"key":"SMITH"},{"floor":15,"key":"REST"}],"neow_cost":"NONE","seed_source_timestamp":297034611712132,"circlet_count":0,"master_deck":["Strike_B","Strike_B","Strike_B","Strike_B","Defend_B","Defend_B","Defend_B","Zap","Static Discharge","Rebound","Buffer","Cold Snap","Defragment","Melter","Storm+1","Beam Cell","Glacier","Loop","Coolheaded","Defragment","BootSequence","Reinforced Body","Machine Learning","Beam Cell+1","Self Repair","Echo Form","J.A.X."],"relics":["Cracked Core","Dream Catcher","Omamori","Vajra","Golden Idol","Black Star","Orichalcum"],"potions_floor_usage":[8,11],"damage_taken":[{"damage":14,"enemies":"Small Slimes","floor":1,"turns":2},{"damage":6,"enemies":"Cultist","floor":3,"turns":3},{"damage":0,"enemies":"Jaw Worm","floor":5,"turns":3},{"damage":3,"enemies":"Gremlin Nob","floor":7,"turns":4},{"damage":13,"enemies":"Exordium Thugs","floor":8,"turns":3},{"damage":9,"enemies":"Lagavulin","floor":10,"turns":6},{"damage":0,"enemies":"Lots of Slimes","floor":11,"turns":2},{"damage":10,"enemies":"Exordium Wildlife","floor":14,"turns":3},{"damage":14,"enemies":"Hexaghost","floor":16,"turns":8},{"damage":28,"enemies":"Shell Parasite","floor":18,"turns":4},{"damage":14,"enemies":"Spheric Guardian","floor":20,"turns":4},{"damage":35,"enemies":"Book of Stabbing","floor":23,"turns":5}],"seed_played":"-5886682605141311639","potions_obtained":[{"floor":1,"key":"Fire Potion"},{"floor":8,"key":"Explosive Potion"},{"floor":10,"key":"Ancient Potion"},{"floor":18,"key":"Strength Potion"}],"is_trial":false,"path_per_floor":["M","?","M","$","M","R","E","M","T","E","M","?","$","M","R","B",null,"M","$","M","?","?"],"character_chosen":"DEFECT","items_purchased":["Defragment","Melter","Defragment","Orichalcum","Self Repair"],"campfire_rested":1,"item_purchase_floors":[4,4,13,19,19],"current_hp_per_floor":[61,61,55,55,55,55,52,39,39,30,30,30,30,20,40,26,69,41,41,34,34,34,0],"gold":0,"neow_bonus":"TRANSFORM_CARD","is_prod":false,"is_daily":false,"chose_seed":false,"campfire_upgraded":1,"win_rate":0,"timestamp":1539516456,"path_taken":["M","?","M","?","?","R","E","M","T","E","M","?","$","M","R","BOSS","M","$","M","?","?","E"],"build_version":"2018-10-11","purchased_purges":0,"victory":false,"max_hp_per_floor":[75,75,75,75,75,75,75,75,75,75,75,69,69,69,69,69,69,69,69,69,69,69,69],"card_choices":[{"not_picked":["Chill","Stack"],"picked":"Rebound","floor":1},{"not_picked":["Turbo","Chill"],"picked":"Cold Snap","floor":3},{"not_picked":["Go for the Eyes","Capacitor"],"picked":"Storm","floor":5},{"not_picked":["Rebound","Go for the Eyes"],"picked":"Beam Cell","floor":7},{"not_picked":["Conserve Battery","Undo"],"picked":"Glacier","floor":8},{"not_picked":["Coolheaded","Machine Learning"],"picked":"Loop","floor":10},{"not_picked":["Recycle","Gash"],"picked":"Coolheaded","floor":11},{"not_picked":["Rebound","Cold Snap"],"picked":"BootSequence","floor":14},{"not_picked":["Leap","Sweeping Beam"],"picked":"Reinforced Body","floor":15},{"not_picked":["Amplify","Seek"],"picked":"Machine Learning","floor":16},{"not_picked":["Go for the Eyes","Turbo+1"],"picked":"Beam Cell+1","floor":18},{"not_picked":["Leap","Auto Shields"],"picked":"Echo Form","floor":20}],"player_experience":493518,"relics_obtained":[{"floor":7,"key":"Dream Catcher"},{"floor":9,"key":"Omamori"},{"floor":10,"key":"Vajra"}],"event_choices":[{"event_name":"Transmorgrifier","player_choice":"Transform","floor":2,"damage_taken":0},{"event_name":"Golden Idol","player_choice":"Lose Max HP","floor":12,"damage_taken":0},{"event_name":"Masked Bandits","player_choice":"Paid Fearfully","floor":21,"damage_taken":0},{"event_name":"Drug Dealer","player_choice":"Got JAX","floor":22,"damage_taken":0}],"is_beta":false,"boss_relics":[{"not_picked":["Orrery","Sozu"],"picked":"Black Star"}],"items_purged_floors":[],"is_endless":false,"potions_floor_spawned":[1,8,10,18],"killed_by":"Book of Stabbing","ascension_level":2}