{"gold_per_floor":[110,110,20,20,40,40,75,75,154,329,350,390,390,434,434,565,628,644,594,614,614],"floor_reached":21,"playtime":546,"items_purged":[],"score":215,"play_id":"cde4e830-3f59-4277-9d55-dffb6075eb58","local_time":"20181014134736","is_ascension_mode":true,"campfire_choices":[{"data":"Redo","floor":6,"key":"SMITH"},{"data":"Melter","floor":8,"key":"SMITH"},{"data":"Beam Cell","floor":15,"key":"SMITH"}],"neow_cost":"","seed_source_timestamp":330614179147915,"circlet_count":0,"master_deck":["Strike_B","Strike_B","Strike_B+1","Strike_B+1","Defend_B","Defend_B","Defend_B+1","Defend_B","Zap","Dualcast","Sweeping Beam","BootSequence","Redo+1","Beam Cell+1","Melter+1","Doubt","Gash","Coolheaded","Parasite","Core Surge","Machine Learning","Beam Cell","Rebound","Beam Cell"],"relics":["Cracked Core","Golden Idol","Blood Vial","Pear","Sundial","Singing Bowl","Tiny House"],"potions_floor_usage":[12,16,17,18,20],"damage_taken":[{"damage":7,"enemies":"Small Slimes","floor":1,"turns":3},{"damage":2,"enemies":"2 Louse","floor":5,"turns":3},{"damage":13,"enemies":"3 Sentries","floor":7,"turns":6},{"damage":0,"enemies":"Jaw Worm","floor":11,"turns":2},{"damage":14,"enemies":"Gremlin Nob","floor":12,"turns":3},{"damage":9,"enemies":"3 Sentries","floor":14,"turns":6},{"damage":24,"enemies":"Slime Boss","floor":16,"turns":7},{"damage":25,"enemies":"3 Byrds","floor":18,"turns":5},{"damage":30,"enemies":"Shell Parasite","floor":20,"turns":5},{"damage":43,"enemies":"Snake Plant","floor":21,"turns":4}],"seed_played":"8329409976477960974","potions_obtained":[{"floor":7,"key":"FearPotion"},{"floor":14,"key":"Fire Potion"},{"floor":16,"key":"PowerPotion"},{"floor":17,"key":"Fruit Juice"},{"floor":18,"key":"Swift Potion"}],"is_trial":false,"path_per_floor":["M","?","$","?","M","R","E","R","T","?","M","E","?","E","R","B",null,"M","?","M"],"character_chosen":"DEFECT","items_purchased":["BootSequence","Redo"],"campfire_rested":0,"item_purchase_floors":[3,3],"current_hp_per_floor":[68,68,68,54,52,52,39,39,49,49,51,39,58,51,51,29,89,64,64,36,0],"gold":614,"neow_bonus":"","is_prod":false,"is_daily":false,"chose_seed":false,"campfire_upgraded":3,"win_rate":0,"timestamp":1539550056,"path_taken":["M","?","$","?","M","R","E","R","T","?","?","E","?","E","R","BOSS","M","?","?","M"],"build_version":"2018-10-11","purchased_purges":0,"victory":false,"max_hp_per_floor":[75,69,69,69,69,69,69,69,79,79,79,79,79,79,79,79,89,89,89,89,89],"card_choices":[{"not_picked":["Turbo","Barrage"],"picked":"Sweeping Beam","floor":1},{"not_picked":["Leap","Stack"],"picked":"Beam Cell","floor":5},{"not_picked":["Hologram","Glacier"],"picked":"Melter","floor":7},{"not_picked":["Blizzard","Meteor Strike"],"picked":"Gash","floor":11},{"not_picked":["Compile Driver","Storm"],"picked":"Coolheaded","floor":12},{"not_picked":["Reprogram","Steam"],"picked":"Core Surge","floor":14},{"not_picked":["Meteor Strike","Core Surge"],"picked":"Machine Learning","floor":16},{"not_picked":["Turbo","Barrage"],"picked":"Beam Cell","floor":17},{"not_picked":["Coolheaded","Barrage"],"picked":"Rebound","floor":18},{"not_picked":["Blizzard","Capacitor"],"picked":"Beam Cell","floor":20}],"player_experience":497353,"relics_obtained":[{"floor":7,"key":"Blood Vial"},{"floor":9,"key":"Pear"},{"floor":12,"key":"Sundial"},{"floor":14,"key":"Singing Bowl"}],"event_choices":[{"event_name":"Golden Idol","player_choice":"Lose Max HP","floor":2,"damage_taken":0},{"event_name":"Shining Light","player_choice":"Entered Light","floor":4,"damage_taken":0},{"event_name":"Liars Game","player_choice":"agreed","floor":10,"damage_taken":0},{"event_name":"Mushrooms","player_choice":"Healed and dodged fight","floor":13,"damage_taken":0},{"event_name":"The Joust","player_choice":"Bet on Murderer","floor":19,"damage_taken":0}],"is_beta":false,"boss_relics":[{"not_picked":["Philosopher\u0027s Stone","Runic Dome"],"picked":"Tiny House"}],"items_purged_floors":[],"is_endless":false,"potions_floor_spawned":[7,14,16,18],"killed_by":"Snake Plant","ascension_level":2}