{"gold_per_floor":[113,113,113,87,99,134,145,172,172,172,83,95,95,105,105,105],"floor_reached":16,"playtime":441,"items_purged":[],"score":187,"play_id":"b03a9c26-a110-4d48-8e11-3dd268738797","local_time":"20181020134549","is_ascension_mode":true,"campfire_choices":[{"data":"Infernal Blade","floor":10,"key":"SMITH"},{"floor":15,"key":"REST"}],"neow_cost":"NONE","seed_source_timestamp":849013576656831,"circlet_count":0,"master_deck":["Strike_R","Strike_R","Strike_R","Strike_R","Strike_R","Defend_R","Defend_R","Defend_R","Defend_R","Bash","AscendersBane","Juggernaut","Flame Barrier","Sword Boomerang","Infernal Blade+1","Rage","Twin Strike","Juggernaut","Hemokinesis","Shrug It Off","Body Slam","Ghostly Armor"],"relics":["Burning Blood","Gremlin Horn","Bottled Lightning","Matryoshka"],"potions_floor_usage":[8,14,16],"damage_taken":[{"damage":10,"enemies":"2 Louse","floor":1,"turns":2},{"damage":0,"enemies":"Cultist","floor":5,"turns":4},{"damage":35,"enemies":"Lagavulin","floor":6,"turns":6},{"damage":7,"enemies":"Jaw Worm","floor":7,"turns":3},{"damage":12,"enemies":"3 Sentries","floor":8,"turns":7},{"damage":8,"enemies":"Blue Slaver","floor":12,"turns":4},{"damage":3,"enemies":"Exordium Wildlife","floor":14,"turns":5},{"damage":64,"enemies":"Hexaghost","floor":16,"turns":9}],"seed_played":"-3789222476282706283","potions_obtained":[{"floor":1,"key":"PowerPotion"},{"floor":12,"key":"Poison Potion"},{"floor":14,"key":"SpeedPotion"}],"is_trial":false,"path_per_floor":["M","?","?","$","M","E","M","E","T","R","$","M","$","M","R"],"character_chosen":"IRONCLAD","items_purchased":["Sword Boomerang","Hemokinesis","Shrug It Off"],"campfire_rested":1,"item_purchase_floors":[4,11,11],"current_hp_per_floor":[64,64,75,75,75,46,45,39,39,39,39,37,37,40,62,0],"gold":105,"neow_bonus":"ONE_RANDOM_RARE_CARD","is_prod":false,"is_daily":false,"chose_seed":false,"campfire_upgraded":1,"win_rate":0,"timestamp":1540068349,"path_taken":["M","?","?","?","M","E","M","E","T","R","?","?","$","M","R","BOSS"],"build_version":"2018-10-18","purchased_purges":0,"victory":false,"max_hp_per_floor":[75,75,75,75,75,75,75,75,75,75,75,75,75,75,75,75],"card_choices":[{"not_picked":["Flex","Cleave"],"picked":"Flame Barrier","floor":1},{"not_picked":["Pommel Strike","Clothesline"],"picked":"Infernal Blade","floor":5},{"not_picked":["Headbutt","Pummel"],"picked":"Rage","floor":6},{"not_picked":["Sword Boomerang","True Grit"],"picked":"Twin Strike","floor":7},{"not_picked":["Body Slam","Disarm"],"picked":"Juggernaut","floor":8},{"not_picked":["Havoc","Sword Boomerang"],"picked":"Body Slam","floor":12},{"not_picked":["Inflame","Pommel Strike"],"picked":"Ghostly Armor","floor":14}],"player_experience":570826,"relics_obtained":[{"floor":6,"key":"Gremlin Horn"},{"floor":8,"key":"Bottled Lightning"},{"floor":9,"key":"Matryoshka"}],"event_choices":[{"damage_healed":0,"gold_gain":0,"player_choice":"Ignored","damage_taken":0,"max_hp_gain":0,"max_hp_loss":0,"event_name":"Golden Wing","floor":2,"gold_loss":0},{"damage_healed":11,"gold_gain":0,"player_choice":"Full Heal","damage_taken":0,"max_hp_gain":0,"max_hp_loss":0,"event_name":"Wheel of Change","floor":3,"gold_loss":0}],"is_beta":false,"boss_relics":[],"items_purged_floors":[],"is_endless":false,"potions_floor_spawned":[1,12,14],"killed_by":"Hexaghost","ascension_level":14}