{"gold_per_floor":[118,14,14,32,32,32,66,76,76,91,91,48,48,48,48,122,122,141,141,156,167,178,203,203,235,235,285,285,31,58,76,76,150,150,162,181,181,198,27,27,46,46,46,46,46,64,64,74,74,74],"floor_reached":51,"playtime":4010,"items_purged":["Shame","Decay"],"score":1224,"play_id":"a359b90f-218b-433e-a44d-592852124da8","local_time":"20190317214919","is_ascension_mode":true,"campfire_choices":[{"data":"True Grit","floor":6,"key":"SMITH"},{"floor":11,"key":"REST"},{"data":"Spot Weakness","floor":13,"key":"SMITH"},{"floor":15,"key":"REST"},{"data":"Limit Break","floor":24,"key":"SMITH"},{"floor":28,"key":"REST"},{"floor":32,"key":"REST"},{"data":"Demon Form","floor":40,"key":"SMITH"},{"data":"Metallicize","floor":42,"key":"SMITH"},{"data":"Reaper","floor":45,"key":"SMITH"},{"floor":47,"key":"REST"},{"floor":49,"key":"REST"}],"neow_cost":"NONE","seed_source_timestamp":1144746180107361,"circlet_count":0,"master_deck":["AscendersBane","Strike_R","Strike_R","Strike_R","Defend_R","Defend_R","Defend_R","Defend_R+1","Bash","Bludgeon","Clothesline","Metallicize+1","Shrug It Off+1","True Grit+1","Spot Weakness+1","Limit Break+1","Disarm","Clothesline","Limit Break","Flame Barrier+1","Pummel","Reaper+1","Spot Weakness","Demon Form+1","Headbutt","Feel No Pain+1","Metallicize+1","Twin Strike","Writhe","Heavy Blade","Parasite","Corruption+1"],"relics":["Burning Blood","Blue Candle","Self Forming Clay","Dead Branch","Cursed Key","The Courier","Gambling Chip","Kunai","Strawberry","War Paint","Busted Crown","Frozen Egg 2","Letter Opener"],"potions_floor_usage":[7,16,20,23,25,33,33,38,46,46],"damage_taken":[{"damage":3,"enemies":"2 Louse","floor":1,"turns":3},{"damage":9,"enemies":"Jaw Worm","floor":4,"turns":2},{"damage":37,"enemies":"3 Sentries","floor":7,"turns":8},{"damage":7,"enemies":"Cultist","floor":8,"turns":4},{"damage":4,"enemies":"2 Fungi Beasts","floor":10,"turns":4},{"damage":53,"enemies":"Slime Boss","floor":16,"turns":15},{"damage":8,"enemies":"Shell Parasite","floor":18,"turns":5},{"damage":18,"enemies":"Spheric Guardian","floor":20,"turns":5},{"damage":0,"enemies":"Centurion and Healer","floor":21,"turns":7},{"damage":12,"enemies":"3 Cultists","floor":22,"turns":6},{"damage":4,"enemies":"Gremlin Leader","floor":23,"turns":4},{"damage":15,"enemies":"Book of Stabbing","floor":25,"turns":6},{"damage":46,"enemies":"Gremlin Leader","floor":30,"turns":7},{"damage":9,"enemies":"Snake Plant","floor":31,"turns":4},{"damage":28,"enemies":"Champ","floor":33,"turns":6},{"damage":33,"enemies":"3 Darklings","floor":35,"turns":6},{"damage":16,"enemies":"3 Shapes","floor":36,"turns":4},{"damage":17,"enemies":"Writhing Mass","floor":38,"turns":4},{"damage":40,"enemies":"3 Darklings","floor":41,"turns":6},{"damage":40,"enemies":"Transient","floor":46,"turns":5},{"damage":32,"enemies":"Writhing Mass","floor":48,"turns":6},{"damage":75,"enemies":"Donu and Deca","floor":50,"turns":6}],"seed_played":"1069376604016723386","potions_obtained":[{"floor":4,"key":"PowerPotion"},{"floor":10,"key":"GamblersBrew"},{"floor":16,"key":"EssenceOfSteel"},{"floor":22,"key":"SteroidPotion"},{"floor":23,"key":"EssenceOfSteel"},{"floor":25,"key":"FearPotion"},{"floor":33,"key":"SneckoOil"},{"floor":36,"key":"BloodPotion"},{"floor":41,"key":"SkillPotion"}],"is_trial":false,"path_per_floor":["M","$","?","M","?","R","E","M","T","M","R","$","R","?","R","B",null,"M","?","M","M","M","E","R","E","T","?","R","$","E","M","R","B",null,"M","M","T","M","$","R","M","R","T","?","R","M","R","M","R","B",null],"character_chosen":"IRONCLAD","items_purchased":["Metallicize","Shrug It Off","Spot Weakness","Strawberry","Ancient Potion","Feel No Pain+1","Metallicize+1"],"campfire_rested":6,"item_purchase_floors":[2,2,12,29,29,39,39],"current_hp_per_floor":[71,71,64,61,66,66,35,34,34,36,60,60,60,34,58,11,63,61,61,49,55,49,51,51,42,42,42,66,73,33,30,56,61,81,76,66,66,84,84,84,74,74,74,74,74,40,66,58,84,15],"gold":74,"neow_bonus":"ONE_RANDOM_RARE_CARD","is_prod":false,"is_daily":false,"chose_seed":false,"campfire_upgraded":6,"win_rate":0,"timestamp":1552873759,"path_taken":["M","$","?","M","?","R","E","M","T","M","R","$","R","?","R","BOSS","M","?","M","?","M","E","R","E","T","?","R","$","E","M","R","BOSS","M","M","?","M","$","R","M","R","T","?","R","M","R","M","R","BOSS"],"build_version":"2019-01-23","purchased_purges":2,"victory":true,"max_hp_per_floor":[75,75,75,75,80,80,80,80,80,80,80,80,80,80,80,80,80,80,80,80,80,80,80,80,80,80,80,80,87,87,87,87,87,87,87,87,87,87,87,87,87,87,87,87,87,87,87,87,87,87],"card_choices":[{"not_picked":["Armaments","Heavy Blade"],"picked":"Clothesline","floor":1},{"not_picked":["Havoc","Seeing Red"],"picked":"True Grit","floor":4},{"not_picked":["Fire Breathing","Pummel","Seeing Red"],"picked":"SKIP","floor":7},{"not_picked":["Twin Strike","Bloodletting","Perfected Strike"],"picked":"SKIP","floor":8},{"not_picked":["Searing Blow","Thunderclap","Intimidate"],"picked":"SKIP","floor":10},{"not_picked":["Demon Form","Dark Embrace"],"picked":"Limit Break","floor":16},{"not_picked":["Searing Blow","Heavy Blade"],"picked":"Disarm","floor":18},{"not_picked":["Sentinel","Combust","Second Wind"],"picked":"SKIP","floor":20},{"not_picked":["Havoc+1","Clash"],"picked":"Clothesline","floor":21},{"not_picked":["Evolve","Wild Strike"],"picked":"Limit Break","floor":22},{"not_picked":["Ghostly Armor","True Grit"],"picked":"Flame Barrier","floor":23},{"not_picked":["Shrug It Off","Clothesline+1"],"picked":"Pummel","floor":25},{"not_picked":["Shrug It Off","Havoc+1"],"picked":"Reaper","floor":30},{"not_picked":["Clothesline+1","Warcry"],"picked":"Spot Weakness","floor":31},{"not_picked":["Offering","Juggernaut"],"picked":"Demon Form","floor":33},{"not_picked":[],"picked":"Headbutt","floor":35},{"not_picked":["Evolve"],"picked":"SKIP","floor":36},{"not_picked":["Clash"],"picked":"SKIP","floor":38},{"not_picked":[],"picked":"Twin Strike","floor":41},{"not_picked":[],"picked":"Heavy Blade","floor":46},{"not_picked":[],"picked":"Corruption+1","floor":48}],"player_experience":320838,"relics_obtained":[{"floor":7,"key":"Blue Candle"},{"floor":9,"key":"Self Forming Clay"},{"floor":23,"key":"The Courier"},{"floor":25,"key":"Gambling Chip"},{"floor":26,"key":"Kunai"},{"floor":30,"key":"War Paint"},{"floor":37,"key":"Frozen Egg 2"},{"floor":43,"key":"Letter Opener"}],"event_choices":[{"cards_removed":["Strike_R"],"damage_healed":0,"gold_gain":0,"player_choice":"Card Removal","damage_taken":7,"max_hp_gain":0,"max_hp_loss":0,"event_name":"Golden Wing","floor":3,"gold_loss":0},{"damage_healed":0,"gold_gain":0,"player_choice":"Donut","damage_taken":0,"max_hp_gain":5,"max_hp_loss":0,"event_name":"Big Fish","floor":5,"gold_loss":0},{"damage_healed":0,"gold_gain":0,"player_choice":"Success","damage_taken":26,"relics_obtained":["Dead Branch"],"max_hp_gain":0,"max_hp_loss":0,"event_name":"Scrap Ooze","floor":14,"gold_loss":0},{"cards_removed":["Strike_R"],"damage_healed":0,"gold_gain":0,"player_choice":"Offered Basic","damage_taken":0,"max_hp_gain":0,"max_hp_loss":0,"event_name":"Bonfire Elementals","floor":19,"gold_loss":0},{"damage_healed":0,"gold_gain":50,"player_choice":"Pray","damage_taken":0,"max_hp_gain":0,"max_hp_loss":0,"event_name":"Golden Shrine","floor":27,"gold_loss":0},{"damage_healed":0,"gold_gain":0,"player_choice":"Upgraded","damage_taken":0,"max_hp_gain":0,"max_hp_loss":0,"event_name":"Upgrade Shrine","floor":44,"gold_loss":0,"cards_upgraded":["Flame Barrier"]}],"is_beta":false,"boss_relics":[{"not_picked":["White Beast Statue","Orrery"],"picked":"Cursed Key"},{"not_picked":["Black Star","Lizard Tail"],"picked":"Busted Crown"}],"items_purged_floors":[29,39],"is_endless":false,"potions_floor_spawned":[4,10,16,22,23,25,31,33,36,41],"ascension_level":16}