{"gold_per_floor":[112,130,130,130,143,171,171,171,196,6,35,48,48,10,10,109,109,128,128,128,148,148,175,0,335,359,359,117,117,16,16,16,16],"floor_reached":33,"playtime":762,"items_purged":[],"score":373,"play_id":"0e613b75-c3ad-4da4-ae6c-5b681df531e2","local_time":"20181016111906","is_ascension_mode":true,"campfire_choices":[{"floor":7,"key":"REST"},{"floor":13,"key":"REST"},{"data":"All For One","floor":15,"key":"SMITH"},{"floor":27,"key":"REST"},{"data":"Discovery","floor":32,"key":"SMITH"}],"neow_cost":"NONE","seed_source_timestamp":494287825600800,"circlet_count":0,"master_deck":["Strike_B","Strike_B","Strike_B","Defend_B","Defend_B","Defend_B","Zap","Dualcast+1","Ball Lightning","Beam Cell","Fusion","Barrage","FTL","Scrape","Zap","Gash","FTL","Self Repair","Coolheaded","All For One+1","BootSequence","Creative AI","Fusion+1","Writhe","All For One+1","Compile Driver","Beam Cell","Go for the Eyes","White Noise+1","Bandage Up","Discovery+1"],"relics":["Cracked Core","Orichalcum","Blood Vial","Pantograph","Eternal Feather","Art of War","Potion Belt","Old Coin","Strawberry","Anchor","Lantern","FaceOfCleric"],"potions_floor_usage":[12,16,21,25,25,25],"damage_taken":[{"damage":5,"enemies":"2 Louse","floor":1,"turns":3},{"damage":1,"enemies":"Cultist","floor":2,"turns":3},{"damage":7,"enemies":"Jaw Worm","floor":5,"turns":2},{"damage":35,"enemies":"3 Sentries","floor":6,"turns":5},{"damage":29,"enemies":"Lagavulin","floor":11,"turns":4},{"damage":3,"enemies":"Red Slaver","floor":12,"turns":2},{"damage":40,"enemies":"Hexaghost","floor":16,"turns":7},{"damage":15,"enemies":"Spheric Guardian","floor":18,"turns":4},{"damage":2,"enemies":"3 Byrds","floor":21,"turns":5},{"damage":33,"enemies":"Book of Stabbing","floor":23,"turns":4},{"damage":30,"enemies":"Slavers","floor":25,"turns":4},{"damage":90,"enemies":"Automaton","floor":33,"turns":8}],"seed_played":"7485968403750484070","potions_obtained":[{"floor":5,"key":"SpeedPotion"},{"floor":6,"key":"EssenceOfSteel"},{"floor":11,"key":"Poison Potion"},{"floor":12,"key":"EssenceOfSteel"},{"floor":21,"key":"Explosive Potion"},{"floor":23,"key":"LiquidBronze"}],"is_trial":false,"path_per_floor":["M","M","?","?","M","E","R","?","T","$","E","M","R","$","R","B",null,"M","?","?","M","?","E","?","E","T","R","$","T","$","?","R"],"character_chosen":"DEFECT","items_purchased":["Gash","FTL","Self Repair","BootSequence","Bandage Up","Anchor","Discovery"],"campfire_rested":3,"item_purchase_floors":[10,10,10,14,28,28,30],"current_hp_per_floor":[63,62,62,62,55,20,42,42,42,42,22,21,43,43,43,37,66,60,60,60,67,67,36,36,15,22,61,61,61,61,61,79,0],"gold":16,"neow_bonus":"UPGRADE_CARD","is_prod":false,"is_daily":false,"chose_seed":false,"campfire_upgraded":2,"win_rate":0,"timestamp":1539713946,"path_taken":["M","M","?","?","M","E","R","?","T","$","E","M","R","$","R","BOSS","M","?","?","?","?","E","?","E","T","R","$","?","$","?","R","BOSS"],"build_version":"2018-10-11","purchased_purges":0,"victory":false,"max_hp_per_floor":[75,75,75,75,75,75,75,75,75,75,75,75,75,75,75,75,75,75,75,75,75,75,75,75,75,82,82,82,82,82,82,82,82],"card_choices":[{"not_picked":["Double Energy","Reinforced Body"],"picked":"Ball Lightning","floor":1},{"not_picked":["Go for the Eyes","Undo"],"picked":"Beam Cell","floor":2},{"not_picked":["Turbo","Heatsinks"],"picked":"Barrage","floor":5},{"not_picked":["Steam","Compile Driver"],"picked":"FTL","floor":6},{"not_picked":["Consume","Turbo"],"picked":"Coolheaded","floor":11},{"not_picked":["Turbo","Fusion"],"picked":"All For One","floor":12},{"not_picked":["Biased Cognition","Hyperbeam"],"picked":"Creative AI","floor":16},{"not_picked":["Sweeping Beam+1","Rip and Tear"],"picked":"Fusion+1","floor":18},{"not_picked":["Cold Snap","Aggregate"],"picked":"Compile Driver","floor":21},{"not_picked":["Fusion","Steam"],"picked":"Go for the Eyes","floor":23},{"not_picked":["Beam Cell","Heatsinks"],"picked":"White Noise+1","floor":25}],"player_experience":528828,"relics_obtained":[{"floor":6,"key":"Orichalcum"},{"floor":9,"key":"Blood Vial"},{"floor":11,"key":"Pantograph"},{"floor":23,"key":"Potion Belt"},{"floor":25,"key":"Old Coin"},{"floor":26,"key":"Strawberry"},{"floor":29,"key":"Lantern"}],"event_choices":[{"event_name":"Bonfire Elementals","player_choice":"BASIC","floor":3,"damage_taken":0},{"event_name":"Transmorgrifier","player_choice":"Transform","floor":4,"damage_taken":0},{"event_name":"Match and Keep!","player_choice":"2 cards matched","floor":8,"damage_taken":0},{"event_name":"The Mausoleum","player_choice":"Yes","floor":19,"damage_taken":0},{"event_name":"Duplicator","player_choice":"One dupe","floor":20,"damage_taken":0},{"event_name":"The Library","player_choice":"Read","floor":22,"damage_taken":0},{"event_name":"Masked Bandits","player_choice":"Paid Fearfully","floor":24,"damage_taken":0},{"event_name":"FaceTrader","player_choice":"Trade","floor":31,"damage_taken":0}],"is_beta":false,"boss_relics":[{"not_picked":["Velvet Choker","White Beast Statue"],"picked":"Eternal Feather"}],"items_purged_floors":[],"is_endless":false,"potions_floor_spawned":[5,6,11,12,21,23],"killed_by":"Automaton","ascension_level":6}