{"gold_per_floor":[112,387,406,160,160,186,5,35,35,48,13,13,24,49,49,121,121,131,148,167,180,80,80],"floor_reached":23,"playtime":839,"items_purged":["Regret","Regret"],"score":369,"play_id":"818a49bf-3e56-4399-9a3f-af8ea3d25c8c","local_time":"20181024194749","is_ascension_mode":true,"campfire_choices":[{"data":"Inflame","floor":12,"key":"SMITH"},{"data":"Limit Break","floor":15,"key":"SMITH"}],"neow_cost":"NONE","seed_source_timestamp":1215931229110736,"circlet_count":0,"master_deck":["Strike_R","Strike_R","Strike_R","Strike_R","Strike_R","Defend_R","Defend_R","Defend_R","Bash","AscendersBane","Body Slam","Pommel Strike","Inflame","Rampage","Havoc","Inflame+1","Evolve","Reaper","Cleave","Limit Break+1","Spot Weakness","Demon Form","True Grit+1","Clash","Pummel+1","Havoc","Clash","Warcry"],"relics":["Burning Blood","Mummified Hand","Unceasing Top","Letter Opener","Mercury Hourglass","Bronze Scales","Lizard Tail"],"potions_floor_usage":[6,8,16,16,20],"damage_taken":[{"damage":0,"enemies":"Small Slimes","floor":1,"turns":3},{"damage":3,"enemies":"Cultist","floor":3,"turns":3},{"damage":8,"enemies":"Gremlin Nob","floor":6,"turns":3},{"damage":25,"enemies":"3 Sentries","floor":8,"turns":5},{"damage":7,"enemies":"Jaw Worm","floor":10,"turns":2},{"damage":10,"enemies":"2 Fungi Beasts","floor":13,"turns":3},{"damage":30,"enemies":"Gremlin Nob","floor":14,"turns":4},{"damage":43,"enemies":"Hexaghost","floor":16,"turns":6},{"damage":28,"enemies":"Shell Parasite","floor":18,"turns":4},{"damage":17,"enemies":"3 Byrds","floor":19,"turns":3},{"damage":29,"enemies":"Centurion and Healer","floor":20,"turns":7},{"damage":48,"enemies":"Snake Plant","floor":21,"turns":3},{"damage":71,"enemies":"Book of Stabbing","floor":23,"turns":4}],"seed_played":"4910482421568048414","potions_obtained":[{"floor":3,"key":"Energy Potion"},{"floor":6,"key":"FearPotion"},{"floor":10,"key":"Strength Potion"},{"floor":19,"key":"Regen Potion"},{"floor":21,"key":"Fire Potion"}],"is_trial":false,"path_per_floor":["M","?","M","$","?","E","$","E","T","M","?","R","M","E","R","B",null,"M","M","M","M","$"],"character_chosen":"IRONCLAD","items_purchased":["Rampage","Havoc","AttackPotion","Evolve","Clash","Warcry"],"campfire_rested":0,"item_purchase_floors":[4,4,4,7,22,22],"current_hp_per_floor":[74,74,75,75,75,73,73,54,54,56,74,74,71,47,47,26,63,48,37,44,56,56,0],"gold":80,"neow_bonus":"TRANSFORM_CARD","is_prod":false,"is_daily":false,"chose_seed":false,"campfire_upgraded":2,"win_rate":0,"timestamp":1540435669,"path_taken":["M","?","M","?","?","E","$","E","T","M","?","R","M","E","R","BOSS","M","?","?","M","$","E"],"build_version":"2018-10-18","purchased_purges":2,"victory":false,"max_hp_per_floor":[75,75,75,75,75,75,75,75,75,75,75,75,75,75,75,75,75,75,75,75,75,75,75],"card_choices":[{"not_picked":["Sentinel","Armaments"],"picked":"Pommel Strike","floor":1},{"not_picked":["Clothesline","Flex"],"picked":"Inflame","floor":3},{"not_picked":["Iron Wave","Havoc"],"picked":"Inflame","floor":6},{"not_picked":["Twin Strike","Combust"],"picked":"Reaper","floor":8},{"not_picked":["Bloodletting","Corruption"],"picked":"Cleave","floor":10},{"not_picked":["Flex","Heavy Blade"],"picked":"Limit Break","floor":13},{"not_picked":["Intimidate","Ghostly Armor"],"picked":"Spot Weakness","floor":14},{"not_picked":["Dark Embrace","Exhume"],"picked":"Demon Form","floor":16},{"not_picked":["Warcry","Pummel"],"picked":"True Grit+1","floor":18},{"not_picked":["Anger+1","Iron Wave+1"],"picked":"Clash","floor":19},{"not_picked":["Sever Soul+1","Entrench"],"picked":"Pummel+1","floor":20},{"not_picked":["Second Wind","Wild Strike"],"picked":"Havoc","floor":21}],"player_experience":644179,"relics_obtained":[{"floor":6,"key":"Unceasing Top"},{"floor":8,"key":"Letter Opener"},{"floor":9,"key":"Mercury Hourglass"},{"floor":14,"key":"Bronze Scales"}],"event_choices":[{"damage_healed":0,"gold_gain":275,"player_choice":"Desecrate","damage_taken":0,"max_hp_gain":0,"max_hp_loss":0,"event_name":"Golden Shrine","floor":2,"gold_loss":0,"cards_obtained":["Regret"]},{"damage_healed":0,"gold_gain":0,"player_choice":"Box","damage_taken":0,"relics_obtained":["Mummified Hand"],"max_hp_gain":0,"max_hp_loss":0,"event_name":"Big Fish","floor":5,"gold_loss":0,"cards_obtained":["Regret"]},{"damage_healed":18,"gold_gain":0,"player_choice":"Healed","damage_taken":0,"max_hp_gain":0,"max_hp_loss":0,"event_name":"The Cleric","floor":11,"gold_loss":35}],"is_beta":false,"boss_relics":[{"not_picked":["Empty Cage","Astrolabe"],"picked":"Lizard Tail"}],"items_purged_floors":[4,7],"is_endless":false,"potions_floor_spawned":[3,6,10,14,19,21],"killed_by":"Book of Stabbing","ascension_level":15}