{"gold_per_floor":[212,46,59,71,71,97,97,125,125,44,44,44,44,61,61,133,133,146,163,163,163,73,101,101,101,128,142,142,175,175,200,200,276,276,289,212,225,238,238,238,263,263,263,263,291,391,391,63,63,63],"floor_reached":50,"playtime":2406,"items_purged":[],"score":974,"play_id":"f3b87d6e-9ce2-41c6-905b-67dc03825d4e","local_time":"20181029200212","is_ascension_mode":true,"campfire_choices":[{"floor":7.0,"key":"REST"},{"floor":12.0,"key":"REST"},{"data":"1","floor":15.0,"key":"LIFT"},{"data":"2","floor":25.0,"key":"LIFT"},{"data":"3","floor":28.0,"key":"LIFT"},{"floor":30.0,"key":"REST"},{"data":"Crippling Poison","floor":32.0,"key":"SMITH"},{"data":"Adrenaline","floor":40.0,"key":"SMITH"},{"floor":42.0,"key":"REST"},{"data":"Terror","floor":44.0,"key":"SMITH"},{"data":"Bouncing Flask","floor":47,"key":"SMITH"},{"data":"Glass Knife","floor":49,"key":"SMITH"}],"neow_cost":"NONE","seed_source_timestamp":0,"circlet_count":0,"master_deck":["Defend_G+1","Defend_G","Defend_G","Strike_G","Strike_G","Survivor","Neutralize","AscendersBane","Dodge and Roll","Sucker Punch","Crippling Poison+1","Deflect","Dagger Spray","Crippling Poison","Glass Knife+1","Backflip","After Image","Night Terror+1","Riddle With Holes+1","All Out Attack+1","Backstab","Dash","Dagger Spray","Dagger Spray+1","Caltrops","Quick Slash+1","Adrenaline+1","Terror+1","Heel Hook","Noxious Fumes+1","Bouncing Flask+1","Deflect","All Out Attack+1","Backflip","PiercingWail"],"special_seed":0,"relics":["Ring of the Snake","Orichalcum","WarpedTongs","WingedGreaves","Ninja Scroll","Matryoshka","Art of War","Girya","Astrolabe","Mango","Lantern","Meat on the Bone","Strawberry","Calipers","Thread and Needle","Eternal Feather","Whetstone","Question Card","Bag of Marbles","Turnip","Paper Crane"],"potions_floor_usage":[45,50,50],"damage_taken":[{"damage":5.0,"enemies":"Small Slimes","floor":1.0,"turns":6.0},{"damage":2.0,"enemies":"Cultist","floor":3.0,"turns":4.0},{"damage":0.0,"enemies":"Jaw Worm","floor":4.0,"turns":6.0},{"damage":31.0,"enemies":"Gremlin Nob","floor":6.0,"turns":5.0},{"damage":31.0,"enemies":"Lagavulin","floor":8.0,"turns":7.0},{"damage":5.0,"enemies":"Blue Slaver","floor":14.0,"turns":3.0},{"damage":13.0,"enemies":"The Guardian","floor":16.0,"turns":15.0},{"damage":13.0,"enemies":"Spheric Guardian","floor":18.0,"turns":5.0},{"damage":6.0,"enemies":"Chosen","floor":19.0,"turns":2.0},{"damage":15.0,"enemies":"Slavers","floor":23.0,"turns":4.0},{"damage":15.0,"enemies":"Shelled Parasite and Fungi","floor":27.0,"turns":3.0},{"damage":6.0,"enemies":"Gremlin Leader","floor":29.0,"turns":5.0},{"damage":12.0,"enemies":"Book of Stabbing","floor":31.0,"turns":4.0},{"damage":60.0,"enemies":"Champ","floor":33.0,"turns":15.0},{"damage":0.0,"enemies":"Orb Walker","floor":35.0,"turns":2.0},{"damage":10.0,"enemies":"3 Shapes","floor":37.0,"turns":4.0},{"damage":0.0,"enemies":"Transient","floor":38.0,"turns":5.0},{"damage":54.0,"enemies":"Nemesis","floor":41.0,"turns":7.0},{"damage":22,"enemies":"Giant Head","floor":45,"turns":7},{"damage":0,"enemies":"Mind Bloom Boss Battle","floor":46,"turns":6},{"damage":100,"enemies":"Time Eater","floor":50,"turns":11}],"seed_played":"532418912800278435","potions_obtained":[{"floor":1.0,"key":"Explosive Potion"},{"floor":4.0,"key":"Explosive Potion"},{"floor":29.0,"key":"Explosive Potion"},{"floor":31.0,"key":"Dexterity Potion"},{"floor":33.0,"key":"AttackPotion"},{"floor":35.0,"key":"SkillPotion"},{"floor":37.0,"key":"Poison Potion"},{"floor":41.0,"key":"GhostInAJar"},{"floor":46,"key":"PowerPotion"}],"is_trial":false,"path_per_floor":["M","$","M","M","?","E","R","E","T","$","?","R","T","M","R","B",null,"M","M","?","?","?","E","?","R","T","M","R","E","R","E","R","B",null,"M","$","M","M","?","R","E","R","T","R","E","?","R","$","R"],"character_chosen":"THE_SILENT","items_purchased":["Sucker Punch","Orichalcum","Glass Knife","Heel Hook","Poison Potion","Paper Crane","PiercingWail"],"campfire_rested":4,"item_purchase_floors":[2,2,10,36,48,48,48],"current_hp_per_floor":[58,58,56,56,56,25,46,15,15,15,15,36,36,31,31,18,57,44,38,61,75,75,60,60,60,67,52,52,46,73,61,61,13,72,72,72,62,62,62,80,38,83,83,91,69,69,87,87,91,0],"gold":63,"neow_bonus":"HUNDRED_GOLD","is_prod":false,"is_daily":false,"chose_seed":false,"campfire_upgraded":5,"win_rate":0,"timestamp":1540868532,"path_taken":["M","$","M","M","?","E","R","E","T","$","?","R","?","M","R","BOSS","M","M","?","?","?","E","?","R","T","?","R","E","R","E","R","BOSS","M","$","M","M","?","R","E","R","T","R","E","?","R","$","R","BOSS"],"build_version":"2018-10-25v2","purchased_purges":0,"victory":false,"max_hp_per_floor":[70,70,70,70,70,70,70,70,70,70,70,70,70,70,70,70,70,70,70,70,84,84,84,84,84,91,91,91,91,91,91,91,91,91,91,91,91,91,91,91,91,91,91,91,91,91,91,91,91,91],"card_choices":[{"not_picked":["Concentrate","Slice"],"picked":"Dodge and Roll","floor":1.0},{"not_picked":["Deflect","A Thousand Cuts"],"picked":"Crippling Poison","floor":3.0},{"not_picked":["Blade Dance","Flying Knee"],"picked":"Deflect","floor":4.0},{"not_picked":["Poisoned Stab","Dodge and Roll"],"picked":"Dagger Spray","floor":6.0},{"not_picked":["Expertise","Tactician"],"picked":"Crippling Poison","floor":8.0},{"not_picked":["Prepared","Storm of Steel"],"picked":"Backflip","floor":14.0},{"not_picked":["Wraith Form v2","Phantasmal Killer"],"picked":"After Image","floor":16.0},{"not_picked":["Escape Plan","Blade Dance"],"picked":"Backstab","floor":18.0},{"not_picked":["Caltrops","Skewer"],"picked":"Dash","floor":19.0},{"not_picked":["Slice","Underhanded Strike"],"picked":"Dagger Spray","floor":23.0},{"not_picked":["Slice","Eviscerate"],"picked":"Dagger Spray","floor":27.0},{"not_picked":["Calculated Gamble","Cloak And Dagger"],"picked":"Caltrops","floor":29.0},{"not_picked":["Infinite Blades","Acrobatics+1"],"picked":"Quick Slash","floor":31.0},{"not_picked":["Bullet Time","Glass Knife"],"picked":"Adrenaline","floor":33.0},{"not_picked":["Accuracy","Poisoned Stab"],"picked":"Terror","floor":35.0},{"not_picked":["Dodge and Roll+1","Dash"],"picked":"Noxious Fumes+1","floor":37.0},{"not_picked":["Skewer","Blade Dance"],"picked":"Bouncing Flask","floor":38.0},{"not_picked":["Setup","Cloak And Dagger"],"picked":"Deflect","floor":41.0},{"not_picked":["Quick Slash","Sucker Punch","Flying Knee"],"picked":"All Out Attack+1","floor":45},{"not_picked":["Concentrate","Heel Hook","Blur"],"picked":"Backflip","floor":46}],"player_experience":739639,"relics_obtained":[{"floor":6.0,"key":"WingedGreaves"},{"floor":8.0,"key":"Ninja Scroll"},{"floor":9.0,"key":"Matryoshka"},{"floor":13.0,"key":"Art of War"},{"floor":13.0,"key":"Girya"},{"floor":23.0,"key":"Lantern"},{"floor":26.0,"key":"Meat on the Bone"},{"floor":26.0,"key":"Strawberry"},{"floor":29.0,"key":"Calipers"},{"floor":31.0,"key":"Thread and Needle"},{"floor":41.0,"key":"Whetstone"},{"floor":43.0,"key":"Question Card"},{"floor":45,"key":"Bag of Marbles"},{"floor":46,"key":"Turnip"}],"event_choices":[{"damage_healed":0.0,"max_hp_gain":0.0,"max_hp_loss":0.0,"gold_gain":0.0,"event_name":"Accursed Blacksmith","player_choice":"Rummage","floor":5.0,"gold_loss":0.0,"damage_taken":0.0,"relics_obtained":["WarpedTongs"],"cards_obtained":["Pain"]},{"cards_removed":["Pain"],"damage_healed":0.0,"max_hp_gain":0.0,"max_hp_loss":0.0,"gold_gain":0.0,"event_name":"Wheel of Change","player_choice":"Card Removal","floor":11.0,"gold_loss":0.0,"damage_taken":0.0},{"damage_healed":23.0,"max_hp_gain":0.0,"max_hp_loss":0.0,"gold_gain":0.0,"event_name":"The Library","player_choice":"Heal","floor":20.0,"gold_loss":0.0,"damage_taken":0.0},{"damage_healed":0.0,"max_hp_gain":0.0,"max_hp_loss":0.0,"gold_gain":0.0,"event_name":"WeMeetAgain","player_choice":"Gave Potion","floor":21.0,"gold_loss":0.0,"damage_taken":0.0,"relics_obtained":["Mango"]},{"cards_removed":["Defend_G"],"damage_healed":0.0,"max_hp_gain":0.0,"max_hp_loss":0.0,"gold_gain":0.0,"event_name":"Designer","player_choice":"Upgrade and Remove","floor":22.0,"gold_loss":90.0,"damage_taken":0.0,"cards_upgraded":["Defend_G"]},{"damage_healed":0.0,"max_hp_gain":0.0,"max_hp_loss":0.0,"gold_gain":0.0,"event_name":"Ghosts","player_choice":"Ignored","floor":24.0,"gold_loss":0.0,"damage_taken":0.0},{"cards_removed":["Strike_G"],"damage_healed":0.0,"max_hp_gain":0.0,"max_hp_loss":0.0,"gold_gain":0.0,"event_name":"Falling","player_choice":"Removed Attack","floor":39.0,"gold_loss":0.0,"damage_taken":0.0},{"damage_healed":0,"gold_gain":0,"player_choice":"Fight","damage_taken":0,"max_hp_gain":0,"max_hp_loss":0,"event_name":"MindBloom","floor":46,"gold_loss":0}],"is_beta":false,"boss_relics":[{"not_picked":["Ring of the Serpent","Ectoplasm"],"picked":"Astrolabe"},{"not_picked":["Busted Crown","Coffee Dripper"],"picked":"Eternal Feather"}],"items_purged_floors":[],"is_endless":false,"potions_floor_spawned":[1,4,8,29,31,33,35,37,41,46],"killed_by":"Time Eater","ascension_level":13}