{"gold_per_floor":[111,121,121,140,140,140,175,193,193,226,226,243,69,44,44,140,140,156,156,172,172],"floor_reached":21,"playtime":516,"items_purged":[],"score":246,"play_id":"b2d4c798-f0c5-4f82-97f6-77d817a49ba7","local_time":"20181017011042","is_ascension_mode":true,"campfire_choices":[{"data":"Zap","floor":6,"key":"SMITH"},{"floor":15,"key":"REST"}],"neow_cost":"NONE","seed_source_timestamp":544424638964416,"circlet_count":0,"master_deck":["Strike_B","Strike_B","Strike_B","Strike_B","Defend_B","Defend_B","Defend_B","Defend_B","Zap+1","Dualcast","Cold Snap","Go for the Eyes","Static Discharge+1","White Noise","Beam Cell","Rebound","Parasite","Gash","Gash","Hyperbeam","All For One","Coolheaded","Go for the Eyes","Hologram","Conserve Battery","Redo","Consume+1","Hyperbeam"],"relics":["Cracked Core","NeowsBlessing","Matryoshka","Singing Bowl","Mercury Hourglass","Centennial Puzzle","Ancient Tea Set","Orrery","Nilry\u0027s Codex"],"potions_floor_usage":[8,16],"damage_taken":[{"damage":0,"enemies":"Cultist","floor":1,"turns":1},{"damage":0,"enemies":"2 Louse","floor":2,"turns":1},{"damage":0,"enemies":"Small Slimes","floor":4,"turns":1},{"damage":27,"enemies":"3 Sentries","floor":7,"turns":6},{"damage":0,"enemies":"3 Louse","floor":8,"turns":3},{"damage":18,"enemies":"Lagavulin","floor":10,"turns":5},{"damage":8,"enemies":"Gremlin Gang","floor":12,"turns":2},{"damage":53,"enemies":"The Guardian","floor":16,"turns":6},{"damage":9,"enemies":"Spheric Guardian","floor":18,"turns":3},{"damage":14,"enemies":"2 Thieves","floor":20,"turns":4},{"damage":24,"enemies":"Shelled Parasite and Fungi","floor":21,"turns":4}],"seed_played":"-5814025224312587708","potions_obtained":[{"floor":7,"key":"SkillPotion"},{"floor":8,"key":"Ancient Potion"},{"floor":10,"key":"AttackPotion"},{"floor":12,"key":"GamblersBrew"},{"floor":16,"key":"Strength Potion"}],"is_trial":false,"path_per_floor":["M","M","T","M","?","R","E","M","T","E","?","M","$","?","R","B",null,"M","?","M"],"character_chosen":"DEFECT","items_purchased":["Gash","Hyperbeam"],"campfire_rested":1,"item_purchase_floors":[13,13],"current_hp_per_floor":[68,68,68,68,68,68,41,41,41,23,41,33,33,33,55,2,57,48,32,18,0],"gold":172,"neow_bonus":"THREE_ENEMY_KILL","is_prod":false,"is_daily":false,"chose_seed":false,"campfire_upgraded":1,"win_rate":0,"timestamp":1539763842,"path_taken":["M","M","?","M","?","R","E","M","T","E","?","?","$","?","R","BOSS","M","?","M","M"],"build_version":"2018-10-11","purchased_purges":0,"victory":false,"max_hp_per_floor":[75,75,75,75,75,75,75,75,75,75,75,75,75,75,75,75,75,75,75,75,75],"card_choices":[{"not_picked":["Conserve Battery","Self Repair"],"picked":"Cold Snap","floor":1},{"not_picked":["Rebound","Static Discharge"],"picked":"Go for the Eyes","floor":2},{"not_picked":["Steam","Storm"],"picked":"Static Discharge","floor":4},{"not_picked":["Reboot","Barrage"],"picked":"White Noise","floor":7},{"not_picked":["Fusion","Auto Shields"],"picked":"Beam Cell","floor":8},{"not_picked":["Blizzard","Stack"],"picked":"Rebound","floor":10},{"not_picked":["Aggregate","Fusion"],"picked":"Gash","floor":12},{"not_picked":["Echo Form","Creative AI"],"picked":"All For One","floor":16},{"not_picked":["Stack","Compile Driver"],"picked":"Coolheaded","floor":17},{"not_picked":["Glacier","Defragment"],"picked":"Go for the Eyes","floor":17},{"not_picked":["Sweeping Beam","Cold Snap"],"picked":"Hologram","floor":17},{"not_picked":["Compile Driver","Self Repair"],"picked":"Conserve Battery","floor":17},{"not_picked":["BootSequence","Genetic Algorithm"],"picked":"Redo","floor":17},{"not_picked":["Self Repair","Chill"],"picked":"Consume+1","floor":18},{"not_picked":["Rebound","Steam Power"],"picked":"Hyperbeam","floor":20}],"player_experience":537947,"relics_obtained":[{"floor":3,"key":"Matryoshka"},{"floor":7,"key":"Singing Bowl"},{"floor":9,"key":"Mercury Hourglass"},{"floor":9,"key":"Centennial Puzzle"},{"floor":10,"key":"Ancient Tea Set"},{"floor":19,"key":"Nilry\u0027s Codex"}],"event_choices":[{"event_name":"Upgrade Shrine","player_choice":"Upgraded","floor":5,"damage_taken":0},{"event_name":"Mushrooms","player_choice":"Healed and dodged fight","floor":11,"damage_taken":0},{"event_name":"World of Goop","player_choice":"Left","floor":14,"damage_taken":0},{"event_name":"Cursed Tome","player_choice":"Obtained Book","floor":19,"damage_taken":0}],"is_beta":false,"boss_relics":[{"not_picked":["Busted Crown","Snecko Eye"],"picked":"Orrery"}],"items_purged_floors":[],"is_endless":false,"potions_floor_spawned":[7,8,10,12,16,18],"killed_by":"Shelled Parasite and Fungi","ascension_level":6}