{"gold_per_floor":[109,125,50,68,88,88,119,119,119,145,145,56,90,140,140,140],"floor_reached":16,"playtime":871,"items_purged":[],"score":224,"play_id":"fa1d3b7b-549c-4647-bd2d-3e01e49ea142","local_time":"20190416023012","is_ascension_mode":true,"campfire_choices":[{"data":"True Grit","floor":6,"key":"SMITH"},{"floor":11,"key":"REST"},{"floor":15,"key":"REST"}],"neow_cost":"NONE","seed_source_timestamp":715008099793621,"circlet_count":0,"master_deck":["AscendersBane","Strike_R","Strike_R","Strike_R","Strike_R","Strike_R","Defend_R","Defend_R","Defend_R","Defend_R","Bash","Disarm","True Grit+1","Carnage","Inflame","Heavy Blade","Pommel Strike","Battle Trance","Clothesline"],"relics":["Burning Blood","Centennial Puzzle","Potion Belt","Frozen Egg 2","Lantern"],"potions_floor_usage":[5,7,10,13],"damage_taken":[{"damage":2,"enemies":"Cultist","floor":1,"turns":4},{"damage":2,"enemies":"2 Louse","floor":2,"turns":3},{"damage":13,"enemies":"Small Slimes","floor":4,"turns":4},{"damage":22,"enemies":"Exordium Thugs","floor":5,"turns":4},{"damage":45,"enemies":"3 Sentries","floor":7,"turns":8},{"damage":24,"enemies":"Lagavulin","floor":10,"turns":8},{"damage":27,"enemies":"Gremlin Nob","floor":13,"turns":4},{"damage":24,"enemies":"Hexaghost","floor":16,"turns":8}],"seed_played":"-3090582264422752590","potions_obtained":[{"floor":1,"key":"SteroidPotion"},{"floor":2,"key":"BloodPotion"},{"floor":7,"key":"Block Potion"},{"floor":10,"key":"SkillPotion"}],"is_trial":false,"path_per_floor":["M","M","$","M","M","R","E","?","T","E","R","$","E","?","R","B"],"character_chosen":"IRONCLAD","items_purchased":["Carnage","Battle Trance"],"campfire_rested":2,"item_purchase_floors":[3,12],"current_hp_per_floor":[79,82,82,75,59,59,28,28,28,10,34,34,13,13,37,13],"gold":140,"neow_bonus":"TEN_PERCENT_HP_BONUS","is_prod":false,"is_daily":false,"chose_seed":false,"campfire_upgraded":1,"win_rate":0,"timestamp":1555396212,"path_taken":["M","?","$","M","M","R","E","?","T","E","R","$","E","?","R","BOSS"],"build_version":"2019-01-23","purchased_purges":0,"victory":false,"max_hp_per_floor":[82,82,82,82,82,82,82,82,82,82,82,82,82,82,82,82],"card_choices":[{"not_picked":["Inflame","Flex"],"picked":"Disarm","floor":1},{"not_picked":["Power Through","Flex"],"picked":"True Grit","floor":2},{"not_picked":["Anger","Corruption"],"picked":"Inflame","floor":4},{"not_picked":["Perfected Strike","Burning Pact"],"picked":"Heavy Blade","floor":5},{"not_picked":["Perfected Strike","Heavy Blade"],"picked":"Pommel Strike","floor":7},{"not_picked":["Seeing Red","Warcry","Heavy Blade"],"picked":"SKIP","floor":10},{"not_picked":["Thunderclap","Headbutt"],"picked":"Clothesline","floor":13}],"player_experience":371311,"relics_obtained":[{"floor":7,"key":"Centennial Puzzle"},{"floor":9,"key":"Potion Belt"},{"floor":10,"key":"Frozen Egg 2"},{"floor":13,"key":"Lantern"}],"event_choices":[{"damage_healed":0,"gold_gain":0,"player_choice":"Ignored","damage_taken":0,"max_hp_gain":0,"max_hp_loss":0,"event_name":"Shining Light","floor":8,"gold_loss":0},{"damage_healed":0,"gold_gain":50,"player_choice":"Pray","damage_taken":0,"max_hp_gain":0,"max_hp_loss":0,"event_name":"Golden Shrine","floor":14,"gold_loss":0}],"is_beta":false,"boss_relics":[],"items_purged_floors":[],"is_endless":false,"potions_floor_spawned":[1,2,7,10],"killed_by":"Hexaghost","ascension_level":18}