{"gold_per_floor":[113,113,83,93,112,112,141,141,141,157,90,104,104,147,159,171],"floor_reached":16,"playtime":5363,"items_purged":[],"score":163,"play_id":"7a04eb4f-ab16-4f91-948c-e05553e73295","local_time":"20190322160629","is_ascension_mode":true,"campfire_choices":[{"data":"Doom and Gloom","floor":6,"key":"SMITH"},{"data":"Conserve Battery","floor":8,"key":"SMITH"},{"data":"Static Discharge","floor":15,"key":"SMITH"}],"neow_cost":"NONE","seed_source_timestamp":107830316454478,"circlet_count":0,"master_deck":["Strike_B","Strike_B","Strike_B","Strike_B","Defend_B","Defend_B","Defend_B","Defend_B","Zap","Dualcast","Doom and Gloom+1","Gash","Rebound","Conserve Battery+1","Static Discharge+1","Defragment","Ball Lightning","White Noise"],"relics":["Philosopher\u0027s Stone","Pear","Matryoshka","MawBank","Darkstone Periapt","Dream Catcher"],"potions_floor_usage":[5,10,14,16,16],"damage_taken":[{"damage":10,"enemies":"Jaw Worm","floor":1,"turns":4},{"damage":0,"enemies":"Cultist","floor":4,"turns":3},{"damage":0,"enemies":"Small Slimes","floor":5,"turns":2},{"damage":38,"enemies":"Gremlin Nob","floor":7,"turns":4},{"damage":0,"enemies":"3 Louse","floor":10,"turns":3},{"damage":0,"enemies":"Gremlin Gang","floor":12,"turns":2},{"damage":17,"enemies":"Lagavulin","floor":14,"turns":6},{"damage":27,"enemies":"The Guardian","floor":16,"turns":8}],"seed_played":"-5088021199655107955","potions_obtained":[{"floor":3,"key":"SneckoOil"},{"floor":3,"key":"Fire Potion"},{"floor":4,"key":"LiquidBronze"},{"floor":7,"key":"AttackPotion"},{"floor":12,"key":"GamblersBrew"}],"is_trial":false,"path_per_floor":["M","?","?","M","M","R","E","R","T","M","$","M","T","E","R","B"],"character_chosen":"DEFECT","items_purchased":["Defragment"],"campfire_rested":0,"item_purchase_floors":[11],"current_hp_per_floor":[65,70,70,70,70,70,42,42,42,42,42,42,42,25,25,0],"gold":171,"neow_bonus":"BOSS_RELIC","is_prod":false,"is_daily":false,"chose_seed":false,"campfire_upgraded":3,"win_rate":0,"timestamp":1553270789,"path_taken":["M","?","?","M","M","R","E","R","T","?","?","?","?","E","R","BOSS"],"build_version":"2019-01-23","purchased_purges":0,"victory":false,"max_hp_per_floor":[75,80,80,80,80,80,90,90,90,90,90,90,90,90,90,90],"card_choices":[{"not_picked":["Turbo","Beam Cell"],"picked":"Doom and Gloom","floor":1},{"not_picked":["Turbo","FTL"],"picked":"Gash","floor":4},{"not_picked":["Fusion","Skim"],"picked":"Rebound","floor":5},{"not_picked":["Beam Cell","Ball Lightning"],"picked":"Conserve Battery","floor":7},{"not_picked":["Conserve Battery","Self Repair"],"picked":"Static Discharge","floor":10},{"not_picked":["Sweeping Beam","Beam Cell"],"picked":"Ball Lightning","floor":12},{"not_picked":["Redo","Doom and Gloom"],"picked":"White Noise","floor":14}],"player_experience":714951,"relics_obtained":[{"floor":7,"key":"Pear"},{"floor":9,"key":"Matryoshka"},{"floor":13,"key":"MawBank"},{"floor":13,"key":"Darkstone Periapt"},{"floor":14,"key":"Dream Catcher"}],"event_choices":[{"damage_healed":0,"gold_gain":0,"player_choice":"Donut","damage_taken":0,"max_hp_gain":5,"max_hp_loss":0,"event_name":"Big Fish","floor":2,"gold_loss":0},{"damage_healed":0,"gold_gain":0,"player_choice":"Bought 2 Potions","damage_taken":0,"max_hp_gain":0,"max_hp_loss":0,"event_name":"The Woman in Blue","floor":3,"gold_loss":0}],"is_beta":false,"boss_relics":[],"items_purged_floors":[],"is_endless":false,"potions_floor_spawned":[4,7,12],"killed_by":"The Guardian","ascension_level":5}