{"gold_per_floor":[119,294,294,309,14,43,43,69,69,86,117,131,145,163,163,262,262,276,276,291,8,26,26,56,56,82,82,94,113,113,113,113,113],"floor_reached":33,"playtime":1274,"items_purged":["Doubt","Strike_R"],"score":455,"play_id":"184a6d4b-98c6-4290-9f8d-bcdaf31872dd","local_time":"20190327165845","is_ascension_mode":true,"campfire_choices":[{"data":"Inflame","floor":7,"key":"SMITH"},{"data":"Heavy Blade","floor":15,"key":"SMITH"},{"floor":23,"key":"REST"},{"floor":25,"key":"DIG"},{"data":"Demon Form","floor":27,"key":"SMITH"},{"floor":32,"key":"REST"}],"neow_cost":"NONE","seed_source_timestamp":3508976428100,"circlet_count":0,"master_deck":["Strike_R","Strike_R","Strike_R","Strike_R","Defend_R","Defend_R","Defend_R","Defend_R","Bash","Wild Strike","Whirlwind","Inflame+1","Infernal Blade+1","Heavy Blade+1","True Grit","Seeing Red","Battle Trance","Cleave+1","Shrug It Off","Feed+1","Dual Wield","Evolve+1","Demon Form+1","Headbutt+1","Shockwave","Disarm+1","Uppercut+1","Writhe"],"relics":["Burning Blood","NeowsBlessing","Red Skull","Pocketwatch","Odd Mushroom","Molten Egg 2","Philosopher\u0027s Stone","Shovel","Oddly Smooth Stone","Ancient Tea Set","The Courier"],"potions_floor_usage":[11,16,16,24],"damage_taken":[{"damage":0,"enemies":"2 Louse","floor":1,"turns":1},{"damage":0,"enemies":"Small Slimes","floor":4,"turns":1},{"damage":0,"enemies":"3 Sentries","floor":6,"turns":2},{"damage":56,"enemies":"The Mushroom Lair","floor":8,"turns":8},{"damage":0,"enemies":"Cultist","floor":10,"turns":3},{"damage":15,"enemies":"Lagavulin","floor":11,"turns":4},{"damage":2,"enemies":"Large Slime","floor":12,"turns":2},{"damage":11,"enemies":"Exordium Thugs","floor":13,"turns":3},{"damage":4,"enemies":"Looter","floor":14,"turns":2},{"damage":0,"enemies":"Slime Boss","floor":16,"turns":3},{"damage":31,"enemies":"2 Thieves","floor":18,"turns":4},{"damage":25,"enemies":"Chosen","floor":20,"turns":6},{"damage":37,"enemies":"Shelled Parasite and Fungi","floor":22,"turns":4},{"damage":10,"enemies":"Gremlin Leader","floor":24,"turns":4},{"damage":2,"enemies":"Snecko","floor":28,"turns":3},{"damage":24,"enemies":"Centurion and Healer","floor":29,"turns":7},{"damage":67,"enemies":"Automaton","floor":33,"turns":6}],"seed_played":"8700730563347710554","potions_obtained":[{"floor":6,"key":"Weak Potion"},{"floor":11,"key":"Ancient Potion"},{"floor":12,"key":"AttackPotion"},{"floor":13,"key":"Poison Potion"},{"floor":18,"key":"Energy Potion"},{"floor":20,"key":"PowerPotion"},{"floor":29,"key":"SpeedPotion"}],"is_trial":false,"path_per_floor":["M","?","?","M","$","E","R","?","T","M","E","M","M","M","R","B",null,"M","?","M","$","M","R","E","R","T","R","M","M","?","?","R","B"],"character_chosen":"IRONCLAD","items_purchased":["Red Skull","Inflame","Demon Form","Headbutt+1"],"campfire_rested":2,"item_purchase_floors":[5,5,21,21],"current_hp_per_floor":[80,80,85,85,85,85,85,35,35,41,32,36,31,33,33,39,85,64,64,49,49,22,51,47,47,47,47,55,45,45,23,57,0],"gold":113,"neow_bonus":"THREE_ENEMY_KILL","is_prod":false,"is_daily":false,"chose_seed":false,"campfire_upgraded":3,"win_rate":0,"timestamp":1553731125,"path_taken":["M","?","?","M","$","E","R","?","T","M","E","M","M","M","R","BOSS","M","?","M","$","?","R","E","R","T","R","M","M","?","?","R","BOSS"],"build_version":"2019-03-15","purchased_purges":2,"victory":false,"max_hp_per_floor":[80,80,85,85,85,85,85,85,85,85,85,85,85,85,85,85,85,89,89,93,93,97,97,97,97,97,97,101,109,109,114,114,114],"card_choices":[{"not_picked":["Armaments","Clothesline"],"picked":"Wild Strike","floor":1},{"not_picked":["Warcry","Armaments"],"picked":"Whirlwind","floor":4},{"not_picked":["Fire Breathing","Corruption"],"picked":"Infernal Blade","floor":6},{"not_picked":["Headbutt","Corruption"],"picked":"Heavy Blade","floor":8},{"not_picked":["Offering","Flex"],"picked":"True Grit","floor":10},{"not_picked":["Entrench","Clothesline"],"picked":"Seeing Red","floor":11},{"not_picked":["Armaments","Headbutt+1"],"picked":"Battle Trance","floor":12},{"not_picked":["Warcry","Sword Boomerang+1"],"picked":"Cleave+1","floor":13},{"not_picked":["Evolve","Armaments"],"picked":"Shrug It Off","floor":14},{"not_picked":["Barricade","Dark Embrace"],"picked":"Feed+1","floor":16},{"not_picked":["Fire Breathing","Sever Soul+1"],"picked":"Dual Wield","floor":18},{"not_picked":["Cleave+1","Entrench+1"],"picked":"Evolve+1","floor":20},{"not_picked":["Burning Pact","Perfected Strike+1"],"picked":"Shockwave","floor":22},{"not_picked":["Entrench","Warcry"],"picked":"Disarm+1","floor":24},{"not_picked":["Body Slam+1","Evolve"],"picked":"Uppercut+1","floor":28},{"not_picked":["Evolve","Clothesline+1","Body Slam+1"],"picked":"SKIP","floor":29}],"player_experience":622956,"relics_obtained":[{"floor":6,"key":"Pocketwatch"},{"floor":8,"key":"Odd Mushroom"},{"floor":11,"key":"Molten Egg 2"},{"floor":24,"key":"Shovel"},{"floor":25,"key":"Oddly Smooth Stone"},{"floor":26,"key":"Ancient Tea Set"}],"event_choices":[{"damage_healed":0,"gold_gain":175,"player_choice":"AGREE","damage_taken":0,"max_hp_gain":0,"max_hp_loss":0,"event_name":"Liars Game","floor":2,"gold_loss":0,"cards_obtained":["Doubt"]},{"damage_healed":0,"gold_gain":0,"player_choice":"Donut","damage_taken":0,"max_hp_gain":5,"max_hp_loss":0,"event_name":"Big Fish","floor":3,"gold_loss":0},{"damage_healed":0,"gold_gain":0,"player_choice":"Fought Mushrooms","damage_taken":0,"max_hp_gain":0,"max_hp_loss":0,"event_name":"Mushrooms","floor":8,"gold_loss":0},{"damage_healed":0,"gold_gain":0,"player_choice":"Upgraded","damage_taken":0,"max_hp_gain":0,"max_hp_loss":0,"event_name":"Upgrade Shrine","floor":19,"gold_loss":0,"cards_upgraded":["Infernal Blade"]},{"damage_healed":0,"gold_gain":0,"player_choice":"Opened","damage_taken":0,"relics_obtained":["The Courier"],"max_hp_gain":0,"max_hp_loss":0,"event_name":"The Mausoleum","floor":30,"gold_loss":0,"cards_obtained":["Writhe"]},{"damage_healed":0,"gold_gain":0,"player_choice":"Shed Blood","damage_taken":27,"max_hp_gain":5,"max_hp_loss":0,"event_name":"Forgotten Altar","floor":31,"gold_loss":0}],"is_beta":true,"boss_relics":[{"not_picked":["Busted Crown","Runic Cube"],"picked":"Philosopher\u0027s Stone"}],"items_purged_floors":[5,21],"is_endless":false,"potions_floor_spawned":[6,11,12,13,18,20,29],"killed_by":"Automaton","ascension_level":3}