{"gold_per_floor":[116,116,29,99,46,46,71,71,127,152,163,163,193,193,193,287,287,261,261,286,306,330,330,330],"floor_reached":24,"playtime":2071,"items_purged":[],"score":479,"play_id":"4175b936-91fa-4d49-ae99-51511267ea80","local_time":"20190409175251","is_ascension_mode":true,"campfire_choices":[{"data":"Neutralize","floor":6.0,"key":"SMITH"},{"data":"Footwork","floor":8.0,"key":"SMITH"},{"data":"Skewer","floor":15.0,"key":"SMITH"},{"data":"Dodge and Roll","floor":23,"key":"SMITH"}],"neow_cost":"NONE","seed_source_timestamp":0,"circlet_count":0,"master_deck":["AscendersBane","Defend_G","Defend_G","Defend_G","Defend_G","Defend_G","Strike_G","Strike_G","Strike_G","Strike_G","Strike_G","Survivor","Neutralize+1","Flying Knee","Backstab","Footwork+1","Blade Dance","Skewer+1","Backflip","PiercingWail+1","Dodge and Roll+1","Accuracy+1"],"special_seed":0,"relics":["Ring of the Snake","NeowsBlessing","WarpedTongs","PreservedInsect","Tiny Chest","Meat on the Bone","Odd Mushroom","Golden Idol","Runic Pyramid","NlothsMask"],"potions_floor_usage":[22],"damage_taken":[{"damage":0.0,"enemies":"Small Slimes","floor":1.0,"turns":1.0},{"damage":0.0,"enemies":"Gremlin Nob","floor":7.0,"turns":1.0},{"damage":1.0,"enemies":"Lagavulin","floor":10.0,"turns":1.0},{"damage":2.0,"enemies":"Cultist","floor":11.0,"turns":4.0},{"damage":0.0,"enemies":"The Mushroom Lair","floor":13.0,"turns":2.0},{"damage":27.0,"enemies":"Slime Boss","floor":16.0,"turns":12.0},{"damage":14,"enemies":"2 Thieves","floor":18,"turns":4},{"damage":7,"enemies":"Shell Parasite","floor":20,"turns":9},{"damage":7,"enemies":"Shelled Parasite and Fungi","floor":21,"turns":11},{"damage":18,"enemies":"Snecko","floor":22,"turns":7},{"damage":50,"enemies":"Gremlin Leader","floor":24,"turns":8}],"seed_played":"5486733520513771359","potions_obtained":[{"floor":7.0,"key":"AttackPotion"},{"floor":11.0,"key":"PowerPotion"},{"floor":21,"key":"Poison Potion"}],"is_trial":false,"path_per_floor":["M","?","$","?","$","R","E","R","T","E","M","?","?","?","R","B",null,"M","?","M","M","M","R","E"],"character_chosen":"THE_SILENT","items_purchased":["Backstab","PowerPotion"],"campfire_rested":0,"item_purchase_floors":[3,5],"current_hp_per_floor":[59,59,59,59,59,59,59,59,59,58,56,56,56,33,33,18,54,40,40,45,38,32,32,0],"gold":330,"neow_bonus":"THREE_ENEMY_KILL","is_prod":false,"is_daily":false,"chose_seed":false,"campfire_upgraded":4,"win_rate":0,"timestamp":1554828771,"path_taken":["M","?","?","?","$","R","E","R","T","E","?","?","?","?","R","BOSS","BOSS","M","?","?","M","M","R","E"],"build_version":"2019-01-23","purchased_purges":0,"victory":false,"max_hp_per_floor":[66,66,66,66,66,66,66,66,66,66,66,66,66,66,66,66,66,66,66,66,66,66,66,66],"card_choices":[{"not_picked":["Setup","Underhanded Strike"],"picked":"Flying Knee","floor":1.0},{"not_picked":["Concentrate","Well Laid Plans"],"picked":"Footwork","floor":7.0},{"not_picked":["Bouncing Flask","Masterful Stab"],"picked":"Blade Dance","floor":10.0},{"not_picked":["Footwork","Flying Knee"],"picked":"Skewer","floor":11.0},{"not_picked":["Bane","Dagger Spray"],"picked":"Backflip","floor":18},{"not_picked":["Backflip","Underhanded Strike"],"picked":"PiercingWail+1","floor":20},{"not_picked":["Acrobatics","Flying Knee"],"picked":"Dodge and Roll","floor":21},{"not_picked":["PiercingWail","Blade Dance"],"picked":"Accuracy+1","floor":22}],"player_experience":981655,"relics_obtained":[{"floor":7.0,"key":"PreservedInsect"},{"floor":9.0,"key":"Tiny Chest"},{"floor":10.0,"key":"Meat on the Bone"},{"floor":13.0,"key":"Odd Mushroom"}],"event_choices":[{"damage_healed":0.0,"max_hp_gain":0.0,"max_hp_loss":0.0,"gold_gain":0.0,"event_name":"Accursed Blacksmith","player_choice":"Rummage","floor":2.0,"gold_loss":0.0,"damage_taken":0.0,"relics_obtained":["WarpedTongs"],"cards_obtained":["Pain"]},{"damage_healed":0.0,"max_hp_gain":0.0,"max_hp_loss":0.0,"gold_gain":70.0,"event_name":"Golden Wing","player_choice":"Gained Gold","floor":4.0,"gold_loss":0.0,"damage_taken":0.0},{"cards_removed":["Pain"],"damage_healed":0.0,"max_hp_gain":0.0,"max_hp_loss":0.0,"gold_gain":0.0,"event_name":"Living Wall","player_choice":"Forget","floor":12.0,"gold_loss":0.0,"damage_taken":0.0},{"damage_healed":0.0,"max_hp_gain":0.0,"max_hp_loss":0.0,"gold_gain":0.0,"event_name":"Mushrooms","player_choice":"Fought Mushrooms","floor":13.0,"gold_loss":0.0,"damage_taken":0.0},{"damage_healed":0.0,"max_hp_gain":0.0,"max_hp_loss":0.0,"gold_gain":0.0,"event_name":"Golden Idol","player_choice":"Take Damage","floor":14.0,"gold_loss":0.0,"damage_taken":23.0,"relics_obtained":["Golden Idol"]},{"damage_healed":0,"gold_gain":0,"player_choice":"Trade","damage_taken":0,"relics_obtained":["NlothsMask"],"max_hp_gain":0,"max_hp_loss":0,"event_name":"FaceTrader","floor":19,"gold_loss":0}],"is_beta":false,"boss_relics":[{"not_picked":["Ectoplasm","White Beast Statue"],"picked":"Runic Pyramid"}],"items_purged_floors":[],"is_endless":false,"potions_floor_spawned":[7,11,21],"killed_by":"Gremlin Leader","ascension_level":18}