{"gold_per_floor":[114,114,128,143,153,153,185,201,201,214,12,12,12,26,26,127,127,144,155,155],"floor_reached":20,"playtime":1631,"items_purged":["Pain"],"score":196,"play_id":"ebfb493c-3c7e-40d6-bc5c-bb4c9aff7dca","local_time":"20190310100811","is_ascension_mode":true,"campfire_choices":[{"data":"Calculated Gamble","floor":6,"key":"SMITH"},{"floor":12,"key":"REST"},{"floor":15,"key":"REST"}],"neow_cost":"NONE","seed_source_timestamp":701709812804212,"circlet_count":0,"master_deck":["Defend_G","Defend_G","Defend_G","Defend_G","Defend_G","Strike_G","Strike_G","Strike_G","Strike_G","Survivor","Neutralize","Footwork","Calculated Gamble+1","Acrobatics","Backflip","Accuracy","Blade Dance","Cloak And Dagger","Infinite Blades"],"relics":["Ring of the Snake","WarpedTongs","Gambling Chip","Matryoshka","WristBlade"],"potions_floor_usage":[7,8,19],"damage_taken":[{"damage":0,"enemies":"2 Louse","floor":1,"turns":4},{"damage":4,"enemies":"Cultist","floor":3,"turns":4},{"damage":10,"enemies":"Small Slimes","floor":4,"turns":5},{"damage":8,"enemies":"Blue Slaver","floor":5,"turns":7},{"damage":31,"enemies":"Gremlin Nob","floor":7,"turns":5},{"damage":2,"enemies":"Large Slime","floor":8,"turns":7},{"damage":12,"enemies":"2 Fungi Beasts","floor":10,"turns":6},{"damage":1,"enemies":"Exordium Wildlife","floor":14,"turns":6},{"damage":39,"enemies":"The Guardian","floor":16,"turns":18},{"damage":14,"enemies":"Spheric Guardian","floor":18,"turns":12},{"damage":3,"enemies":"3 Byrds","floor":19,"turns":5},{"damage":13,"enemies":"Centurion and Healer","floor":20,"turns":9}],"seed_played":"-5180029877032927583","potions_obtained":[{"floor":1,"key":"LiquidBronze"},{"floor":5,"key":"Fire Potion"},{"floor":18,"key":"LiquidBronze"}],"is_trial":false,"path_per_floor":["M","?","M","M","M","R","E","M","T","M","$","R","?","M","R","B",null,"M","M","M"],"character_chosen":"THE_SILENT","items_purchased":["Accuracy","Blade Dance"],"campfire_rested":2,"item_purchase_floors":[11,11],"current_hp_per_floor":[70,70,66,56,48,48,17,15,15,3,3,24,24,23,44,5,70,56,53,40],"gold":155,"neow_bonus":"THREE_CARDS","is_prod":false,"is_daily":false,"chose_seed":false,"campfire_upgraded":1,"win_rate":0,"timestamp":1552226891,"path_taken":["M","?","M","M","M","R","E","M","T","?","$","R","?","M","R","BOSS","M","M","M"],"build_version":"2019-01-23","purchased_purges":1,"victory":false,"max_hp_per_floor":[70,70,70,70,70,70,70,70,70,70,70,70,70,70,70,70,70,70,70,70],"card_choices":[{"not_picked":["Dodge and Roll","Quick Slash"],"picked":"Footwork","floor":0},{"not_picked":["Expertise","Sucker Punch","Heel Hook"],"picked":"SKIP","floor":1},{"not_picked":["Underhanded Strike","Quick Slash","Sucker Punch"],"picked":"SKIP","floor":3},{"not_picked":["Cloak And Dagger","Deadly Poison","Dagger Spray"],"picked":"SKIP","floor":4},{"not_picked":["Riddle With Holes","Outmaneuver"],"picked":"Calculated Gamble","floor":5},{"not_picked":["Reflex","Slice","Poisoned Stab"],"picked":"SKIP","floor":7},{"not_picked":["Doppelganger","Caltrops"],"picked":"Acrobatics","floor":8},{"not_picked":["Caltrops","Outmaneuver"],"picked":"Backflip","floor":10},{"not_picked":["Poisoned Stab","Dodge and Roll","Slice"],"picked":"SKIP","floor":14},{"not_picked":["PiercingWail+1","Acrobatics+1"],"picked":"Cloak And Dagger","floor":18},{"not_picked":["Bouncing Flask+1","Riddle With Holes"],"picked":"Infinite Blades","floor":19}],"player_experience":282777,"relics_obtained":[{"floor":7,"key":"Gambling Chip"},{"floor":9,"key":"Matryoshka"}],"event_choices":[{"damage_healed":0,"gold_gain":0,"player_choice":"Rummage","damage_taken":0,"relics_obtained":["WarpedTongs"],"max_hp_gain":0,"max_hp_loss":0,"event_name":"Accursed Blacksmith","floor":2,"gold_loss":0,"cards_obtained":["Pain"]},{"cards_removed":["Strike_G"],"damage_healed":0,"gold_gain":0,"player_choice":"Forget","damage_taken":0,"max_hp_gain":0,"max_hp_loss":0,"event_name":"Living Wall","floor":13,"gold_loss":0}],"is_beta":false,"boss_relics":[{"not_picked":["Ring of the Serpent","Busted Crown"],"picked":"WristBlade"}],"items_purged_floors":[11],"is_endless":false,"potions_floor_spawned":[1,5,18],"killed_by":"Centurion and Healer","ascension_level":2}