{"gold_per_floor":[215,215,215,26,42,42,65,65,88,88,13,13,13,38,38,134,134,155,70,86,86,86],"floor_reached":22,"playtime":1058,"items_purged":["Strike_G"],"score":344,"play_id":"bc5606e8-491a-46d5-8898-436c202558f6","local_time":"20190403192722","is_ascension_mode":true,"campfire_choices":[{"data":"Neutralize","floor":6.0,"key":"SMITH"},{"data":"Dagger Spray","floor":8.0,"key":"SMITH"},{"data":"Well Laid Plans","floor":10.0,"key":"SMITH"},{"data":"PiercingWail","floor":13.0,"key":"SMITH"},{"data":"Survivor","floor":15.0,"key":"SMITH"}],"neow_cost":"NONE","seed_source_timestamp":951954477837998,"circlet_count":0,"master_deck":["AscendersBane","Defend_G","Defend_G","Defend_G","Defend_G","Defend_G","Strike_G","Strike_G","Strike_G","Strike_G","Survivor+1","Neutralize+1","Well Laid Plans+1","PiercingWail+1","Dagger Spray+1","Malaise","Cloak And Dagger","Dash","Cloak And Dagger","PiercingWail","Well Laid Plans","Ghostly","Ghostly","Ghostly"],"special_seed":0,"relics":["Ring of the Snake","Golden Idol","Potion Belt","Bronze Scales","Dead Branch","Orrery","Shuriken"],"potions_floor_usage":[],"damage_taken":[{"damage":0.0,"enemies":"Jaw Worm","floor":1.0,"turns":7.0},{"damage":0.0,"enemies":"2 Louse","floor":5.0,"turns":3.0},{"damage":1.0,"enemies":"Cultist","floor":7.0,"turns":4.0},{"damage":4.0,"enemies":"Lots of Slimes","floor":14.0,"turns":2.0},{"damage":37.0,"enemies":"Slime Boss","floor":16.0,"turns":9.0},{"damage":30,"enemies":"Spheric Guardian","floor":18,"turns":8},{"damage":7,"enemies":"Shell Parasite","floor":20,"turns":7},{"damage":12,"enemies":"3 Cultists","floor":22,"turns":4}],"seed_played":"-9086461206042265517","potions_obtained":[{"floor":1.0,"key":"EssenceOfSteel"},{"floor":3.0,"key":"SteroidPotion"},{"floor":3.0,"key":"AttackPotion"},{"floor":5.0,"key":"Dexterity Potion"},{"floor":18,"key":"SpeedPotion"}],"is_trial":false,"path_per_floor":["M","?","?","$","M","R","M","R","T","R","$","T","R","M","R","B",null,"M","?","M","?","M"],"character_chosen":"THE_SILENT","items_purchased":["Potion Belt","PiercingWail"],"campfire_rested":0,"item_purchase_floors":[4,4],"current_hp_per_floor":[59,59,59,59,59,59,58,58,58,58,58,58,58,54,54,17,49,19,19,12,12,0],"gold":86,"neow_bonus":"HUNDRED_GOLD","is_prod":false,"is_daily":false,"chose_seed":false,"campfire_upgraded":5,"win_rate":0,"timestamp":1554341242,"path_taken":["M","?","?","$","?","R","M","R","T","R","?","?","R","?","R","BOSS","M","?","M","?","M"],"build_version":"2019-03-15","purchased_purges":1,"victory":false,"max_hp_per_floor":[66,60,60,60,60,60,60,60,60,60,60,60,60,60,60,60,60,60,60,60,30,30],"card_choices":[{"not_picked":["Finisher","Deadly Poison"],"picked":"Well Laid Plans","floor":1.0},{"not_picked":["Underhanded Strike","Prepared","Setup"],"picked":"SKIP","floor":5.0},{"not_picked":["Terror","Poisoned Stab"],"picked":"Dagger Spray","floor":7.0},{"not_picked":["Flying Knee","Acrobatics","Outmaneuver"],"picked":"SKIP","floor":14.0},{"not_picked":["Wraith Form v2","Doppelganger"],"picked":"Malaise","floor":16.0},{"not_picked":["Dagger Throw","All Out Attack"],"picked":"Cloak And Dagger","floor":17},{"not_picked":["Blade Dance","All Out Attack"],"picked":"Dash","floor":17},{"not_picked":["Prepared","Outmaneuver"],"picked":"Cloak And Dagger","floor":17},{"not_picked":["Flying Knee","Deflect"],"picked":"PiercingWail","floor":18},{"not_picked":["Sucker Punch+1","Masterful Stab+1"],"picked":"Well Laid Plans","floor":20}],"player_experience":2739306,"relics_obtained":[{"floor":9.0,"key":"Bronze Scales"},{"floor":12.0,"key":"Dead Branch"}],"event_choices":[{"damage_healed":0.0,"max_hp_gain":0.0,"max_hp_loss":6.0,"gold_gain":0.0,"event_name":"Golden Idol","player_choice":"Lose Max HP","floor":2.0,"gold_loss":0.0,"damage_taken":0.0,"relics_obtained":["Golden Idol"]},{"damage_healed":0.0,"max_hp_gain":0.0,"max_hp_loss":0.0,"gold_gain":0.0,"event_name":"Lab","player_choice":"Got Potions","floor":3.0,"gold_loss":0.0,"damage_taken":0.0},{"damage_healed":0,"gold_gain":0,"player_choice":"Obtained Relic","damage_taken":0,"relics_obtained":["Shuriken"],"max_hp_gain":0,"max_hp_loss":0,"event_name":"Addict","floor":19,"gold_loss":85},{"damage_healed":0,"gold_gain":0,"player_choice":"Became a Ghost","damage_taken":0,"max_hp_gain":0,"max_hp_loss":30,"event_name":"Ghosts","floor":21,"gold_loss":0,"cards_obtained":["Ghostly","Ghostly","Ghostly"]}],"is_beta":true,"boss_relics":[{"not_picked":["Black Star","Fusion Hammer"],"picked":"Orrery"}],"items_purged_floors":[11],"is_endless":false,"potions_floor_spawned":[1,5,18],"killed_by":"3 Cultists","ascension_level":20}