{"gold_per_floor":[110,110,124,141,141,141,153,185,185,212,224,251,298,323,335,424,436,461,50,69,83,97,97,97,97],"floor_reached":25,"playtime":1532,"items_purged":[],"score":450,"play_id":"4ce4c28f-fd69-41e7-92c3-b64629c8b15c","local_time":"20190407205110","is_ascension_mode":true,"campfire_choices":[{"floor":6.0,"key":"REST"},{"data":"Creative AI","floor":11.0,"key":"SMITH"},{"floor":15.0,"key":"REST"},{"floor":23.0,"key":"REST"}],"neow_cost":"NONE","seed_source_timestamp":175044511796928,"circlet_count":0,"master_deck":["AscendersBane","Strike_B","Strike_B","Defend_B","Defend_B","Defend_B","Defend_B","Zap","Dualcast","Rip and Tear","Coolheaded+1","Steam+1","Doom and Gloom","Creative AI+1","Compile Driver","FTL","Hologram+1","Electrodynamics","Leap+1","Defragment","Heatsinks","Chaos+1","Capacitor","Apotheosis+1","Self Repair","Turbo+1"],"special_seed":0,"relics":["Cracked Core","Toxic Egg 2","Du-Vu Doll","Unceasing Top","MawBank","Gremlin Horn","Orrery","ClockworkSouvenir"],"potions_floor_usage":[],"damage_taken":[{"damage":1.0,"enemies":"Cultist","floor":1.0,"turns":4.0},{"damage":4.0,"enemies":"Small Slimes","floor":3.0,"turns":4.0},{"damage":0.0,"enemies":"Jaw Worm","floor":4.0,"turns":4.0},{"damage":7.0,"enemies":"2 Fungi Beasts","floor":7.0,"turns":3.0},{"damage":8.0,"enemies":"Lagavulin","floor":8.0,"turns":6.0},{"damage":7.0,"enemies":"Gremlin Nob","floor":10.0,"turns":3.0},{"damage":9.0,"enemies":"Large Slime","floor":12.0,"turns":4.0},{"damage":16.0,"enemies":"3 Sentries","floor":13.0,"turns":8.0},{"damage":1.0,"enemies":"Blue Slaver","floor":14.0,"turns":3.0},{"damage":23.0,"enemies":"The Guardian","floor":16.0,"turns":11.0},{"damage":16.0,"enemies":"Spheric Guardian","floor":18.0,"turns":4.0},{"damage":6.0,"enemies":"3 Byrds","floor":20.0,"turns":3.0},{"damage":17.0,"enemies":"Centurion and Healer","floor":21.0,"turns":8.0},{"damage":13.0,"enemies":"Snake Plant","floor":22.0,"turns":5.0},{"damage":27,"enemies":"Colosseum Slavers","floor":24,"turns":5},{"damage":17,"enemies":"Gremlin Leader","floor":25,"turns":2}],"seed_played":"-6526349637774763624","potions_obtained":[{"floor":3.0,"key":"Energy Potion"},{"floor":8.0,"key":"PowerPotion"},{"floor":13.0,"key":"GamblersBrew"},{"floor":18.0,"key":"Fire Potion"},{"floor":20.0,"key":"Ancient Potion"}],"is_trial":false,"path_per_floor":["M","?","M","M","?","R","M","E","T","E","R","M","E","M","R","B",null,"M","$","M","M","M","R","?","E"],"character_chosen":"DEFECT","items_purchased":["ClockworkSouvenir","Apotheosis+1"],"campfire_rested":3,"item_purchase_floors":[19,19],"current_hp_per_floor":[63,52,48,48,41,62,55,47,47,40,40,31,15,14,35,12,56,40,40,34,17,11,32,15,0],"gold":97,"neow_bonus":"REMOVE_CARD","is_prod":false,"is_daily":false,"chose_seed":false,"campfire_upgraded":1,"win_rate":0,"timestamp":1554691870,"path_taken":["M","?","M","M","?","R","M","E","T","E","R","M","E","M","R","BOSS","M","$","M","M","M","R","?","E"],"build_version":"2019-04-04","purchased_purges":0,"victory":false,"max_hp_per_floor":[71,71,71,71,71,71,71,71,71,71,71,71,71,71,71,71,71,71,71,71,71,71,71,71,71],"card_choices":[{"not_picked":["Leap","Sweeping Beam"],"picked":"Rip and Tear","floor":1.0},{"not_picked":["Force Field+1","Beam Cell"],"picked":"Coolheaded+1","floor":3.0},{"not_picked":["Aggregate+1","Melter"],"picked":"Steam+1","floor":4.0},{"not_picked":["Steam+1","Leap+1"],"picked":"Doom and Gloom","floor":7.0},{"not_picked":["Compile Driver","Chaos+1"],"picked":"Creative AI","floor":8.0},{"not_picked":["Steam+1","Doom and Gloom"],"picked":"Compile Driver","floor":10.0},{"not_picked":["Compile Driver","Gash"],"picked":"FTL","floor":12.0},{"not_picked":["Steam+1","Lockon","Hello World"],"picked":"SKIP","floor":13.0},{"not_picked":["Recycle+1","Beam Cell"],"picked":"Hologram+1","floor":14.0},{"not_picked":["Fission+1","Buffer"],"picked":"Electrodynamics","floor":16.0},{"not_picked":["Gash","Compile Driver"],"picked":"Leap+1","floor":17.0},{"not_picked":["Redo+1","Hologram+1"],"picked":"Defragment","floor":17.0},{"not_picked":["Barrage","Lockon"],"picked":"Heatsinks","floor":17.0},{"not_picked":["Streamline","Cold Snap"],"picked":"Chaos+1","floor":17.0},{"not_picked":["Conserve Battery+1","Stack+1"],"picked":"Capacitor","floor":18.0},{"not_picked":["Steam Power+1","Hello World","Barrage"],"picked":"SKIP","floor":20.0},{"not_picked":["Gash","Machine Learning"],"picked":"Self Repair","floor":21.0},{"not_picked":["Ball Lightning+1","Steam+1"],"picked":"Turbo+1","floor":22.0}],"player_experience":2785668,"relics_obtained":[{"floor":8.0,"key":"Du-Vu Doll"},{"floor":9.0,"key":"Unceasing Top"},{"floor":10.0,"key":"MawBank"},{"floor":13.0,"key":"Gremlin Horn"}],"event_choices":[{"damage_healed":0.0,"max_hp_gain":0.0,"max_hp_loss":0.0,"gold_gain":0.0,"event_name":"Scrap Ooze","player_choice":"Success","floor":2.0,"gold_loss":0.0,"damage_taken":11.0,"relics_obtained":["Toxic Egg 2"]},{"cards_removed":["Strike_B"],"damage_healed":0.0,"max_hp_gain":0.0,"max_hp_loss":0.0,"gold_gain":0.0,"event_name":"Golden Wing","player_choice":"Card Removal","floor":5.0,"gold_loss":0.0,"damage_taken":7.0},{"damage_healed":0,"gold_gain":0,"player_choice":"Fight","damage_taken":0,"max_hp_gain":0,"max_hp_loss":0,"event_name":"Colosseum","floor":24,"gold_loss":0},{"damage_healed":0,"gold_gain":0,"player_choice":"Fled From Nobs","damage_taken":0,"max_hp_gain":0,"max_hp_loss":0,"event_name":"Colosseum","floor":24,"gold_loss":0}],"is_beta":true,"boss_relics":[{"not_picked":["Astrolabe","Tiny House"],"picked":"Orrery"}],"items_purged_floors":[],"is_endless":false,"potions_floor_spawned":[3,8,13,18,20,24],"killed_by":"Gremlin Leader","ascension_level":20}