{"gold_per_floor":[117,117,129,129,144,177,197,197,197,216,160,160],"floor_reached":12,"playtime":479,"items_purged":[],"score":152,"play_id":"0cf89449-ae7e-44f9-8f67-5170a4ec5c38","local_time":"20190413152156","is_ascension_mode":true,"campfire_choices":[{"floor":8,"key":"REST"}],"neow_cost":"NONE","seed_source_timestamp":109218879950093,"circlet_count":0,"master_deck":["AscendersBane","Strike_B","Strike_B","Strike_B","Strike_B","Defend_B","Defend_B","Defend_B","Defend_B","Zap+1","Dualcast","Self Repair","Compile Driver","Doom and Gloom","Chill","Double Energy"],"relics":["Cracked Core","NeowsBlessing","Bronze Scales","Pantograph","Pen Nib"],"potions_floor_usage":[6,7,7],"damage_taken":[{"damage":0,"enemies":"Jaw Worm","floor":1,"turns":1},{"damage":0,"enemies":"2 Louse","floor":3,"turns":1},{"damage":0,"enemies":"Small Slimes","floor":5,"turns":1},{"damage":36,"enemies":"Gremlin Nob","floor":6,"turns":4},{"damage":7,"enemies":"Exordium Wildlife","floor":7,"turns":5},{"damage":12,"enemies":"3 Louse","floor":10,"turns":4},{"damage":31,"enemies":"Lagavulin","floor":12,"turns":3}],"seed_played":"2166107218829153266","potions_obtained":[{"floor":1,"key":"Poison Potion"},{"floor":3,"key":"Dexterity Potion"},{"floor":6,"key":"Poison Potion"}],"is_trial":false,"path_per_floor":["M","?","M","?","M","E","M","R","T","M","?","E"],"character_chosen":"DEFECT","items_purchased":[],"campfire_rested":1,"item_purchase_floors":[],"current_hp_per_floor":[64,38,45,45,45,16,16,37,37,25,25,0],"gold":160,"neow_bonus":"THREE_ENEMY_KILL","is_prod":false,"is_daily":false,"chose_seed":false,"campfire_upgraded":0,"win_rate":0,"timestamp":1555165316,"path_taken":["M","?","M","?","M","E","M","R","T","M","?","E"],"build_version":"2019-01-23","purchased_purges":0,"victory":false,"max_hp_per_floor":[71,71,71,71,71,71,71,71,71,71,71,71],"card_choices":[{"not_picked":["Sweeping Beam","Beam Cell"],"picked":"Self Repair","floor":1},{"not_picked":["Undo","Chaos"],"picked":"Compile Driver","floor":3},{"not_picked":["Steam","Sweeping Beam"],"picked":"Doom and Gloom","floor":5},{"not_picked":["Hologram","Gash","Compile Driver"],"picked":"SKIP","floor":6},{"not_picked":["Coolheaded","Genetic Algorithm"],"picked":"Chill","floor":7},{"not_picked":["Redo","Compile Driver"],"picked":"Double Energy","floor":10}],"player_experience":1062552,"relics_obtained":[{"floor":6,"key":"Pantograph"},{"floor":9,"key":"Pen Nib"}],"event_choices":[{"damage_healed":0,"gold_gain":0,"player_choice":"Success","damage_taken":26,"relics_obtained":["Bronze Scales"],"max_hp_gain":0,"max_hp_loss":0,"event_name":"Scrap Ooze","floor":2,"gold_loss":0},{"damage_healed":0,"gold_gain":0,"player_choice":"Grow","damage_taken":0,"max_hp_gain":0,"max_hp_loss":0,"event_name":"Living Wall","floor":4,"gold_loss":0,"cards_upgraded":["Zap"]},{"damage_healed":0,"gold_gain":0,"player_choice":"Left Gold","damage_taken":0,"max_hp_gain":0,"max_hp_loss":0,"event_name":"World of Goop","floor":11,"gold_loss":56}],"is_beta":false,"boss_relics":[],"items_purged_floors":[],"is_endless":false,"potions_floor_spawned":[1,3,6],"killed_by":"Lagavulin","ascension_level":18}