{"gold_per_floor":[112,124,139,157,137,168,168,185,208,219,251,251,269,286,286,391,403,432,444,471,233,233,262,262,277,277,294,294,89,123,134,134,233,233,245,259,259,58,0,0,29,29,112,139,158,178,208,7,7,7],"floor_reached":51,"playtime":1662,"items_purged":["Defend_R","Pain","Clumsy","Parasite"],"score":964,"play_id":"8e280ab7-e06a-4b5e-9851-95d19e1dd73b","local_time":"20181011084526","daily_mods":["Allstar","Vintage","Terminal"],"is_ascension_mode":false,"campfire_choices":[{"floor":7.0,"key":"REST"},{"data":"Spot Weakness","floor":12.0,"key":"SMITH"},{"data":"Metamorphosis","floor":15.0,"key":"SMITH"},{"data":"Demon Form","floor":28.0,"key":"SMITH"},{"data":"Heavy Blade","floor":32.0,"key":"SMITH"},{"data":"Demon Form","floor":40.0,"key":"SMITH"},{"data":"Mind Blast","floor":42.0,"key":"SMITH"},{"data":"Mind Blast","floor":49,"key":"SMITH"}],"neow_cost":"","seed_source_timestamp":0,"circlet_count":0,"master_deck":["Strike_R","Strike_R+1","Strike_R","Strike_R","Strike_R","Defend_R+1","Defend_R","Defend_R","Bash","The Bomb","Metamorphosis+1","Mind Blast+1","Mind Blast+1","Bandage Up+1","Spot Weakness+1","Impervious","Demon Form+1","Heavy Blade+1","Rampage+1","Rampage+1","Demon Form+1","Heavy Blade+1"],"special_seed":0,"relics":["Burning Blood","Letter Opener","Happy Flower","Art of War","Blood Vial","Smiling Mask","Bag of Marbles","Ancient Tea Set","Mummified Hand","Paper Frog","Meat on the Bone","Bag of Preparation","MawBank","Cursed Key","PreservedInsect","Calipers","ClockworkSouvenir","WarpedTongs","Mango","MutagenicStrength","Pantograph","FossilizedHelix","Juzu Bracelet","Strawberry","Bottled Lightning","Unceasing Top","Anchor","Eternal Feather","Oddly Smooth Stone","Molten Egg 2","Incense Burner","War Paint","Red Mask","Red Skull","Tiny Chest","Omamori","Whetstone","Magic Flower","Vajra","Pen Nib"],"potions_floor_usage":[],"damage_taken":[{"damage":0.0,"enemies":"Small Slimes","floor":1.0,"turns":5.0},{"damage":1.0,"enemies":"Cultist","floor":2.0,"turns":3.0},{"damage":3.0,"enemies":"2 Louse","floor":3.0,"turns":3.0},{"damage":35.0,"enemies":"Gremlin Gang","floor":4.0,"turns":5.0},{"damage":29.0,"enemies":"Gremlin Nob","floor":6.0,"turns":5.0},{"damage":0.0,"enemies":"3 Louse","floor":8.0,"turns":4.0},{"damage":15.0,"enemies":"Blue Slaver","floor":10.0,"turns":3.0},{"damage":27.0,"enemies":"Lagavulin","floor":11.0,"turns":5.0},{"damage":8.0,"enemies":"Red Slaver","floor":13.0,"turns":2.0},{"damage":0.0,"enemies":"Large Slime","floor":14.0,"turns":4.0},{"damage":43.0,"enemies":"The Guardian","floor":16.0,"turns":8.0},{"damage":9.0,"enemies":"Spheric Guardian","floor":18.0,"turns":4.0},{"damage":0.0,"enemies":"Chosen","floor":20.0,"turns":3.0},{"damage":11.0,"enemies":"Book of Stabbing","floor":23.0,"turns":4.0},{"damage":2.0,"enemies":"Snecko","floor":25.0,"turns":4.0},{"damage":11.0,"enemies":"Shelled Parasite and Fungi","floor":27.0,"turns":4.0},{"damage":9.0,"enemies":"Gremlin Leader","floor":30.0,"turns":5.0},{"damage":15.0,"enemies":"Sentry and Sphere","floor":31.0,"turns":4.0},{"damage":0.0,"enemies":"Champ","floor":33.0,"turns":7.0},{"damage":0.0,"enemies":"Orb Walker","floor":35.0,"turns":2.0},{"damage":9.0,"enemies":"3 Darklings","floor":36.0,"turns":4.0},{"damage":12.0,"enemies":"Mind Bloom Boss Battle","floor":37.0,"turns":5.0},{"damage":0.0,"enemies":"2 Orb Walkers","floor":41.0,"turns":3.0},{"damage":0.0,"enemies":"Nemesis","floor":44.0,"turns":3.0},{"damage":0,"enemies":"Transient","floor":45,"turns":5},{"damage":5,"enemies":"Sphere and 2 Shapes","floor":46,"turns":3},{"damage":25,"enemies":"2 Orb Walkers","floor":47,"turns":4},{"damage":35,"enemies":"Time Eater","floor":50,"turns":6}],"seed_played":"-5647413326069729981","potions_obtained":[{"floor":1.0,"key":"FearPotion"},{"floor":4.0,"key":"AttackPotion"},{"floor":5.0,"key":"FearPotion"},{"floor":10.0,"key":"Fire Potion"},{"floor":16.0,"key":"SteroidPotion"},{"floor":18.0,"key":"FearPotion"},{"floor":31.0,"key":"Fruit Juice"},{"floor":36.0,"key":"LiquidBronze"},{"floor":47,"key":"Fire Potion"}],"is_trial":true,"path_per_floor":["M","M","M","M","?","E","R","M","T","M","E","R","M","M","R","B",null,"M","?","M","$","?","E","?","M","T","M","R","$","E","M","R","B",null,"M","M","?","$","?","R","E","R","T","E","M","M","E","$","R","B"],"character_chosen":"IRONCLAD","items_purchased":["ClockworkSouvenir","Strawberry","War Paint","Pen Nib"],"campfire_rested":1,"item_purchase_floors":[21,29,38,48],"current_hp_per_floor":[78,77,76,51,51,30,51,63,63,60,45,45,45,57,57,38,62,59,59,59,58,57,70,69,68,67,66,65,71,68,66,66,72,71,70,69,67,67,66,65,64,63,62,61,60,59,51,51,53,45],"gold":7,"neow_bonus":"","is_prod":false,"is_daily":false,"chose_seed":false,"campfire_upgraded":7,"win_rate":0,"timestamp":1539261926,"path_taken":["M","M","M","M","?","E","R","M","T","M","E","R","M","?","R","BOSS","M","?","M","$","?","E","?","?","T","M","R","$","E","M","R","BOSS","M","M","?","?","?","R","E","R","T","E","M","M","E","$","R","BOSS"],"build_version":"2018-10-04v2","purchased_purges":4,"victory":true,"max_hp_per_floor":[78,77,76,75,74,73,72,71,70,69,68,67,66,65,64,63,62,61,60,59,58,57,70,69,68,67,66,65,71,70,74,73,72,71,70,69,68,67,66,65,64,63,62,61,60,59,58,54,53,52],"card_choices":[{"not_picked":["Feed","Anger"],"picked":"Spot Weakness","floor":6.0},{"not_picked":["Sword Boomerang","Anger"],"picked":"Impervious","floor":11.0},{"not_picked":["Reaper","Offering"],"picked":"Demon Form","floor":16.0},{"not_picked":["Pommel Strike+1","Exhume"],"picked":"Rampage","floor":23.0},{"not_picked":["Combust+1","Seeing Red"],"picked":"Rampage+1","floor":30.0},{"not_picked":["Impervious","Brutality"],"picked":"Demon Form","floor":33.0},{"not_picked":["Intimidate","Anger+1","Body Slam+1"],"picked":"SKIP","floor":41.0},{"not_picked":["Iron Wave+1","Pommel Strike+1","Flame Barrier+1"],"picked":"SKIP","floor":44.0},{"not_picked":["Thunderclap+1","Rupture+1"],"picked":"Heavy Blade+1","floor":47}],"player_experience":214823,"relics_obtained":[{"floor":1.0,"key":"Letter Opener"},{"floor":2.0,"key":"Happy Flower"},{"floor":3.0,"key":"Art of War"},{"floor":4.0,"key":"Blood Vial"},{"floor":6.0,"key":"Smiling Mask"},{"floor":8.0,"key":"Bag of Marbles"},{"floor":9.0,"key":"Ancient Tea Set"},{"floor":10.0,"key":"Mummified Hand"},{"floor":11.0,"key":"Paper Frog"},{"floor":13.0,"key":"Meat on the Bone"},{"floor":14.0,"key":"Bag of Preparation"},{"floor":16.0,"key":"MawBank"},{"floor":18.0,"key":"PreservedInsect"},{"floor":20.0,"key":"Calipers"},{"floor":23.0,"key":"Mango"},{"floor":25.0,"key":"Pantograph"},{"floor":26.0,"key":"FossilizedHelix"},{"floor":27.0,"key":"Juzu Bracelet"},{"floor":30.0,"key":"Bottled Lightning"},{"floor":31.0,"key":"Unceasing Top"},{"floor":33.0,"key":"Anchor"},{"floor":35.0,"key":"Oddly Smooth Stone"},{"floor":36.0,"key":"Molten Egg 2"},{"floor":37.0,"key":"Incense Burner"},{"floor":41.0,"key":"Red Skull"},{"floor":43.0,"key":"Tiny Chest"},{"floor":44.0,"key":"Omamori"},{"floor":45,"key":"Whetstone"},{"floor":46,"key":"Magic Flower"},{"floor":47,"key":"Vajra"}],"event_choices":[{"event_name":"The Woman in Blue","player_choice":"Bought 1 Potion","floor":5.0,"damage_taken":0.0},{"event_name":"The Library","player_choice":"Read","floor":19.0,"damage_taken":0.0},{"event_name":"Accursed Blacksmith","player_choice":"Rummage","floor":22.0,"damage_taken":0.0},{"event_name":"Drug Dealer","player_choice":"Inject Mutagens","floor":24.0,"damage_taken":0.0},{"event_name":"MindBloom","player_choice":"Fight","floor":37.0,"damage_taken":0.0},{"event_name":"Tomb of Lord Red Mask","player_choice":"Paid","floor":39.0,"damage_taken":0.0}],"is_beta":false,"boss_relics":[{"not_picked":["Mark of Pain","Empty Cage"],"picked":"Cursed Key"},{"not_picked":["Fusion Hammer","Lizard Tail"],"picked":"Eternal Feather"}],"items_purged_floors":[21,29,38,48],"is_endless":false,"potions_floor_spawned":[1,4,10,16,18,31,36,37,47],"ascension_level":0}