{"gold_per_floor":[110,127,127,15,15,50,50,50,50,70,70,84,84,98,98,193,193,206,20,20,39,56,56,75,75,75,75,95,95,123,48,48,48],"floor_reached":33,"playtime":780,"items_purged":[],"score":410,"play_id":"1829d605-3d48-4b0a-a965-544444c6bb67","local_time":"20181016093303","is_ascension_mode":true,"campfire_choices":[{"floor":8,"key":"REST"},{"floor":13,"key":"REST"},{"data":"Storm","floor":15,"key":"SMITH"},{"data":"Redo","floor":23,"key":"SMITH"},{"floor":25,"key":"REST"},{"floor":29,"key":"REST"},{"floor":32,"key":"REST"}],"neow_cost":"NONE","seed_source_timestamp":487905994666243,"circlet_count":0,"master_deck":["Strike_B","Strike_B","Strike_B","Strike_B","Defend_B","Defend_B","Defend_B","Zap+1","Dualcast+1","Rebound","Steam Power","Storm","Lockon","Ball Lightning","Storm+1","Streamline","Coolheaded","Conserve Battery","Defragment","Electrodynamics","Steam","Static Discharge","Beam Cell","Redo+1","Fusion+1","Undo","All For One","Coolheaded+1","Machine Learning"],"relics":["Cracked Core","Pear","Omamori","Lizard Tail","Oddly Smooth Stone","Nloth\u0027s Gift","Centennial Puzzle","Symbiotic Virus"],"potions_floor_usage":[21,24,30,33],"damage_taken":[{"damage":1,"enemies":"Cultist","floor":1,"turns":3},{"damage":12,"enemies":"Jaw Worm","floor":2,"turns":2},{"damage":35,"enemies":"3 Sentries","floor":6,"turns":7},{"damage":7,"enemies":"Small Slimes","floor":10,"turns":2},{"damage":9,"enemies":"2 Fungi Beasts","floor":12,"turns":2},{"damage":20,"enemies":"Lots of Slimes","floor":14,"turns":3},{"damage":0,"enemies":"Slime Boss","floor":16,"turns":5},{"damage":14,"enemies":"Spheric Guardian","floor":18,"turns":4},{"damage":0,"enemies":"Chosen","floor":21,"turns":3},{"damage":17,"enemies":"Centurion and Healer","floor":22,"turns":5},{"damage":28,"enemies":"Shelled Parasite and Fungi","floor":24,"turns":4},{"damage":12,"enemies":"Chosen and Byrds","floor":28,"turns":4},{"damage":23,"enemies":"Slavers","floor":30,"turns":2},{"damage":154,"enemies":"Champ","floor":33,"turns":9}],"seed_played":"-1835308387531251159","potions_obtained":[{"floor":6,"key":"Weak Potion"},{"floor":12,"key":"FairyPotion"},{"floor":16,"key":"Energy Potion"},{"floor":18,"key":"Block Potion"},{"floor":24,"key":"SkillPotion"},{"floor":30,"key":"Poison Potion"}],"is_trial":false,"path_per_floor":["M","M","?","$","?","E","?","R","T","M","?","M","R","M","R","B",null,"M","$","?","M","M","R","M","R","T","?","M","R","E","?","R"],"character_chosen":"DEFECT","items_purchased":["Storm","Lockon","Static Discharge","Oddly Smooth Stone"],"campfire_rested":5,"item_purchase_floors":[4,4,19,19],"current_hp_per_floor":[67,55,55,55,55,20,20,42,52,45,45,36,61,41,41,41,74,60,60,60,60,43,43,15,40,40,40,28,53,30,30,55,0],"gold":48,"neow_bonus":"UPGRADE_CARD","is_prod":false,"is_daily":false,"chose_seed":false,"campfire_upgraded":2,"win_rate":0,"timestamp":1539707583,"path_taken":["M","?","?","$","?","E","?","R","T","M","?","M","R","M","R","BOSS","M","$","?","M","M","R","M","R","T","?","?","R","E","?","R","BOSS"],"build_version":"2018-10-11","purchased_purges":0,"victory":false,"max_hp_per_floor":[75,75,75,75,75,75,75,75,85,85,85,85,85,85,85,85,85,85,85,85,85,85,85,85,85,85,85,85,85,85,85,85,85],"card_choices":[{"not_picked":["Recycle","Go for the Eyes"],"picked":"Rebound","floor":1},{"not_picked":["Blizzard","Hello World"],"picked":"Steam Power","floor":2},{"not_picked":["Streamline","Stack"],"picked":"Ball Lightning","floor":6},{"not_picked":["Leap","Beam Cell"],"picked":"Storm","floor":8},{"not_picked":["Hello World","Genetic Algorithm"],"picked":"Streamline","floor":10},{"not_picked":["Lockon","Streamline"],"picked":"Coolheaded","floor":12},{"not_picked":["Compile Driver","Hologram"],"picked":"Conserve Battery","floor":13},{"not_picked":["Blizzard","Recycle"],"picked":"Defragment","floor":14},{"not_picked":["Buffer","Creative AI"],"picked":"Electrodynamics","floor":16},{"not_picked":["Gash","Aggregate"],"picked":"Steam","floor":18},{"not_picked":["Steam","Streamline"],"picked":"Beam Cell","floor":21},{"not_picked":["Turbo+1","Double Energy"],"picked":"Redo","floor":22},{"not_picked":["Steam Power","Gash"],"picked":"Fusion+1","floor":24},{"not_picked":["Amplify","Cold Snap"],"picked":"Coolheaded+1","floor":28},{"not_picked":["Go for the Eyes","Reboot"],"picked":"Machine Learning","floor":30}],"player_experience":522582,"relics_obtained":[{"floor":6,"key":"Dream Catcher"},{"floor":9,"key":"Pear"},{"floor":26,"key":"Centennial Puzzle"},{"floor":30,"key":"Symbiotic Virus"}],"event_choices":[{"event_name":"Golden Wing","player_choice":"Ignored","floor":3,"damage_taken":0},{"event_name":"Upgrade Shrine","player_choice":"Upgraded","floor":5,"damage_taken":0},{"event_name":"Shining Light","player_choice":"Ignored","floor":7,"damage_taken":0},{"event_name":"Dead Adventurer","player_choice":"Searched \u00271\u0027 times","floor":11,"damage_taken":0},{"event_name":"N\u0027loth","player_choice":"Traded a Dream Catcher","floor":20,"damage_taken":0},{"event_name":"Match and Keep!","player_choice":"2 cards matched","floor":27,"damage_taken":0},{"event_name":"Beggar","player_choice":"Gave Gold","floor":31,"damage_taken":0}],"is_beta":false,"boss_relics":[{"not_picked":["Busted Crown","Runic Pyramid"],"picked":"Lizard Tail"}],"items_purged_floors":[],"is_endless":false,"potions_floor_spawned":[6,12,16,18,24,30],"killed_by":"Champ","ascension_level":6}