{"gold_per_floor":[119,119,192,16,28,28,28,54,101,126,140,159,189,204,204,276,276,294,312,331,331,346,346,359,144,171,446,479,490,490,508,508,508],"floor_reached":33,"playtime":842,"items_purged":["Regret","Writhe"],"score":550,"play_id":"3601be45-9c54-47bf-a3d7-bad03b39d079","local_time":"20181024122458","is_ascension_mode":true,"campfire_choices":[{"data":"Inflame","floor":6,"key":"SMITH"},{"floor":15,"key":"REST"},{"data":"Double Tap","floor":23,"key":"SMITH"},{"floor":30,"key":"REST"},{"floor":32,"key":"REST"}],"neow_cost":"NONE","seed_source_timestamp":1189361076948199,"circlet_count":0,"master_deck":["Strike_R","Strike_R","Strike_R","Strike_R","Strike_R","Defend_R","Defend_R","Defend_R","Defend_R","Bash","AscendersBane","Uppercut","Pommel Strike","Inflame+1","Iron Wave","Twin Strike","Iron Wave","Perfected Strike","Sword Boomerang","Wild Strike","Double Tap+1","Burning Pact","Evolve+1","Flex","Power Through","Inflame","Regret","Demon Form","Flex","Power Through"],"relics":["Burning Blood","Blood Vial","Strawberry","Bottled Tornado","Vajra","Pen Nib","PreservedInsect","Busted Crown","Question Card","Bronze Scales","Kunai"],"potions_floor_usage":[8,10,12,13,20,28,33],"damage_taken":[{"damage":11,"enemies":"Cultist","floor":1,"turns":4},{"damage":2,"enemies":"2 Louse","floor":5,"turns":3},{"damage":30,"enemies":"3 Sentries","floor":8,"turns":5},{"damage":35,"enemies":"Lagavulin","floor":10,"turns":6},{"damage":7,"enemies":"Jaw Worm","floor":11,"turns":2},{"damage":4,"enemies":"Blue Slaver","floor":12,"turns":2},{"damage":0,"enemies":"Gremlin Nob","floor":13,"turns":2},{"damage":24,"enemies":"Exordium Thugs","floor":14,"turns":4},{"damage":47,"enemies":"Hexaghost","floor":16,"turns":8},{"damage":18,"enemies":"2 Thieves","floor":18,"turns":3},{"damage":12,"enemies":"3 Byrds","floor":19,"turns":3},{"damage":0,"enemies":"Snake Plant","floor":20,"turns":2},{"damage":14,"enemies":"Centurion and Healer","floor":22,"turns":5},{"damage":0,"enemies":"Snecko","floor":24,"turns":2},{"damage":24,"enemies":"Book of Stabbing","floor":28,"turns":3},{"damage":19,"enemies":"Snake Plant","floor":29,"turns":3},{"damage":50,"enemies":"3 Cultists","floor":31,"turns":4},{"damage":76,"enemies":"Automaton","floor":33,"turns":8}],"seed_played":"-255699626076620425","potions_obtained":[{"floor":8,"key":"SteroidPotion"},{"floor":10,"key":"PowerPotion"},{"floor":12,"key":"FearPotion"},{"floor":18,"key":"FairyPotion"},{"floor":19,"key":"Fire Potion"},{"floor":22,"key":"FearPotion"},{"floor":29,"key":"Dexterity Potion"},{"floor":31,"key":"Block Potion"}],"is_trial":false,"path_per_floor":["M","?","?","$","M","R","$","E","T","E","M","M","E","M","R","B",null,"M","M","M","?","M","R","M","$","T","?","E","M","R","M","R"],"character_chosen":"IRONCLAD","items_purchased":["Pommel Strike","Fire Potion","Power Through","Inflame"],"campfire_rested":3,"item_purchase_floors":[4,4,25,25],"current_hp_per_floor":[65,72,72,72,78,78,78,56,56,29,30,34,42,26,50,11,64,54,50,58,58,52,52,60,60,60,60,44,33,57,15,39,0],"gold":508,"neow_bonus":"RANDOM_COMMON_RELIC","is_prod":false,"is_daily":false,"chose_seed":false,"campfire_upgraded":2,"win_rate":0,"timestamp":1540409098,"path_taken":["M","?","?","$","?","R","$","E","T","E","M","M","E","M","R","BOSS","M","M","?","?","M","R","?","$","T","?","E","M","R","M","R","BOSS"],"build_version":"2018-10-18","purchased_purges":2,"victory":false,"max_hp_per_floor":[75,82,82,82,82,82,82,82,82,82,82,82,82,82,82,82,82,82,82,82,82,82,82,82,82,82,82,82,82,82,82,82,82],"card_choices":[{"not_picked":["Wild Strike","Clothesline"],"picked":"Uppercut","floor":1},{"not_picked":["Iron Wave","Corruption"],"picked":"Inflame","floor":5},{"not_picked":["Brutality","Clash"],"picked":"Iron Wave","floor":8},{"not_picked":["Dark Embrace","Berserk"],"picked":"Twin Strike","floor":10},{"not_picked":["Hemokinesis","Armaments"],"picked":"Iron Wave","floor":11},{"not_picked":["Iron Wave","Wild Strike"],"picked":"Perfected Strike","floor":12},{"not_picked":["Warcry","Second Wind"],"picked":"Sword Boomerang","floor":13},{"not_picked":["Impervious","Perfected Strike"],"picked":"Wild Strike","floor":14},{"not_picked":["Barricade","Bludgeon"],"picked":"Double Tap","floor":16},{"not_picked":[],"picked":"Burning Pact","floor":18},{"not_picked":[],"picked":"Evolve+1","floor":19},{"not_picked":["Clothesline"],"picked":"SKIP","floor":20},{"not_picked":["Heavy Blade","Rupture+1"],"picked":"SKIP","floor":22},{"not_picked":["Clash"],"picked":"Flex","floor":24},{"not_picked":["Flame Barrier"],"picked":"Demon Form","floor":28},{"not_picked":["Sever Soul"],"picked":"Flex","floor":29},{"not_picked":["Shockwave"],"picked":"Power Through","floor":31}],"player_experience":635988,"relics_obtained":[{"floor":8,"key":"Bottled Tornado"},{"floor":9,"key":"Vajra"},{"floor":10,"key":"Pen Nib"},{"floor":13,"key":"PreservedInsect"},{"floor":26,"key":"Bronze Scales"},{"floor":28,"key":"Kunai"}],"event_choices":[{"damage_healed":0,"gold_gain":0,"player_choice":"Box","damage_taken":0,"relics_obtained":["Strawberry"],"max_hp_gain":0,"max_hp_loss":0,"event_name":"Big Fish","floor":2,"gold_loss":0,"cards_obtained":["Regret"]},{"damage_healed":0,"gold_gain":73,"player_choice":"Gained Gold","damage_taken":0,"max_hp_gain":0,"max_hp_loss":0,"event_name":"Golden Wing","floor":3,"gold_loss":0},{"damage_healed":0,"gold_gain":0,"player_choice":"Opened","damage_taken":0,"relics_obtained":["Question Card"],"max_hp_gain":0,"max_hp_loss":0,"event_name":"The Mausoleum","floor":21,"gold_loss":0,"cards_obtained":["Writhe"]},{"damage_healed":0,"gold_gain":275,"player_choice":"Desecrate","damage_taken":0,"max_hp_gain":0,"max_hp_loss":0,"event_name":"Golden Shrine","floor":27,"gold_loss":0,"cards_obtained":["Regret"]}],"is_beta":false,"boss_relics":[{"not_picked":["Runic Dome","Sozu"],"picked":"Busted Crown"}],"items_purged_floors":[4,25],"is_endless":false,"potions_floor_spawned":[8,10,12,18,19,22,24,29,31],"killed_by":"Automaton","ascension_level":15}