{"gold_per_floor":[124,136,148,172,30,59,59,84,109,259,276,276,303,303,303,382,382,401,429,440,440,458,488,488,503,503,23,23,23,23,35,35,111,161,174,194,294,294,308,308,530,530,555,572,109,109,109,109,109,109],"floor_reached":51,"playtime":2220,"items_purged":["Decay","Doubt"],"score":1326,"play_id":"7e957ab4-17b7-4c25-b91b-9fde8ea08295","local_time":"20190316152839","is_ascension_mode":true,"campfire_choices":[{"floor":7,"key":"REST"},{"floor":12,"key":"REST"},{"data":"Shockwave","floor":15,"key":"SMITH"},{"floor":24,"key":"REST"},{"data":"True Grit","floor":30,"key":"SMITH"},{"data":"Limit Break","floor":32,"key":"SMITH"},{"data":"Limit Break","floor":40,"key":"SMITH"},{"data":"Double Tap","floor":46,"key":"SMITH"},{"data":"Master of Strategy","floor":47,"key":"SMITH"},{"data":"Impervious","floor":49,"key":"SMITH"}],"neow_cost":"NONE","seed_source_timestamp":1037245845812933,"circlet_count":0,"master_deck":["AscendersBane","Strike_R+1","Strike_R+1","Strike_R+1","Strike_R+1","Strike_R+1","Defend_R+1","Defend_R+1","Defend_R+1","Defend_R+1","Bash","Rampage+1","Headbutt+1","Blood for Blood","Double Tap+1","Shockwave+1","Parasite","Limit Break+1","Cleave","Sword Boomerang","Limit Break+1","Writhe","True Grit+1","Writhe","Ghostly Armor+1","Impervious+1","Twin Strike+1","Flame Barrier","Cleave+1","Disarm","Madness","Madness","Carnage+1","Master of Strategy+1","Clumsy","Headbutt+1","Sever Soul+1"],"relics":["Burning Blood","MawBank","Regal Pillow","Orichalcum","Du-Vu Doll","Potion Belt","Bag of Marbles","Cursed Key","Red Mask","Bronze Scales","Molten Egg 2","Membership Card","WingedGreaves","Boot","Paper Frog","Tiny House","Gambling Chip","Juzu Bracelet","Lee\u0027s Waffle","Shuriken","Mercury Hourglass"],"potions_floor_usage":[13,31,33,36,39,44,50,50,50],"damage_taken":[{"damage":14,"enemies":"Jaw Worm","floor":1,"turns":3},{"damage":4,"enemies":"2 Louse","floor":4,"turns":3},{"damage":20,"enemies":"Gremlin Nob","floor":6,"turns":4},{"damage":30,"enemies":"Lagavulin","floor":8,"turns":7},{"damage":9,"enemies":"Small Slimes","floor":11,"turns":3},{"damage":10,"enemies":"Gremlin Nob","floor":13,"turns":3},{"damage":37,"enemies":"The Guardian","floor":16,"turns":8},{"damage":6,"enemies":"Spheric Guardian","floor":18,"turns":3},{"damage":21,"enemies":"Masked Bandits","floor":19,"turns":4},{"damage":9,"enemies":"Shell Parasite","floor":20,"turns":3},{"damage":14,"enemies":"Snake Plant","floor":22,"turns":3},{"damage":11,"enemies":"Gremlin Leader","floor":23,"turns":5},{"damage":20,"enemies":"Snecko","floor":25,"turns":4},{"damage":0,"enemies":"3 Cultists","floor":31,"turns":1},{"damage":30,"enemies":"Automaton","floor":33,"turns":5},{"damage":2,"enemies":"3 Darklings","floor":35,"turns":4},{"damage":0,"enemies":"Orb Walker","floor":36,"turns":2},{"damage":0,"enemies":"Mind Bloom Boss Battle","floor":37,"turns":5},{"damage":12,"enemies":"Maw","floor":39,"turns":7},{"damage":18,"enemies":"Writhing Mass","floor":44,"turns":4},{"damage":41,"enemies":"Donu and Deca","floor":50,"turns":6}],"seed_played":"-6372766220251034816","potions_obtained":[{"floor":6,"key":"Swift Potion"},{"floor":13,"key":"Dexterity Potion"},{"floor":16,"key":"GamblersBrew"},{"floor":18,"key":"Weak Potion"},{"floor":20,"key":"Explosive Potion"},{"floor":31,"key":"Ancient Potion"},{"floor":33,"key":"AttackPotion"},{"floor":34,"key":"Weak Potion"},{"floor":39,"key":"Fire Potion"},{"floor":44,"key":"Weak Potion"}],"is_trial":false,"path_per_floor":["M","?","?","M","$","E","R","E","T","?","M","R","E","?","R","B",null,"M","?","M","?","M","E","R","M","T","$","?","?","R","M","R","B",null,"M","M","?","?","M","R","?","?","T","M","$","R","R","?","R","B",null],"character_chosen":"IRONCLAD","items_purchased":["Regal Pillow","Membership Card","True Grit","WingedGreaves","Boot","Lee\u0027s Waffle","Shuriken","Mercury Hourglass","PowerPotion","Sever Soul+1"],"campfire_rested":3,"item_purchase_floors":[5,27,27,27,27,45,45,45,45,45],"current_hp_per_floor":[60,37,37,39,39,25,62,38,38,38,35,72,68,75,75,44,67,67,52,49,49,41,36,73,59,59,59,59,59,59,65,65,41,72,76,80,80,66,60,60,60,60,60,48,87,87,87,87,87,52],"gold":109,"neow_bonus":"RANDOM_COMMON_RELIC","is_prod":false,"is_daily":false,"chose_seed":false,"campfire_upgraded":7,"win_rate":0,"timestamp":1552764519,"path_taken":["M","?","?","M","?","E","R","E","T","?","?","R","E","?","R","BOSS","M","?","M","?","M","E","R","M","T","$","?","?","R","M","R","BOSS","M","M","?","?","M","R","?","?","T","M","$","R","R","?","R","BOSS"],"build_version":"2019-01-23","purchased_purges":2,"victory":true,"max_hp_per_floor":[75,75,75,75,75,75,75,75,75,75,75,75,75,75,75,75,75,75,75,75,75,75,75,75,75,75,75,75,75,75,75,75,75,80,80,80,80,80,80,80,80,80,80,80,87,87,87,87,87,87],"card_choices":[{"not_picked":["Cleave","Headbutt"],"picked":"Rampage","floor":1},{"not_picked":["Twin Strike","Dropkick"],"picked":"Headbutt","floor":4},{"not_picked":["Havoc","Warcry","Flex"],"picked":"SKIP","floor":6},{"not_picked":["Havoc","Corruption"],"picked":"Blood for Blood","floor":8},{"not_picked":["Perfected Strike","Rupture"],"picked":"Double Tap","floor":11},{"not_picked":["Sever Soul","Reckless Charge"],"picked":"Shockwave","floor":13},{"not_picked":["Brutality","Impervious"],"picked":"Limit Break","floor":16},{"not_picked":["Armaments","Body Slam"],"picked":"Cleave","floor":18},{"not_picked":["Havoc","Body Slam","Rupture"],"picked":"SKIP","floor":20},{"not_picked":["Corruption","Havoc"],"picked":"Sword Boomerang","floor":22},{"not_picked":["Wild Strike","Clothesline"],"picked":"Feel No Pain","floor":23},{"not_picked":["Clothesline+1","Havoc"],"picked":"Limit Break","floor":25},{"not_picked":["Sword Boomerang+1","Shockwave"],"picked":"Ghostly Armor+1","floor":31},{"not_picked":["Brutality","Berserk"],"picked":"Impervious","floor":33},{"not_picked":["Body Slam+1","Flex"],"picked":"Twin Strike+1","floor":34},{"not_picked":["Flex","Thunderclap+1"],"picked":"Flame Barrier","floor":35},{"not_picked":["Iron Wave+1","Sentinel"],"picked":"Cleave+1","floor":36},{"not_picked":["Wild Strike+1","Warcry"],"picked":"Disarm","floor":37},{"not_picked":["Clash+1","True Grit"],"picked":"Carnage+1","floor":39},{"not_picked":["Impatience","Jack Of All Trades"],"picked":"Master of Strategy","floor":42},{"not_picked":["Anger+1","Bloodletting"],"picked":"Headbutt+1","floor":44}],"player_experience":311172,"relics_obtained":[{"floor":6,"key":"Orichalcum"},{"floor":8,"key":"Du-Vu Doll"},{"floor":9,"key":"Potion Belt"},{"floor":13,"key":"Bag of Marbles"},{"floor":19,"key":"Red Mask"},{"floor":23,"key":"Bronze Scales"},{"floor":26,"key":"Molten Egg 2"},{"floor":37,"key":"Gambling Chip"},{"floor":43,"key":"Juzu Bracelet"}],"event_choices":[{"damage_healed":0,"gold_gain":0,"player_choice":"Entered Light","damage_taken":23,"max_hp_gain":0,"max_hp_loss":0,"event_name":"Shining Light","floor":2,"gold_loss":0,"cards_upgraded":["Rampage","Strike_R"]},{"damage_healed":0,"gold_gain":0,"player_choice":"Ignored","damage_taken":0,"max_hp_gain":0,"max_hp_loss":0,"event_name":"Golden Idol","floor":3,"gold_loss":0},{"damage_healed":0,"gold_gain":150,"player_choice":"AGREE","damage_taken":0,"max_hp_gain":0,"max_hp_loss":0,"event_name":"Liars Game","floor":10,"gold_loss":0,"cards_obtained":["Doubt"]},{"damage_healed":18,"gold_gain":0,"player_choice":"Healed and dodged fight","damage_taken":0,"max_hp_gain":0,"max_hp_loss":0,"event_name":"Mushrooms","floor":14,"gold_loss":0,"cards_obtained":["Parasite"]},{"damage_healed":0,"gold_gain":0,"player_choice":"Fought Bandits","damage_taken":0,"max_hp_gain":0,"max_hp_loss":0,"event_name":"Masked Bandits","floor":19,"gold_loss":0},{"damage_healed":0,"gold_gain":0,"player_choice":"Smashed Altar","damage_taken":0,"max_hp_gain":0,"max_hp_loss":0,"event_name":"Forgotten Altar","floor":21,"gold_loss":0,"cards_obtained":["Decay"]},{"damage_healed":0,"gold_gain":0,"player_choice":"Simplicity","damage_taken":0,"max_hp_gain":0,"max_hp_loss":0,"event_name":"Back to Basics","floor":28,"gold_loss":0,"cards_upgraded":["Strike_R","Strike_R","Strike_R","Strike_R","Defend_R","Defend_R","Defend_R","Defend_R"]},{"damage_healed":0,"gold_gain":0,"player_choice":"Opened","damage_taken":0,"relics_obtained":["Paper Frog"],"max_hp_gain":0,"max_hp_loss":0,"event_name":"The Mausoleum","floor":29,"gold_loss":0,"cards_obtained":["Writhe"]},{"damage_healed":0,"gold_gain":0,"player_choice":"Fight","damage_taken":0,"max_hp_gain":0,"max_hp_loss":0,"event_name":"MindBloom","floor":37,"gold_loss":0},{"damage_healed":0,"gold_gain":0,"player_choice":"Embrace Madness","damage_taken":14,"max_hp_gain":0,"max_hp_loss":0,"event_name":"Winding Halls","floor":38,"gold_loss":0,"cards_obtained":["Madness","Madness"]},{"damage_healed":0,"gold_gain":222,"player_choice":"Wore Mask","damage_taken":0,"max_hp_gain":0,"max_hp_loss":0,"event_name":"Tomb of Lord Red Mask","floor":41,"gold_loss":0},{"damage_healed":0,"gold_gain":0,"player_choice":"Memory 1","damage_taken":0,"max_hp_gain":0,"max_hp_loss":0,"event_name":"SensoryStone","floor":42,"gold_loss":0},{"cards_removed":["Feel No Pain"],"damage_healed":0,"gold_gain":0,"player_choice":"Removed Power","damage_taken":0,"max_hp_gain":0,"max_hp_loss":0,"event_name":"Falling","floor":48,"gold_loss":0}],"is_beta":false,"boss_relics":[{"not_picked":["Empty Cage","Philosopher\u0027s Stone"],"picked":"Cursed Key"},{"not_picked":["Eternal Feather","Velvet Choker"],"picked":"Tiny House"}],"items_purged_floors":[27,45],"is_endless":false,"potions_floor_spawned":[6,13,16,18,20,31,33,39,44],"ascension_level":15}