{"gold_per_floor":[109,125,143,158,177,209,209,240,286,34,34,65,75,75,75,178,178,197,209,225,225],"floor_reached":21,"playtime":1283,"items_purged":["Strike_R"],"score":274,"play_id":"689f091b-3764-4f46-b9dc-919152961732","local_time":"20190305195819","is_ascension_mode":true,"campfire_choices":[{"floor":7,"key":"REST"},{"floor":11,"key":"REST"},{"data":"Spot Weakness","floor":15,"key":"SMITH"}],"neow_cost":"NONE","seed_source_timestamp":107629295097276,"circlet_count":0,"master_deck":["Strike_R","Strike_R","Strike_R","Strike_R","Defend_R","Defend_R","Defend_R","Defend_R","Bash","Exhume","Armaments","Pommel Strike","Shockwave","Headbutt","Twin Strike","Iron Wave","Pommel Strike","Spot Weakness+1","Parasite","Reaper","Pummel+1","Disarm","Power Through+1"],"relics":["Burning Blood","Question Card","PreservedInsect","Bronze Scales","Regal Pillow","Paper Frog","Eternal Feather"],"potions_floor_usage":[6,8,16,20],"damage_taken":[{"damage":14,"enemies":"Jaw Worm","floor":1,"turns":3},{"damage":16,"enemies":"Small Slimes","floor":2,"turns":4},{"damage":0,"enemies":"Cultist","floor":3,"turns":3},{"damage":20,"enemies":"Large Slime","floor":4,"turns":7},{"damage":17,"enemies":"Looter","floor":5,"turns":3},{"damage":39,"enemies":"3 Sentries","floor":6,"turns":8},{"damage":25,"enemies":"Lagavulin","floor":8,"turns":7},{"damage":20,"enemies":"3 Sentries","floor":12,"turns":5},{"damage":14,"enemies":"Lots of Slimes","floor":13,"turns":3},{"damage":36,"enemies":"Hexaghost","floor":16,"turns":8},{"damage":35,"enemies":"2 Thieves","floor":18,"turns":4},{"damage":41,"enemies":"Spheric Guardian","floor":19,"turns":5},{"damage":15,"enemies":"Snake Plant","floor":20,"turns":5},{"damage":20,"enemies":"Colosseum Slavers","floor":21,"turns":1}],"seed_played":"-7326889316769682138","potions_obtained":[{"floor":2,"key":"BloodPotion"},{"floor":4,"key":"GamblersBrew"},{"floor":6,"key":"Regen Potion"},{"floor":12,"key":"Poison Potion"},{"floor":13,"key":"Strength Potion"},{"floor":20,"key":"PowerPotion"}],"is_trial":false,"path_per_floor":["M","M","M","M","M","E","R","E","T","$","R","E","M","?","R","B",null,"M","M","M","?"],"character_chosen":"IRONCLAD","items_purchased":["Regal Pillow","Pommel Strike"],"campfire_rested":2,"item_purchase_floors":[10,10],"current_hp_per_floor":[64,54,60,46,35,10,34,24,24,24,63,49,41,61,61,31,68,53,18,9,0],"gold":225,"neow_bonus":"ONE_RANDOM_RARE_CARD","is_prod":false,"is_daily":false,"chose_seed":false,"campfire_upgraded":1,"win_rate":0,"timestamp":1551833899,"path_taken":["M","M","M","M","M","E","R","E","T","$","R","E","M","?","R","BOSS","M","M","M","?"],"build_version":"2019-01-23","purchased_purges":1,"victory":false,"max_hp_per_floor":[80,80,80,80,80,80,80,80,80,80,80,80,80,80,80,80,80,80,80,80,80],"card_choices":[{"not_picked":["Heavy Blade","Pommel Strike"],"picked":"Armaments","floor":1},{"not_picked":["Sever Soul","Cleave"],"picked":"Pommel Strike","floor":2},{"not_picked":["Body Slam","Anger"],"picked":"Shockwave","floor":3},{"not_picked":["Combust","Sword Boomerang"],"picked":"Headbutt","floor":4},{"not_picked":["Warcry","Sever Soul","Clash"],"picked":"SKIP","floor":5},{"not_picked":["Thunderclap","Dual Wield"],"picked":"Twin Strike","floor":6},{"not_picked":["Dual Wield","Anger","Feel No Pain"],"picked":"Iron Wave","floor":8},{"not_picked":["Searing Blow","Wild Strike","Entrench","Havoc"],"picked":"SKIP","floor":12},{"not_picked":["Corruption","Sentinel","Flame Barrier"],"picked":"Spot Weakness","floor":13},{"not_picked":["Offering","Barricade","Brutality"],"picked":"Reaper","floor":16},{"not_picked":["Metallicize","Corruption","True Grit"],"picked":"Pummel+1","floor":18},{"not_picked":["Shrug It Off","Warcry","Clothesline"],"picked":"Disarm","floor":19},{"not_picked":["Pummel","Entrench","Havoc"],"picked":"Power Through+1","floor":20}],"player_experience":217856,"relics_obtained":[{"floor":6,"key":"Question Card"},{"floor":8,"key":"PreservedInsect"},{"floor":9,"key":"Bronze Scales"},{"floor":12,"key":"Paper Frog"}],"event_choices":[{"damage_healed":20,"gold_gain":0,"player_choice":"Healed and dodged fight","damage_taken":0,"max_hp_gain":0,"max_hp_loss":0,"event_name":"Mushrooms","floor":14,"gold_loss":0,"cards_obtained":["Parasite"]},{"damage_healed":0,"gold_gain":0,"player_choice":"Fight","damage_taken":0,"max_hp_gain":0,"max_hp_loss":0,"event_name":"Colosseum","floor":21,"gold_loss":0}],"is_beta":false,"boss_relics":[{"not_picked":["Philosopher\u0027s Stone","Runic Dome"],"picked":"Eternal Feather"}],"items_purged_floors":[10],"is_endless":false,"potions_floor_spawned":[2,4,6,12,13,20],"killed_by":"Colosseum Slavers","ascension_level":7}