{"gold_per_floor":[115,79,79,104,25,25,25,25,80,80,121,144,175,193,193,289,289,310,310],"floor_reached":19,"playtime":338,"items_purged":[],"score":340,"play_id":"4abe7b20-354d-4755-b67c-8e36e4a00f85","local_time":"20181021020823","is_ascension_mode":true,"campfire_choices":[{"data":"Sever Soul","floor":6,"key":"SMITH"},{"floor":15,"key":"REST"}],"neow_cost":"NONE","seed_source_timestamp":893670789122856,"circlet_count":0,"master_deck":["Strike_R","Strike_R","Strike_R","Strike_R","Strike_R","Defend_R","Defend_R","Defend_R","Defend_R","Bash","AscendersBane","Clash","Spot Weakness","Sever Soul+1","Regret","Wild Strike","Clash","Clash","Pommel Strike","Demon Form","Havoc+1"],"relics":["Burning Blood","NeowsBlessing","Golden Idol","Question Card","The Courier","Tiny Chest","Gremlin Horn","Ice Cream","Kunai","Runic Dome"],"potions_floor_usage":[13],"damage_taken":[{"damage":0,"enemies":"Jaw Worm","floor":1,"turns":1},{"damage":0,"enemies":"Small Slimes","floor":4,"turns":1},{"damage":0,"enemies":"Gremlin Nob","floor":11,"turns":1},{"damage":0,"enemies":"2 Louse","floor":12,"turns":1},{"damage":33,"enemies":"3 Sentries","floor":13,"turns":5},{"damage":17,"enemies":"Large Slime","floor":14,"turns":5},{"damage":19,"enemies":"Slime Boss","floor":16,"turns":7},{"damage":22,"enemies":"Chosen","floor":18,"turns":5},{"damage":48,"enemies":"3 Byrds","floor":19,"turns":4}],"seed_played":"3375271487017207105","potions_obtained":[{"floor":4,"key":"Poison Potion"},{"floor":14,"key":"Regen Potion"}],"is_trial":false,"path_per_floor":["M","?","?","M","$","R","?","?","T","T","E","M","E","M","R","B",null,"M"],"character_chosen":"IRONCLAD","items_purchased":["Sever Soul"],"campfire_rested":1,"item_purchase_floors":[5],"current_hp_per_floor":[74,74,69,69,69,69,69,66,66,66,69,69,42,31,51,38,61,45,0],"gold":310,"neow_bonus":"THREE_ENEMY_KILL","is_prod":false,"is_daily":false,"chose_seed":false,"campfire_upgraded":1,"win_rate":0,"timestamp":1540112903,"path_taken":["M","?","?","?","?","R","?","?","T","?","E","M","E","?","R","BOSS","M","M"],"build_version":"2018-10-18","purchased_purges":0,"victory":false,"max_hp_per_floor":[75,75,69,69,69,69,69,69,69,69,69,69,69,69,69,69,69,69,69],"card_choices":[{"not_picked":["Rupture","True Grit"],"picked":"Clash","floor":1},{"not_picked":["Reckless Charge","Intimidate"],"picked":"Spot Weakness","floor":4},{"not_picked":["Dark Embrace","Rampage","Iron Wave"],"picked":"Wild Strike","floor":11},{"not_picked":["Wild Strike","Corruption","Clothesline"],"picked":"Clash","floor":12},{"not_picked":["Havoc","Hemokinesis","Sword Boomerang"],"picked":"Clash","floor":13},{"not_picked":["True Grit","Berserk","Intimidate"],"picked":"Pommel Strike","floor":14},{"not_picked":["Fiend Fire","Dark Embrace","Immolate"],"picked":"Demon Form","floor":16},{"not_picked":["Shrug It Off","Hemokinesis","Wild Strike"],"picked":"Havoc+1","floor":18}],"player_experience":592325,"relics_obtained":[{"floor":9,"key":"Tiny Chest"},{"floor":10,"key":"Gremlin Horn"},{"floor":11,"key":"Ice Cream"},{"floor":13,"key":"Kunai"}],"event_choices":[{"damage_healed":0,"gold_gain":0,"player_choice":"Left Gold","damage_taken":0,"max_hp_gain":0,"max_hp_loss":0,"event_name":"World of Goop","floor":2,"gold_loss":36},{"damage_healed":0,"gold_gain":0,"player_choice":"Lose Max HP","damage_taken":0,"relics_obtained":["Golden Idol"],"max_hp_gain":0,"max_hp_loss":6,"event_name":"Golden Idol","floor":3,"gold_loss":0},{"damage_healed":0,"gold_gain":0,"player_choice":"Box","damage_taken":0,"relics_obtained":["Question Card"],"max_hp_gain":0,"max_hp_loss":0,"event_name":"Big Fish","floor":7,"gold_loss":0,"cards_obtained":["Regret"]},{"damage_healed":0,"gold_gain":0,"player_choice":"Success","damage_taken":3,"relics_obtained":["The Courier"],"max_hp_gain":0,"max_hp_loss":0,"event_name":"Scrap Ooze","floor":8,"gold_loss":0}],"is_beta":false,"boss_relics":[{"not_picked":["Mark of Pain","Calling Bell"],"picked":"Runic Dome"}],"items_purged_floors":[],"is_endless":false,"potions_floor_spawned":[4,14],"killed_by":"3 Byrds","ascension_level":14}