{"gold_per_floor":[118,138,138,91,50,50,80,80,106,125,125,125,125,164,164,294,294,314,330,18,37,37,71,71,196,196,209,248,15,59,72,72,192,192,207,207,231,159,41,41,263,263,290,325,43,59,59,80,80,80],"floor_reached":51,"playtime":1340,"items_purged":[],"score":869,"play_id":"32af69de-1e9f-4a83-b809-76ef4a3dfe31","local_time":"20181014022108","is_ascension_mode":false,"campfire_choices":[{"data":"Storm","floor":6,"key":"SMITH"},{"data":"Zap","floor":8,"key":"SMITH"},{"data":"Redo","floor":12,"key":"SMITH"},{"data":"Hello World","floor":15,"key":"SMITH"},{"data":"Defragment","floor":24,"key":"SMITH"},{"floor":32,"key":"REST"},{"data":"Redo","floor":40,"key":"SMITH"},{"data":"Redo","floor":42,"key":"SMITH"},{"floor":49,"key":"DIG"}],"neow_cost":"NONE","seed_source_timestamp":288622316592738,"circlet_count":0,"master_deck":["Strike_B","Strike_B","Strike_B","Defend_B","Defend_B","Defend_B","Zap+1","Dualcast","Cold Snap","Storm+1","Rebound","Hello World+1","Cold Snap","Redo+1","Streamline+1","Thunder Strike+1","Barrage+1","Ball Lightning+1","Go for the Eyes+1","Defragment+1","Turbo","Sweeping Beam+1","Chaos+1","Redo+1","Recycle","Capacitor+1","Defragment+1","Heatsinks+1","Buffer+1","Rebound+1","Redo+1","Storm+1","Capacitor+1","Storm+1","Redo+1","Storm+1","Magnetism+1","Capacitor+1","Streamline+1","Capacitor+1","Sweeping Beam+1"],"relics":["Cracked Core","Orichalcum","Bronze Scales","Mercury Hourglass","Golden Idol","Molten Egg 2","Nuclear Battery","Shuriken","Red Mask","Nunchaku","Pantograph","Frozen Egg 2","Omamori","Anchor","Gremlin Horn","Sozu","Ginger","Regal Pillow","Shovel","Blood Vial","Torii"],"potions_floor_usage":[7,7,21,23,25,25,30,31,50,50],"damage_taken":[{"damage":2,"enemies":"Small Slimes","floor":1,"turns":3},{"damage":3,"enemies":"2 Louse","floor":2,"turns":2},{"damage":4,"enemies":"3 Sentries","floor":7,"turns":4},{"damage":0,"enemies":"Cultist","floor":10,"turns":3},{"damage":10,"enemies":"Gremlin Nob","floor":14,"turns":3},{"damage":36,"enemies":"The Guardian","floor":16,"turns":9},{"damage":5,"enemies":"Spheric Guardian","floor":18,"turns":3},{"damage":15,"enemies":"2 Thieves","floor":19,"turns":3},{"damage":0,"enemies":"3 Cultists","floor":21,"turns":3},{"damage":4,"enemies":"Masked Bandits","floor":23,"turns":2},{"damage":10,"enemies":"Colosseum Slavers","floor":25,"turns":3},{"damage":6,"enemies":"Colosseum Nobs","floor":25,"turns":3},{"damage":0,"enemies":"Chosen and Byrds","floor":27,"turns":3},{"damage":16,"enemies":"Gremlin Leader","floor":28,"turns":4},{"damage":17,"enemies":"Slavers","floor":30,"turns":3},{"damage":1,"enemies":"Snake Plant","floor":31,"turns":3},{"damage":42,"enemies":"Automaton","floor":33,"turns":6},{"damage":0,"enemies":"Orb Walker","floor":35,"turns":3},{"damage":0,"enemies":"Mind Bloom Boss Battle","floor":36,"turns":3},{"damage":7,"enemies":"3 Darklings","floor":37,"turns":3},{"damage":8,"enemies":"2 Orb Walkers","floor":44,"turns":2},{"damage":0,"enemies":"Maw","floor":46,"turns":4},{"damage":0,"enemies":"Reptomancer","floor":48,"turns":2},{"damage":20,"enemies":"Time Eater","floor":50,"turns":4}],"seed_played":"2804166293439851965","potions_obtained":[{"floor":1,"key":"Strength Potion"},{"floor":2,"key":"AttackPotion"},{"floor":10,"key":"Regen Potion"},{"floor":16,"key":"Regen Potion"},{"floor":21,"key":"PowerPotion"},{"floor":25,"key":"FocusPotion"},{"floor":27,"key":"AttackPotion"},{"floor":28,"key":"FocusPotion"},{"floor":30,"key":"SkillPotion"},{"floor":33,"key":"Strength Potion"}],"is_trial":false,"path_per_floor":["M","M","?","?","$","R","E","R","T","M","?","R","?","E","R","B",null,"M","M","$","M","?","?","R","?","T","M","E","$","E","M","R","B",null,"M","?","M","$","$","R","?","R","T","E","$","M","T","M","R","B"],"character_chosen":"DEFECT","items_purchased":["Hello World","Shuriken","Go for the Eyes+1","AttackPotion","Capacitor+1","Anchor","Capacitor+1","Storm+1","Redo","Magnetism+1","Capacitor+1","Streamline+1"],"campfire_rested":1,"item_purchase_floors":[5,20,20,20,29,29,38,39,39,45,45,45],"current_hp_per_floor":[73,70,63,63,63,63,59,59,59,59,47,47,47,37,37,1,69,64,49,49,49,49,45,45,47,47,47,31,31,14,13,33,16,69,69,69,62,62,62,62,62,62,62,54,54,54,54,56,56,49],"gold":80,"neow_bonus":"THREE_CARDS","is_prod":false,"is_daily":false,"chose_seed":false,"campfire_upgraded":7,"win_rate":0.0,"timestamp":1539508868,"path_taken":["M","M","?","?","?","R","E","R","T","M","?","R","?","E","R","BOSS","M","M","$","M","?","?","R","?","T","?","E","$","E","M","R","BOSS","M","?","?","?","$","R","?","R","T","E","$","M","?","?","R","BOSS"],"build_version":"2018-10-11","purchased_purges":0,"victory":true,"max_hp_per_floor":[75,75,75,75,75,75,75,75,75,75,75,75,69,69,69,69,69,69,69,69,69,69,69,69,69,69,69,69,69,69,69,69,69,69,69,69,69,69,69,69,69,69,69,69,69,69,69,69,69,69],"card_choices":[{"not_picked":["Coolheaded","Rebound"],"picked":"Cold Snap","floor":0},{"not_picked":["Compile Driver","Recycle"],"picked":"Storm","floor":1},{"not_picked":["Beam Cell","Scrape"],"picked":"Rebound","floor":2},{"not_picked":["Go for the Eyes","Lockon"],"picked":"Cold Snap","floor":7},{"not_picked":["Beam Cell","Reinforced Body"],"picked":"Redo","floor":10},{"not_picked":["Rebound","Doom and Gloom"],"picked":"Streamline","floor":14},{"not_picked":["Multi-Cast","Reboot"],"picked":"Thunder Strike+1","floor":16},{"not_picked":["Beam Cell+1","Turbo+1"],"picked":"Barrage+1","floor":18},{"not_picked":["Beam Cell+1","Barrage+1"],"picked":"Ball Lightning+1","floor":19},{"not_picked":["Sweeping Beam+1","Barrage+1"],"picked":"Defragment","floor":21},{"not_picked":["Undo","Coolheaded"],"picked":"Sweeping Beam+1","floor":23},{"not_picked":["Sweeping Beam+1","Darkness+1"],"picked":"Chaos+1","floor":25},{"not_picked":["Go for the Eyes+1","Gash+1"],"picked":"Redo","floor":27},{"not_picked":["Leap","Scrape+1"],"picked":"Recycle","floor":28},{"not_picked":["Amplify","Go for the Eyes+1"],"picked":"Defragment+1","floor":30},{"not_picked":["Recycle","Turbo"],"picked":"Heatsinks+1","floor":31},{"not_picked":["Thunder Strike+1","Reboot"],"picked":"Buffer+1","floor":33},{"not_picked":["Compile Driver+1","Sunder+1"],"picked":"Rebound+1","floor":35},{"not_picked":["Turbo","Barrage+1"],"picked":"Redo+1","floor":36},{"not_picked":["Ball Lightning+1","Force Field+1"],"picked":"Storm+1","floor":37},{"not_picked":["Streamline+1","Barrage+1"],"picked":"Storm+1","floor":44},{"not_picked":["Steam","Static Discharge+1"],"picked":"Capacitor+1","floor":46},{"not_picked":["Barrage+1","Cold Snap+1"],"picked":"Sweeping Beam+1","floor":48}],"player_experience":485897,"relics_obtained":[{"floor":7,"key":"Orichalcum"},{"floor":9,"key":"Bronze Scales"},{"floor":14,"key":"Molten Egg 2"},{"floor":23,"key":"Red Mask"},{"floor":25,"key":"Nunchaku"},{"floor":25,"key":"Pantograph"},{"floor":26,"key":"Frozen Egg 2"},{"floor":28,"key":"Omamori"},{"floor":30,"key":"Gremlin Horn"},{"floor":36,"key":"Ginger"},{"floor":43,"key":"Regal Pillow"},{"floor":44,"key":"Shovel"},{"floor":47,"key":"Blood Vial"},{"floor":49,"key":"Torii"}],"event_choices":[{"event_name":"Golden Wing","player_choice":"Card Removal","floor":3,"damage_taken":0},{"event_name":"World of Goop","player_choice":"Left","floor":4,"damage_taken":0},{"event_name":"Scrap Ooze","player_choice":"success","floor":11,"damage_taken":12},{"event_name":"Golden Idol","player_choice":"Lose Max HP","floor":13,"damage_taken":0},{"event_name":"Transmorgrifier","player_choice":"Transform","floor":22,"damage_taken":0},{"event_name":"Masked Bandits","player_choice":"Fought Bandits","floor":23,"damage_taken":0},{"event_name":"Colosseum","player_choice":"Fight","floor":25,"damage_taken":0},{"event_name":"Colosseum","player_choice":"Fought Nobs","floor":25,"damage_taken":0},{"event_name":"MindBloom","player_choice":"Fight","floor":36,"damage_taken":0},{"event_name":"Tomb of Lord Red Mask","player_choice":"Wore Mask","floor":41,"damage_taken":0}],"is_beta":false,"boss_relics":[{"not_picked":["Lizard Tail","Runic Dome"],"picked":"Nuclear Battery"},{"not_picked":["Velvet Choker","Eternal Feather"],"picked":"Sozu"}],"items_purged_floors":[],"is_endless":false,"potions_floor_spawned":[1,2,10,16,21,25,27,28,30,33,36,48],"ascension_level":0}