{"gold_per_floor":[112,112,133,133,153,153,177,177,230,230,250,250,250],"floor_reached":13,"playtime":791,"items_purged":[],"score":119,"play_id":"57e6d0df-c572-4938-8138-9c7cb7de47c7","local_time":"20190331161520","is_ascension_mode":true,"campfire_choices":[{"data":"Zap","floor":6.0,"key":"SMITH"},{"floor":8.0,"key":"REST"}],"neow_cost":"NONE","seed_source_timestamp":0,"circlet_count":0,"master_deck":["AscendersBane","Strike_B","Strike_B","Strike_B","Defend_B","Defend_B","Defend_B","Defend_B","Zap+1","Dualcast","Regret","Injury","Normality","Gash","Compile Driver","Coolheaded"],"special_seed":0,"relics":["Calling Bell","Vajra","Question Card","Incense Burner","Golden Idol","Potion Belt","Regal Pillow"],"potions_floor_usage":[],"damage_taken":[{"damage":9.0,"enemies":"Small Slimes","floor":1.0,"turns":4.0},{"damage":11.0,"enemies":"2 Louse","floor":3.0,"turns":5.0},{"damage":11.0,"enemies":"Cultist","floor":5.0,"turns":4.0},{"damage":22.0,"enemies":"Blue Slaver","floor":7.0,"turns":5.0},{"damage":0.0,"enemies":"Gremlin Gang","floor":10.0,"turns":1.0},{"damage":16,"enemies":"3 Louse","floor":11,"turns":4},{"damage":19,"enemies":"Red Slaver","floor":13,"turns":4}],"seed_played":"-7914378751596569781","potions_obtained":[{"floor":1.0,"key":"SmokeBomb"},{"floor":3.0,"key":"Block Potion"},{"floor":11,"key":"Ancient Potion"}],"is_trial":false,"path_per_floor":["M","?","M","?","M","R","M","R","T","M","M","?","M"],"character_chosen":"DEFECT","items_purchased":[],"campfire_rested":1,"item_purchase_floors":[],"current_hp_per_floor":[59,59,48,48,37,37,15,35,35,35,19,19,0],"gold":250,"neow_bonus":"BOSS_RELIC","is_prod":false,"is_daily":false,"chose_seed":false,"campfire_upgraded":1,"win_rate":0,"timestamp":1554045320,"path_taken":["M","?","M","?","?","R","M","R","T","M","M","?","M"],"build_version":"2019-01-23","purchased_purges":0,"victory":false,"max_hp_per_floor":[75,69,69,69,69,69,69,69,69,69,69,69,69],"card_choices":[{"not_picked":["Steam Power","Defragment","Compile Driver"],"picked":"Gash","floor":1.0},{"not_picked":["Melter","Coolheaded","Rebound"],"picked":"Cold Snap","floor":3.0},{"not_picked":["Steam","Barrage","White Noise"],"picked":"Compile Driver","floor":5.0},{"not_picked":["Force Field","Turbo","Biased Cognition","Barrage"],"picked":"SKIP","floor":7.0},{"not_picked":["Rebound","Leap","Force Field"],"picked":"Coolheaded","floor":11}],"player_experience":831373,"relics_obtained":[{"floor":0.0,"key":"Vajra"},{"floor":0.0,"key":"Question Card"},{"floor":0.0,"key":"Incense Burner"},{"floor":9.0,"key":"Regal Pillow"}],"event_choices":[{"damage_healed":0.0,"max_hp_gain":0.0,"max_hp_loss":6.0,"gold_gain":0.0,"event_name":"Golden Idol","player_choice":"Lose Max HP","floor":2.0,"gold_loss":0.0,"damage_taken":0.0,"relics_obtained":["Golden Idol"]},{"cards_removed":["Cold Snap"],"damage_healed":0.0,"max_hp_gain":0.0,"max_hp_loss":0.0,"gold_gain":0.0,"event_name":"WeMeetAgain","player_choice":"Gave Card","floor":4.0,"gold_loss":0.0,"damage_taken":0.0,"relics_obtained":["Potion Belt"]},{"cards_removed":["Strike_B"],"damage_healed":0,"gold_gain":0,"player_choice":"Purged","damage_taken":0,"max_hp_gain":0,"max_hp_loss":0,"event_name":"Purifier","floor":12,"gold_loss":0}],"is_beta":false,"boss_relics":[],"items_purged_floors":[],"is_endless":false,"potions_floor_spawned":[1,3,10,11],"killed_by":"Red Slaver","ascension_level":11}