{"gold_per_floor":[111,111,286,211,211,275,304,0,0,0,0,14,41,74,74,170,170,183,183,234,27,27,57,57,90,90,90,90,125,137,170,170,170],"floor_reached":33,"playtime":873,"items_purged":["Doubt","Juggernaut"],"score":480,"play_id":"fbcd35a7-984b-4693-aeee-b372f436acd5","local_time":"20181011105742","daily_mods":["Insanity","Flight","Binary"],"is_ascension_mode":true,"campfire_choices":[{"floor":10,"key":"REST"},{"floor":11,"key":"REST"},{"floor":15,"key":"REST"},{"floor":24,"key":"REST"},{"data":"Limit Break","floor":27,"key":"SMITH"},{"data":"Demon Form","floor":32,"key":"SMITH"}],"neow_cost":"","seed_source_timestamp":66086366180606,"circlet_count":0,"master_deck":["Flame Barrier","Armaments","Heavy Blade","Hemokinesis+1","Fire Breathing","Burning Pact","Berserk","Offering","Blood for Blood","Strike_R","Pommel Strike","Inflame","Twin Strike","Fiend Fire","Burning Pact","Brutality","Pummel","Inflame","Pommel Strike","Rupture","Thunderclap","Seeing Red","Metallicize","Seeing Red","Berserk","Bash","Feel No Pain","Carnage","Rupture","Entrench+1","Ghostly Armor","Inflame","Uppercut","Anger","Second Wind","Burning Pact","Fire Breathing","Cleave","Clash","Fiend Fire","Iron Wave","Juggernaut","Disarm","Exhume+1","Metallicize","Demon Form+1","Flex","Inflame","Twin Strike","Metallicize","Armaments","Pommel Strike+1","Armaments","Whirlwind","Limit Break+1"],"relics":["Burning Blood","Tiny Chest","Mummified Hand","PreservedInsect","Kunai","Ancient Tea Set","Matryoshka","Philosopher\u0027s Stone","Bag of Preparation","War Paint","Medical Kit","MutagenicStrength","Regal Pillow","Vajra","Paper Frog","Bronze Scales","Red Skull","Whetstone"],"potions_floor_usage":[33],"damage_taken":[{"damage":10,"enemies":"2 Louse","floor":1,"turns":2},{"damage":39,"enemies":"3 Sentries","floor":6,"turns":5},{"damage":30,"enemies":"Gremlin Nob","floor":7,"turns":4},{"damage":0,"enemies":"Cultist","floor":12,"turns":2},{"damage":20,"enemies":"3 Sentries","floor":13,"turns":3},{"damage":9,"enemies":"Gremlin Nob","floor":14,"turns":3},{"damage":30,"enemies":"Hexaghost","floor":16,"turns":5},{"damage":26,"enemies":"2 Thieves","floor":18,"turns":3},{"damage":35,"enemies":"Gremlin Leader","floor":23,"turns":4},{"damage":0,"enemies":"Slavers","floor":25,"turns":1},{"damage":10,"enemies":"Gremlin Leader","floor":29,"turns":2},{"damage":20,"enemies":"Chosen","floor":30,"turns":2},{"damage":21,"enemies":"Book of Stabbing","floor":31,"turns":2},{"damage":45,"enemies":"Automaton","floor":33,"turns":4}],"seed_played":"3698376388101703750","potions_obtained":[{"floor":7,"key":"Block Potion"},{"floor":12,"key":"SteroidPotion"},{"floor":13,"key":"SteroidPotion"}],"is_trial":true,"path_per_floor":["M","?","?","$","?","E","E","$","T","R","R","M","E","E","R","B",null,"M","?","T","$","?","E","R","E","T","R","$","E","M","E","R"],"character_chosen":"IRONCLAD","items_purchased":["PreservedInsect","Armaments","Medical Kit"],"campfire_rested":4,"item_purchase_floors":[8,8,21],"current_hp_per_floor":[76,76,76,76,69,36,12,12,12,36,60,66,52,49,73,49,80,60,60,60,60,60,31,70,76,76,76,76,72,58,43,43,0],"gold":170,"neow_bonus":"","is_prod":false,"is_daily":false,"chose_seed":false,"campfire_upgraded":2,"win_rate":0,"timestamp":1539269862,"path_taken":["M","?","?","$","?","E","E","$","T","R","R","?","E","E","R","BOSS","M","?","?","$","?","E","R","E","T","R","?","E","?","E","R","BOSS"],"build_version":"2018-10-04v2","purchased_purges":2,"victory":false,"max_hp_per_floor":[80,80,80,80,80,80,80,80,80,80,80,80,80,80,80,80,80,80,80,80,80,80,80,80,80,80,80,80,80,80,80,80,80],"card_choices":[{"not_picked":["Body Slam"],"picked":"Inflame","floor":1},{"not_picked":["Uppercut"],"picked":"Twin Strike","floor":6},{"not_picked":["Searing Blow"],"picked":"Metallicize","floor":7},{"not_picked":["Anger"],"picked":"Pommel Strike","floor":12},{"not_picked":["Evolve","Pummel"],"picked":"SKIP","floor":13},{"not_picked":["Clash"],"picked":"Armaments","floor":14},{"not_picked":["Havoc"],"picked":"Whirlwind","floor":18},{"not_picked":["True Grit","Anger"],"picked":"SKIP","floor":23},{"not_picked":["Shockwave"],"picked":"Limit Break","floor":25},{"not_picked":["Rage","Immolate"],"picked":"SKIP","floor":29},{"not_picked":["Dual Wield","Perfected Strike"],"picked":"SKIP","floor":30},{"not_picked":["Burning Pact","Pommel Strike"],"picked":"SKIP","floor":31}],"player_experience":223338,"relics_obtained":[{"floor":6,"key":"Tiny Chest"},{"floor":7,"key":"Mummified Hand"},{"floor":9,"key":"Kunai"},{"floor":13,"key":"Ancient Tea Set"},{"floor":14,"key":"Matryoshka"},{"floor":20,"key":"Bag of Preparation"},{"floor":20,"key":"War Paint"},{"floor":23,"key":"Regal Pillow"},{"floor":25,"key":"Vajra"},{"floor":26,"key":"Paper Frog"},{"floor":26,"key":"Bronze Scales"},{"floor":29,"key":"Red Skull"},{"floor":31,"key":"Whetstone"}],"event_choices":[{"event_name":"Purifier","player_choice":"One Purge","floor":2,"damage_taken":0},{"event_name":"Liars Game","player_choice":"agreed","floor":3,"damage_taken":0},{"event_name":"Golden Wing","player_choice":"Card Removal","floor":5,"damage_taken":0},{"event_name":"Cursed Tome","player_choice":"Ignored","floor":19,"damage_taken":0},{"event_name":"Drug Dealer","player_choice":"Inject Mutagens","floor":22,"damage_taken":0}],"is_beta":false,"boss_relics":[{"not_picked":["Astrolabe","Runic Pyramid"],"picked":"Philosopher\u0027s Stone"}],"items_purged_floors":[4,8],"is_endless":false,"potions_floor_spawned":[7,12,13,31],"killed_by":"Automaton","ascension_level":2}