{"path_per_floor":["M","?","M","?","M","R","M","T","T","R","?","M","E","M","R"],"character_chosen":"THE_SILENT","items_purchased":[],"gold_per_floor":[211,211,231,306,319,319,331,357,357,357,357,377,412,423,423],"floor_reached":16,"campfire_rested":1,"playtime":452,"current_hp_per_floor":[69,69,63,52,51,51,42,42,42,42,28,28,27,27,48],"items_purged":[],"gold":423,"score":122,"play_id":"f79c5f04-5415-4cb8-a6d3-56ad785ddea5","is_prod":false,"is_daily":false,"is_ascension_mode":true,"campfire_upgraded":2,"path_taken":["M","?","?","?","M","R","M","?","T","R","?","M","E","M","R","BOSS"],"build_version":"2018-02-15-PROD1","purchased_purges":0,"victory":false,"master_deck":["Defend_G","Defend_G","Defend_G","Defend_G","Defend_G","Strike_G","Strike_G","Strike_G","Strike_G","Strike_G+1","Survivor+1","Neutralize+1","Distraction+1","Dagger Spray+1","Dagger Spray","Cloak And Dagger","After Image","Prepared","Dagger Spray","Slice"],"max_hp_per_floor":[70,70,70,70,70,70,70,70,70,70,70,70,70,70,70],"relics":["Ring of the Snake","Dream Catcher","Tingsha","Ginger"],"card_choices":[{"not_picked":["Well Laid Plans","Catalyst"],"picked":"Distraction"},{"not_picked":["Slice","Bane"],"picked":"Dagger Spray"},{"not_picked":["Acrobatics","Riddle With Holes"],"picked":"Dagger Spray"},{"not_picked":["Bouncing Flask","Flechettes"],"picked":"Cloak And Dagger"},{"not_picked":["Slice","Accuracy"],"picked":"After Image"},{"not_picked":["Predator","Eviscerate"],"picked":"Prepared"},{"not_picked":["Bane","Setup"],"picked":"Dagger Spray"},{"not_picked":["Flying Knee","Setup"],"picked":"Slice"}],"player_experience":165449,"potions_floor_usage":[13,13,16,16],"damage_taken":[{"damage":1,"enemies":"Cultist","floor":1,"turns":3},{"damage":6,"enemies":"Small Slimes","floor":3,"turns":5},{"damage":1,"enemies":"Jaw Worm","floor":5,"turns":4},{"damage":9,"enemies":"2 Fungi Beasts","floor":7,"turns":2},{"damage":0,"enemies":"Blue Slaver","floor":12,"turns":4},{"damage":1,"enemies":"Lagavulin","floor":13,"turns":7},{"damage":0,"enemies":"3 Louse","floor":14,"turns":1},{"damage":51,"enemies":"Hexaghost","floor":16,"turns":11}],"event_choices":[{"event_name":"Upgrade Shrine","player_choice":"Upgraded","floor":2,"damage_taken":0},{"event_name":"World of Goop","player_choice":"Gather Gold","floor":4,"damage_taken":0},{"event_name":"Shining Light","player_choice":"Entered Light","floor":11,"damage_taken":0}],"boss_relics":[],"potions_floor_spawned":[1,7,12,13],"seed_played":"-1507088044479710647","killed_by":"Hexaghost","ascension_level":4,"is_trial":false}