{"gold_per_floor":[115,129,14,26,41,41,66,78,78,78,110,110,110,127,127,199,199,219,237,237,11,61,61,87,87,133,133,166,11,28,128,128,199,199,214,214,229,241,17,51,69,69,93,124,124,157,157,170,170,170,170,170,170,37,64,64],"floor_reached":56,"playtime":13652,"items_purged":["Regret","Strike_B"],"score":2191,"play_id":"76366edb-2dc7-469f-9297-2fb99f6fa541","local_time":"20190410120810","is_ascension_mode":true,"campfire_choices":[{"data":"Zap","floor":6.0,"key":"SMITH"},{"floor":10.0,"key":"REST"},{"data":"Dualcast","floor":12.0,"key":"SMITH"},{"data":"Static Discharge","floor":15.0,"key":"SMITH"},{"data":"Electrodynamics","floor":23.0,"key":"SMITH"},{"data":"Self Repair","floor":25.0,"key":"SMITH"},{"data":"Undo","floor":27.0,"key":"SMITH"},{"data":"Capacitor","floor":32.0,"key":"SMITH"},{"data":"Creative AI","floor":42.0,"key":"SMITH"},{"floor":47.0,"key":"RECALL"},{"data":"Barrage","floor":49.0,"key":"SMITH"},{"data":"Barrage","floor":53.0,"key":"SMITH"}],"neow_cost":"CURSE","seed_source_timestamp":0,"circlet_count":0,"master_deck":["AscendersBane","Strike_B","Defend_B","Defend_B","Defend_B","Defend_B","Zap+1","Dualcast+1","Barrage+1","Doom and Gloom","Compile Driver","Undo+1","Electrodynamics+1","Self Repair+1","BootSequence+1","Zap+1","Multi-Cast+1","Static Discharge+1","Fission+1","Hologram+1","Hologram+1","Ghostly+1","Ghostly+1","Ghostly+1","Night Terror+1","Turbo+1","Capacitor+1","Recycle+1","Glacier+1","Intimidate+1","Exhume+1","Dual Wield+1","Seeing Red+1","Uppercut+1","Creative AI+1","Panacea+1","Body Slam+1","Shrug It Off+1","Burning Pact+1","Barrage+1","Redo+1"],"special_seed":0,"relics":["Cracked Core","FossilizedHelix","Dead Branch","Darkstone Periapt","Toxic Egg 2","Empty Cage","PrismaticShard","Bottled Tornado","Ancient Tea Set","Blood Vial","Prayer Wheel","The Courier","Nuclear Battery","Bag of Preparation","Boot","Nunchaku","Art of War","Symbiotic Virus"],"potions_floor_usage":[],"damage_taken":[{"damage":13.0,"enemies":"Cultist","floor":1.0,"turns":4.0},{"damage":9.0,"enemies":"Jaw Worm","floor":2.0,"turns":5.0},{"damage":0.0,"enemies":"2 Louse","floor":4.0,"turns":3.0},{"damage":7.0,"enemies":"Large Slime","floor":5.0,"turns":5.0},{"damage":17.0,"enemies":"3 Sentries","floor":7.0,"turns":6.0},{"damage":0.0,"enemies":"Looter","floor":8.0,"turns":3.0},{"damage":2.0,"enemies":"Lagavulin","floor":11.0,"turns":5.0},{"damage":0.0,"enemies":"Gremlin Gang","floor":14.0,"turns":3.0},{"damage":28.0,"enemies":"Hexaghost","floor":16.0,"turns":5.0},{"damage":0.0,"enemies":"2 Thieves","floor":18.0,"turns":3.0},{"damage":13.0,"enemies":"Spheric Guardian","floor":19.0,"turns":4.0},{"damage":11.0,"enemies":"Book of Stabbing","floor":24.0,"turns":5.0},{"damage":14.0,"enemies":"Slavers","floor":28.0,"turns":2.0},{"damage":0.0,"enemies":"3 Cultists","floor":30.0,"turns":2.0},{"damage":0.0,"enemies":"Colosseum Slavers","floor":31.0,"turns":3.0},{"damage":0.0,"enemies":"Colosseum Nobs","floor":31.0,"turns":5.0},{"damage":31.0,"enemies":"Collector","floor":33.0,"turns":14.0},{"damage":0.0,"enemies":"3 Shapes","floor":35.0,"turns":1.0},{"damage":0.0,"enemies":"Orb Walker","floor":37.0,"turns":6.0},{"damage":0.0,"enemies":"Sphere and 2 Shapes","floor":38.0,"turns":5.0},{"damage":0.0,"enemies":"Giant Head","floor":40.0,"turns":10.0},{"damage":0.0,"enemies":"Spire Growth","floor":41.0,"turns":5.0},{"damage":0.0,"enemies":"Nemesis","floor":44.0,"turns":7.0},{"damage":18.0,"enemies":"Giant Head","floor":46.0,"turns":11.0},{"damage":0.0,"enemies":"Writhing Mass","floor":48.0,"turns":8.0},{"damage":6.0,"enemies":"Donu and Deca","floor":50.0,"turns":9.0},{"damage":30.0,"enemies":"Awakened One","floor":51.0,"turns":34.0},{"damage":0.0,"enemies":"Shield and Spear","floor":55.0,"turns":3.0},{"damage":36,"enemies":"The Heart","floor":56,"turns":9}],"seed_played":"-2054535974215263938","potions_obtained":[{"floor":1.0,"key":"Explosive Potion"},{"floor":2.0,"key":"SmokeBomb"},{"floor":5.0,"key":"FearPotion"},{"floor":11.0,"key":"Fire Potion"},{"floor":19.0,"key":"Explosive Potion"},{"floor":28.0,"key":"Block Potion"},{"floor":40.0,"key":"Weak Potion"},{"floor":41.0,"key":"Weak Potion"},{"floor":44.0,"key":"Block Potion"},{"floor":48.0,"key":"Weak Potion"}],"is_trial":false,"path_per_floor":["M","M","$","M","M","R","E","M","T","R","E","R","?","M","R","B",null,"M","M","?","$","?","R","E","R","T","R","E","$","M","?","R","B",null,"M","?","M","M","$","E","M","R","T","E","?","E","R","M","R","B","B",null,"R","$","E","B"],"character_chosen":"DEFECT","items_purchased":["Doom and Gloom","PrismaticShard","Capacitor","Recycle+1","Creative AI","Panacea+1","Art of War"],"campfire_rested":1,"item_purchase_floors":[3,21,29,29,39,39,54],"current_hp_per_floor":[51,42,42,42,35,35,18,18,18,39,44,44,44,51,51,23,59,59,53,35,35,35,35,31,31,31,31,27,27,29,35,35,14,30,32,32,34,35,35,35,35,35,35,35,35,27,27,35,35,29,21,32,32,32,35,0],"gold":64,"neow_bonus":"ONE_RARE_RELIC","is_prod":false,"is_daily":false,"chose_seed":false,"campfire_upgraded":10,"win_rate":0,"timestamp":1554919690,"path_taken":["M","M","$","M","M","R","E","?","T","R","E","R","?","M","R","BOSS","M","?","?","$","?","R","E","R","T","R","E","$","M","?","R","BOSS","M","?","?","M","?","E","M","R","T","E","?","E","R","?","R","BOSS","BOSS","R","$","E","BOSS"],"build_version":"2019-04-04","purchased_purges":2,"victory":false,"max_hp_per_floor":[71,71,71,71,71,71,71,71,71,71,71,71,71,71,71,71,71,71,71,35,35,35,35,35,35,35,35,35,35,35,35,35,35,35,35,35,35,35,35,35,35,35,35,35,35,35,35,35,35,35,35,35,35,35,35,35],"card_choices":[{"not_picked":["Steam Power","Streamline","Rebound"],"picked":"SKIP","floor":1.0},{"not_picked":["Beam Cell","Gash"],"picked":"Barrage","floor":2.0},{"not_picked":["Beam Cell","Streamline"],"picked":"Compile Driver","floor":4.0},{"not_picked":["Thunder Strike","Consume"],"picked":"Undo","floor":5.0},{"not_picked":["Conserve Battery","Sweeping Beam"],"picked":"Electrodynamics","floor":7.0},{"not_picked":["Redo","Compile Driver"],"picked":"Self Repair","floor":8.0},{"not_picked":["Rebound","Beam Cell"],"picked":"BootSequence","floor":11.0},{"not_picked":["Streamline","Steam+1"],"picked":"Static Discharge","floor":14.0},{"not_picked":["Buffer","Meteor Strike"],"picked":"Fission+1","floor":16.0},{"not_picked":["Force Field+1","Compile Driver"],"picked":"Hologram+1","floor":18.0},{"not_picked":["Barrage","Steam+1"],"picked":"Hologram+1","floor":19.0},{"not_picked":["Perfected Strike","Sucker Punch"],"picked":"Night Terror+1","floor":24.0},{"not_picked":["Pummel","Genetic Algorithm+1"],"picked":"Turbo+1","floor":28.0},{"not_picked":["Intimidate+1","Rampage"],"picked":"Glacier+1","floor":30.0},{"not_picked":["Twin Strike","Sweeping Beam"],"picked":"Intimidate+1","floor":31.0},{"not_picked":["Mayhem","Tools of the Trade"],"picked":"Exhume+1","floor":33.0},{"not_picked":["Ball Lightning","Perfected Strike"],"picked":"Dual Wield+1","floor":35.0},{"not_picked":["Rip and Tear","Sword Boomerang+1","Rebound+1"],"picked":"SKIP","floor":35.0},{"not_picked":["Cold Snap","Sentinel+1"],"picked":"Seeing Red+1","floor":37.0},{"not_picked":["Blade Dance+1","Auto Shields+1"],"picked":"Uppercut+1","floor":37.0},{"not_picked":["Pommel Strike","Flechettes","Poisoned Stab+1"],"picked":"SKIP","floor":38.0},{"not_picked":["Accuracy+1","Skewer","Flying Knee"],"picked":"SKIP","floor":38.0},{"not_picked":["Sword Boomerang+1","Flying Knee"],"picked":"Body Slam","floor":40.0},{"not_picked":["Poisoned Stab","Dodge and Roll+1","Steam Power+1"],"picked":"SKIP","floor":41.0},{"not_picked":["Brutality","Loop","Bane+1"],"picked":"SKIP","floor":41.0},{"not_picked":["Aggregate+1","Conserve Battery+1"],"picked":"Shrug It Off+1","floor":44.0},{"not_picked":["Cleave","Prepared+1"],"picked":"Burning Pact+1","floor":46.0},{"not_picked":["Capacitor","Dodge and Roll+1"],"picked":"Barrage","floor":48.0},{"not_picked":["Blood for Blood","Thunderclap+1","Dash"],"picked":"SKIP","floor":48.0},{"not_picked":["Compile Driver","Reprogram+1"],"picked":"Redo+1","floor":55.0}],"player_experience":2812851,"relics_obtained":[{"floor":7.0,"key":"Dead Branch"},{"floor":9.0,"key":"Darkstone Periapt"},{"floor":11.0,"key":"Toxic Egg 2"},{"floor":24.0,"key":"Bottled Tornado"},{"floor":26.0,"key":"Ancient Tea Set"},{"floor":28.0,"key":"Blood Vial"},{"floor":31.0,"key":"Prayer Wheel"},{"floor":31.0,"key":"The Courier"},{"floor":40.0,"key":"Bag of Preparation"},{"floor":44.0,"key":"Boot"},{"floor":46.0,"key":"Nunchaku"},{"floor":55.0,"key":"Symbiotic Virus"}],"event_choices":[{"damage_healed":0.0,"max_hp_gain":0.0,"max_hp_loss":0.0,"gold_gain":0.0,"event_name":"Match and Keep!","player_choice":"2 cards matched","floor":13.0,"gold_loss":0.0,"damage_taken":0.0,"cards_obtained":["Zap","Multi-Cast"]},{"damage_healed":0.0,"max_hp_gain":0.0,"max_hp_loss":36.0,"gold_gain":0.0,"event_name":"Ghosts","player_choice":"Became a Ghost","floor":20.0,"gold_loss":0.0,"damage_taken":0.0,"cards_obtained":["Ghostly","Ghostly","Ghostly"]},{"damage_healed":0.0,"max_hp_gain":0.0,"max_hp_loss":0.0,"gold_gain":50.0,"event_name":"Nest","player_choice":"Stole From Cult","floor":22.0,"gold_loss":0.0,"damage_taken":0.0},{"damage_healed":0.0,"max_hp_gain":0.0,"max_hp_loss":0.0,"gold_gain":0.0,"event_name":"Colosseum","player_choice":"Fight","floor":31.0,"gold_loss":0.0,"damage_taken":0.0},{"damage_healed":0.0,"max_hp_gain":0.0,"max_hp_loss":0.0,"gold_gain":0.0,"event_name":"Colosseum","player_choice":"Fought Nobs","floor":31.0,"gold_loss":0.0,"damage_taken":0.0},{"damage_healed":0.0,"max_hp_gain":0.0,"max_hp_loss":0.0,"gold_gain":0.0,"event_name":"SecretPortal","player_choice":"Ignored","floor":36.0,"gold_loss":0.0,"damage_taken":0.0},{"damage_healed":0.0,"max_hp_gain":0.0,"max_hp_loss":0.0,"gold_gain":0.0,"event_name":"Upgrade Shrine","player_choice":"Upgraded","floor":45.0,"gold_loss":0.0,"damage_taken":0.0,"cards_upgraded":["Body Slam"]}],"is_beta":true,"boss_relics":[{"not_picked":["FrozenCore","Runic Dome"],"picked":"Empty Cage"},{"not_picked":["White Beast Statue","Inserter"],"picked":"Nuclear Battery"}],"items_purged_floors":[3,39],"is_endless":false,"potions_floor_spawned":[1,2,5,11,19,28,31,40,41,44,48],"killed_by":"The Heart","ascension_level":20}