{"gold_per_floor":[113,188,201,201,211,211,211,222,222,250,250,277,290,300,300,374,374,391,9,43,60,60,60,60,92,104,41,69,81,93,130,142,228,240,268,280,514,542,570,582,594,621,683,695,24,37,37,65,65,65],"floor_reached":51,"playtime":3821,"items_purged":["Strike_B","Strike_B"],"score":1272,"play_id":"6df6c920-ce05-4bcc-9013-12f7462e4083","local_time":"20190409164757","is_ascension_mode":true,"campfire_choices":[{"data":"Go for the Eyes","floor":7.0,"key":"SMITH"},{"data":"Zap","floor":11.0,"key":"SMITH"},{"floor":15.0,"key":"REST"},{"floor":23.0,"key":"REST"},{"floor":29.0,"key":"REST"},{"floor":32.0,"key":"REST"},{"floor":40.0,"key":"REST"},{"floor":49,"key":"REST"}],"neow_cost":"NONE","seed_source_timestamp":0,"circlet_count":0,"master_deck":["AscendersBane","Strike_B","Defend_B","Defend_B","Defend_B","Defend_B","Zap+1","Dualcast+1","Genetic Algorithm+1","Barrage","Go for the Eyes+1","Conserve Battery","Gash","Echo Form","Melter+1","Cold Snap","Core Surge+1","Turbo","Steam+1","Double Energy+1","Fusion+1","Tempest+1","Aggregate","Rebound+1","Steam","Beam Cell+1","Secret Technique","Chrysalis","Loop","Madness","Madness"],"special_seed":0,"relics":["Cracked Core","Unceasing Top","Shuriken","Centennial Puzzle","Matryoshka","Sozu","Calipers","Red Mask","MawBank","Strawberry","Gremlin Horn","Dodecahedron","Philosopher\u0027s Stone","Bag of Marbles","Regal Pillow","Lee\u0027s Waffle","Bronze Scales","Whetstone","Vajra"],"potions_floor_usage":[],"damage_taken":[{"damage":12.0,"enemies":"Small Slimes","floor":1.0,"turns":3.0},{"damage":2.0,"enemies":"2 Louse","floor":3.0,"turns":3.0},{"damage":7.0,"enemies":"Jaw Worm","floor":5.0,"turns":4.0},{"damage":5.0,"enemies":"2 Fungi Beasts","floor":8.0,"turns":3.0},{"damage":18.0,"enemies":"3 Sentries","floor":10.0,"turns":7.0},{"damage":15.0,"enemies":"Gremlin Nob","floor":12.0,"turns":4.0},{"damage":0.0,"enemies":"3 Louse","floor":13.0,"turns":4.0},{"damage":8.0,"enemies":"Looter","floor":14.0,"turns":3.0},{"damage":7.0,"enemies":"Hexaghost","floor":16.0,"turns":9.0},{"damage":5.0,"enemies":"Shell Parasite","floor":18.0,"turns":3.0},{"damage":31.0,"enemies":"Masked Bandits","floor":20.0,"turns":5.0},{"damage":15.0,"enemies":"2 Thieves","floor":21.0,"turns":4.0},{"damage":30.0,"enemies":"Slavers","floor":25.0,"turns":6.0},{"damage":8.0,"enemies":"Centurion and Healer","floor":28.0,"turns":5.0},{"damage":27.0,"enemies":"Book of Stabbing","floor":31.0,"turns":6.0},{"damage":14.0,"enemies":"Collector","floor":33.0,"turns":8.0},{"damage":36.0,"enemies":"3 Darklings","floor":35.0,"turns":4.0},{"damage":18.0,"enemies":"3 Shapes","floor":38.0,"turns":3.0},{"damage":14.0,"enemies":"Spire Growth","floor":39.0,"turns":3.0},{"damage":16.0,"enemies":"Writhing Mass","floor":42.0,"turns":5.0},{"damage":0.0,"enemies":"Maw","floor":46.0,"turns":4.0},{"damage":45,"enemies":"Nemesis","floor":48,"turns":7},{"damage":20,"enemies":"Awakened One","floor":50,"turns":9}],"seed_played":"-6189118149571532990","potions_obtained":[{"floor":5.0,"key":"Regen Potion"},{"floor":8.0,"key":"SteroidPotion"},{"floor":10.0,"key":"SmokeBomb"},{"floor":13.0,"key":"Ancient Potion"},{"floor":14.0,"key":"EssenceOfSteel"},{"floor":16.0,"key":"LiquidBronze"}],"is_trial":false,"path_per_floor":["M","?","M","?","M","T","R","M","T","E","R","E","M","M","R","B",null,"M","$","?","M","$","R","$","E","T","?","M","R","?","E","R","B",null,"M","$","?","M","M","R","?","M","T","?","$","M","?","E","R","B",null],"character_chosen":"DEFECT","items_purchased":["Calipers","Lee\u0027s Waffle","Loop","Bronze Scales","Whetstone"],"campfire_rested":6,"item_purchase_floors":[19,45,45,45,45],"current_hp_per_floor":[59,48,46,46,39,39,39,34,34,31,31,16,16,8,31,24,65,60,60,29,14,14,37,37,7,14,14,6,31,48,21,46,32,72,36,36,36,18,4,29,29,13,13,8,92,92,75,30,72,52],"gold":65,"neow_bonus":"TEN_PERCENT_HP_BONUS","is_prod":false,"is_daily":false,"chose_seed":false,"campfire_upgraded":2,"win_rate":0,"timestamp":1554824877,"path_taken":["M","?","M","?","M","?","R","M","T","E","R","E","M","M","R","BOSS","M","$","?","M","$","R","$","E","T","?","M","R","?","E","R","BOSS","M","$","?","M","M","R","?","?","T","?","$","M","?","E","R","BOSS"],"build_version":"2019-01-23","purchased_purges":2,"victory":true,"max_hp_per_floor":[78,78,78,78,78,78,78,78,78,78,78,78,78,78,78,78,78,78,78,78,78,78,78,78,78,85,85,85,85,85,85,85,85,85,85,85,85,85,85,85,85,85,85,85,92,92,92,92,92,92],"card_choices":[{"not_picked":["Compile Driver","Conserve Battery"],"picked":"Genetic Algorithm","floor":1.0},{"not_picked":["Beam Cell","Fusion"],"picked":"Barrage","floor":3.0},{"not_picked":["Steam","Turbo"],"picked":"Go for the Eyes","floor":5.0},{"not_picked":["Streamline","Hologram"],"picked":"Conserve Battery","floor":8.0},{"not_picked":["Leap","Auto Shields"],"picked":"Gash","floor":10.0},{"not_picked":["Beam Cell","Chaos"],"picked":"Echo Form","floor":12.0},{"not_picked":["Rip and Tear","Steam"],"picked":"Melter","floor":13.0},{"not_picked":["Chill","Melter"],"picked":"Cold Snap","floor":14.0},{"not_picked":["Hyperbeam","Buffer"],"picked":"Core Surge","floor":16.0},{"not_picked":["Sweeping Beam","Barrage"],"picked":"Turbo","floor":18.0},{"not_picked":["Hello World","Conserve Battery+1"],"picked":"Steam+1","floor":20.0},{"not_picked":["Hologram","Blizzard"],"picked":"Double Energy+1","floor":21.0},{"not_picked":["Conserve Battery","Cold Snap"],"picked":"Fusion+1","floor":25.0},{"not_picked":["Redo","Scrape"],"picked":"Tempest+1","floor":28.0},{"not_picked":["Genetic Algorithm","Conserve Battery","Turbo"],"picked":"SKIP","floor":31.0},{"not_picked":["Streamline","Steam"],"picked":"Aggregate","floor":35.0},{"not_picked":["Stack","Conserve Battery+1"],"picked":"Rebound+1","floor":38.0},{"not_picked":["Coolheaded","Doom and Gloom"],"picked":"Steam","floor":39.0},{"not_picked":["Blizzard+1","Hologram"],"picked":"Beam Cell+1","floor":42.0},{"not_picked":["Good Instincts","Deep Breath"],"picked":"Secret Technique","floor":44.0},{"not_picked":["HandOfGreed","Forethought"],"picked":"Chrysalis","floor":44.0},{"not_picked":["Leap","Storm","Undo"],"picked":"SKIP","floor":46.0},{"not_picked":["Sunder","Hologram+1","Compile Driver"],"picked":"SKIP","floor":48}],"player_experience":977157,"relics_obtained":[{"floor":6.0,"key":"Unceasing Top"},{"floor":9.0,"key":"Shuriken"},{"floor":10.0,"key":"Centennial Puzzle"},{"floor":12.0,"key":"Matryoshka"},{"floor":20.0,"key":"Red Mask"},{"floor":25.0,"key":"MawBank"},{"floor":26.0,"key":"Strawberry"},{"floor":26.0,"key":"Gremlin Horn"},{"floor":31.0,"key":"Dodecahedron"},{"floor":43.0,"key":"Bag of Marbles"},{"floor":43.0,"key":"Regal Pillow"},{"floor":48,"key":"Vajra"}],"event_choices":[{"damage_healed":0.0,"max_hp_gain":0.0,"max_hp_loss":0.0,"gold_gain":75.0,"event_name":"World of Goop","player_choice":"Gather Gold","floor":2.0,"gold_loss":0.0,"damage_taken":11.0},{"damage_healed":0.0,"max_hp_gain":0.0,"max_hp_loss":0.0,"gold_gain":0.0,"event_name":"Living Wall","player_choice":"Grow","floor":4.0,"gold_loss":0.0,"damage_taken":0.0,"cards_upgraded":["Genetic Algorithm"]},{"damage_healed":0.0,"max_hp_gain":0.0,"max_hp_loss":0.0,"gold_gain":0.0,"event_name":"Masked Bandits","player_choice":"Fought Bandits","floor":20.0,"gold_loss":0.0,"damage_taken":0.0},{"cards_removed":["Strike_B"],"damage_healed":0.0,"max_hp_gain":0.0,"max_hp_loss":0.0,"gold_gain":0.0,"event_name":"Beggar","player_choice":"Gave Gold","floor":27.0,"gold_loss":75.0,"damage_taken":0.0},{"damage_healed":17.0,"max_hp_gain":0.0,"max_hp_loss":0.0,"gold_gain":0.0,"event_name":"The Library","player_choice":"Heal","floor":30.0,"gold_loss":0.0,"damage_taken":0.0},{"damage_healed":0.0,"max_hp_gain":0.0,"max_hp_loss":0.0,"gold_gain":222.0,"event_name":"Tomb of Lord Red Mask","player_choice":"Wore Mask","floor":37.0,"gold_loss":0.0,"damage_taken":0.0},{"damage_healed":0.0,"max_hp_gain":0.0,"max_hp_loss":0.0,"gold_gain":0.0,"event_name":"Accursed Blacksmith","player_choice":"Forge","floor":41.0,"gold_loss":0.0,"damage_taken":0.0,"cards_upgraded":["Dualcast"]},{"damage_healed":0.0,"max_hp_gain":0.0,"max_hp_loss":0.0,"gold_gain":0.0,"event_name":"SensoryStone","player_choice":"Memory 2","floor":44.0,"gold_loss":0.0,"damage_taken":5.0},{"damage_healed":0.0,"max_hp_gain":0.0,"max_hp_loss":0.0,"gold_gain":0.0,"event_name":"Winding Halls","player_choice":"Embrace Madness","floor":47.0,"gold_loss":0.0,"damage_taken":17.0,"cards_obtained":["Madness","Madness"]}],"is_beta":false,"boss_relics":[{"not_picked":["Snecko Eye","Tiny House"],"picked":"Sozu"},{"not_picked":["Orrery","Velvet Choker"],"picked":"Philosopher\u0027s Stone"}],"items_purged_floors":[19,45],"is_endless":false,"potions_floor_spawned":[5,8,10,13,14,16,25,33,38,39],"ascension_level":15}