{"gold_per_floor":[112,72,85,100,14,39,39,74,101,101,114,140,140,160,160,232,232,242,260,260,272,283,283,283,283,384,155,175,205,220,32,32,110,110,129,129,142,156,205,237,6,6],"floor_reached":42,"playtime":4992,"items_purged":["Perfected Strike"],"score":1036,"play_id":"cd1d1c70-17e7-48d7-912e-0b1bc3022893","local_time":"20190405004555","is_ascension_mode":true,"campfire_choices":[{"data":"Armaments","floor":7.0,"key":"SMITH"},{"floor":13.0,"key":"REST"},{"data":"Demon Form","floor":15.0,"key":"SMITH"},{"floor":23.0,"key":"REST"},{"floor":25.0,"key":"REST"},{"floor":32.0,"key":"REST"}],"neow_cost":"PERCENT_DAMAGE","seed_source_timestamp":1056808531288333,"circlet_count":0,"master_deck":["AscendersBane","Bash","Pommel Strike","Armaments+1","Demon Form+1","Disarm","Limit Break","Metallicize","Corruption+1","Sentinel","Dark Embrace+1","Limit Break","Barricade+1","Second Wind","Anger","Burning Pact","Metallicize+1","Dual Wield","Bludgeon","Evolve+1","Armaments","Shrug It Off","Exhume","Limit Break","Dual Wield","True Grit","Inflame+1","Dark Shackles","Offering","Iron Wave+1","Spot Weakness","Flame Barrier","Inflame+1","Discovery"],"special_seed":0,"relics":["Burning Blood","Lantern","Pen Nib","Mummified Hand","Frozen Egg 2","Pandora\u0027s Box","Matryoshka","Tiny Chest","Letter Opener","Magic Flower","Sozu","Champion Belt","Bottled Flame"],"potions_floor_usage":[],"damage_taken":[{"damage":4.0,"enemies":"Jaw Worm","floor":1.0,"turns":5.0},{"damage":1.0,"enemies":"Cultist","floor":3.0,"turns":3.0},{"damage":0.0,"enemies":"Small Slimes","floor":4.0,"turns":4.0},{"damage":50.0,"enemies":"Gremlin Nob","floor":6.0,"turns":6.0},{"damage":19.0,"enemies":"3 Sentries","floor":8.0,"turns":6.0},{"damage":4.0,"enemies":"Red Slaver","floor":11.0,"turns":5.0},{"damage":22.0,"enemies":"Gremlin Nob","floor":12.0,"turns":4.0},{"damage":6.0,"enemies":"Looter","floor":14.0,"turns":4.0},{"damage":26.0,"enemies":"The Guardian","floor":16.0,"turns":8.0},{"damage":22.0,"enemies":"2 Thieves","floor":18.0,"turns":4.0},{"damage":38.0,"enemies":"3 Byrds","floor":19.0,"turns":7.0},{"damage":15.0,"enemies":"Centurion and Healer","floor":21.0,"turns":5.0},{"damage":0.0,"enemies":"3 Cultists","floor":22.0,"turns":4.0},{"damage":0.0,"enemies":"Snecko","floor":28.0,"turns":3.0},{"damage":63.0,"enemies":"Slavers","floor":29.0,"turns":6.0},{"damage":10.0,"enemies":"Centurion and Healer","floor":30.0,"turns":2.0},{"damage":15.0,"enemies":"Champ","floor":33.0,"turns":15.0},{"damage":6.0,"enemies":"3 Darklings","floor":35.0,"turns":1.0},{"damage":21.0,"enemies":"Orb Walker","floor":37.0,"turns":4.0},{"damage":0.0,"enemies":"Writhing Mass","floor":38.0,"turns":4.0},{"damage":30.0,"enemies":"2 Orb Walkers","floor":39.0,"turns":3.0},{"damage":6.0,"enemies":"Nemesis","floor":40.0,"turns":3.0},{"damage":62,"enemies":"Reptomancer","floor":42,"turns":2}],"seed_played":"8972842890854770608","potions_obtained":[{"floor":1.0,"key":"Regen Potion"},{"floor":2.0,"key":"Explosive Potion"},{"floor":8.0,"key":"Fire Potion"},{"floor":11.0,"key":"Fire Potion"},{"floor":14.0,"key":"Ancient Potion"},{"floor":19.0,"key":"SpeedPotion"},{"floor":28.0,"key":"Ancient Potion"},{"floor":33.0,"key":"SteroidPotion"}],"is_trial":false,"path_per_floor":["M","?","M","M","$","E","R","E","T","?","M","E","R","M","R","B",null,"M","M","T","M","M","R","?","R","T","$","M","E","M","$","R","B",null,"M","?","M","M","?","E","$","E"],"character_chosen":"IRONCLAD","items_purchased":["Disarm","Exhume","Inflame+1","Dark Shackles","Flame Barrier","Inflame+1","Discovery"],"campfire_rested":4,"item_purchase_floors":[5,27,31,31,41,41,41],"current_hp_per_floor":[66,66,71,77,77,45,45,32,32,32,34,18,44,44,44,24,73,57,25,25,16,22,48,48,74,74,74,80,23,22,22,48,42,77,80,80,68,77,56,59,59,0],"gold":6,"neow_bonus":"TWENTY_PERCENT_HP_BONUS","is_prod":false,"is_daily":false,"chose_seed":false,"campfire_upgraded":2,"win_rate":0,"timestamp":1554446755,"path_taken":["M","?","?","M","$","E","R","E","T","?","M","E","R","M","R","BOSS","M","M","?","M","M","R","?","R","T","?","?","E","M","$","R","BOSS","M","?","M","M","?","E","$","E"],"build_version":"2019-03-15","purchased_purges":1,"victory":false,"max_hp_per_floor":[89,89,89,89,89,89,89,89,89,89,89,89,89,89,89,89,89,89,89,89,89,89,89,89,89,89,89,89,89,89,89,89,89,89,89,85,85,85,85,85,85,85],"card_choices":[{"not_picked":["Sentinel","Warcry"],"picked":"Pommel Strike","floor":1.0},{"not_picked":["Dual Wield","Anger"],"picked":"Armaments","floor":3.0},{"not_picked":["True Grit","Flex"],"picked":"Demon Form","floor":4.0},{"not_picked":["Sentinel","Flex"],"picked":"Limit Break","floor":6.0},{"not_picked":["Power Through","Flex"],"picked":"Metallicize","floor":8.0},{"not_picked":["Sword Boomerang","Carnage","Wild Strike"],"picked":"SKIP","floor":11.0},{"not_picked":["Bludgeon","Thunderclap"],"picked":"Corruption","floor":12.0},{"not_picked":["Pummel","Pommel Strike"],"picked":"Sentinel","floor":14.0},{"not_picked":["Bludgeon","Brutality+1"],"picked":"Dark Embrace+1","floor":16.0},{"not_picked":["Inflame+1","Cleave"],"picked":"Evolve+1","floor":18.0},{"not_picked":["Dual Wield","Havoc"],"picked":"Armaments","floor":19.0},{"not_picked":["Clothesline+1","Sever Soul+1","Armaments"],"picked":"SKIP","floor":21.0},{"not_picked":["Sword Boomerang","Disarm"],"picked":"Shrug It Off","floor":22.0},{"not_picked":["Clash","Corruption+1"],"picked":"Limit Break","floor":28.0},{"not_picked":["Twin Strike","Perfected Strike"],"picked":"Dual Wield","floor":29.0},{"not_picked":["Armaments+1","Body Slam"],"picked":"True Grit","floor":30.0},{"not_picked":["Berserk+1","Brutality+1"],"picked":"Offering","floor":33.0},{"not_picked":["Wild Strike","Clothesline"],"picked":"Iron Wave+1","floor":35.0},{"not_picked":["Intimidate","Perfected Strike","Havoc"],"picked":"SKIP","floor":37.0},{"not_picked":["Whirlwind","Infernal Blade","Anger"],"picked":"SKIP","floor":38.0},{"not_picked":["Anger","Clothesline"],"picked":"Spot Weakness","floor":40.0}],"player_experience":2758520,"relics_obtained":[{"floor":6.0,"key":"Lantern"},{"floor":8.0,"key":"Pen Nib"},{"floor":12.0,"key":"Frozen Egg 2"},{"floor":20.0,"key":"Matryoshka"},{"floor":26.0,"key":"Tiny Chest"},{"floor":26.0,"key":"Letter Opener"},{"floor":29.0,"key":"Magic Flower"},{"floor":39.0,"key":"Champion Belt"},{"floor":40.0,"key":"Bottled Flame"}],"event_choices":[{"damage_healed":0.0,"max_hp_gain":0.0,"max_hp_loss":0.0,"gold_gain":0.0,"event_name":"The Woman in Blue","player_choice":"Bought 3 Potions","floor":2.0,"gold_loss":0.0,"damage_taken":0.0},{"damage_healed":0.0,"max_hp_gain":0.0,"max_hp_loss":0.0,"gold_gain":0.0,"event_name":"WeMeetAgain","player_choice":"Gave Potion","floor":10.0,"gold_loss":0.0,"damage_taken":0.0,"relics_obtained":["Mummified Hand"]},{"damage_healed":0.0,"max_hp_gain":0.0,"max_hp_loss":0.0,"gold_gain":0.0,"event_name":"The Mausoleum","player_choice":"Ignored","floor":24.0,"gold_loss":0.0,"damage_taken":0.0},{"damage_healed":0.0,"max_hp_gain":0.0,"max_hp_loss":4.0,"gold_gain":0.0,"event_name":"Winding Halls","player_choice":"Max HP","floor":36.0,"gold_loss":0.0,"damage_taken":0.0},{"damage_healed":0.0,"max_hp_gain":0.0,"max_hp_loss":0.0,"gold_gain":0.0,"event_name":"Mysterious Sphere","player_choice":"Fight","floor":39.0,"gold_loss":0.0,"damage_taken":0.0}],"is_beta":true,"boss_relics":[{"not_picked":["Runic Cube","Philosopher\u0027s Stone"],"picked":"Pandora\u0027s Box"},{"not_picked":["Calling Bell","Black Star"],"picked":"Sozu"}],"items_purged_floors":[27],"is_endless":false,"potions_floor_spawned":[1,4,8,11,14,19,28,33,35,37,39],"killed_by":"Reptomancer","ascension_level":20}