{"gold_per_floor":[117,33,58,75,94,123,123,123,149,149,161,193,38,57,57,130,130,147,165,165,90,18,18,18,18,18,29,64,64,83,83,83,83],"floor_reached":33,"playtime":1369,"items_purged":[],"score":492,"play_id":"f13c40a7-4a62-4df6-b65a-0b4f5aab23e3","local_time":"20190405145804","is_ascension_mode":true,"campfire_choices":[{"floor":8.0,"key":"REST"},{"data":"Zap","floor":10.0,"key":"SMITH"},{"floor":15.0,"key":"REST"},{"floor":23.0,"key":"REST"},{"data":"Biased Cognition","floor":25.0,"key":"SMITH"},{"floor":29.0,"key":"REST"},{"data":"Static Discharge","floor":32.0,"key":"SMITH"}],"neow_cost":"TEN_PERCENT_HP_LOSS","seed_source_timestamp":0,"circlet_count":0,"master_deck":["AscendersBane","Strike_B","Strike_B","Defend_B","Defend_B","Defend_B","Defend_B","Zap+1","Dualcast","Biased Cognition+1","Conserve Battery","Panacea","Rebound","Rip and Tear","Loop","Static Discharge+1","Coolheaded","Electrodynamics","Hologram","Auto Shields","BootSequence","Coolheaded","Compile Driver"],"special_seed":0,"relics":["Cracked Core","Art of War","Vajra","StoneCalendar","Strawberry","Juzu Bracelet","PreservedInsect","Inserter","The Courier","Omamori","Lantern"],"potions_floor_usage":[],"damage_taken":[{"damage":6.0,"enemies":"Cultist","floor":1.0,"turns":3.0},{"damage":1.0,"enemies":"2 Louse","floor":4.0,"turns":2.0},{"damage":5.0,"enemies":"Jaw Worm","floor":5.0,"turns":2.0},{"damage":24.0,"enemies":"Gremlin Nob","floor":6.0,"turns":4.0},{"damage":7.0,"enemies":"Large Slime","floor":11.0,"turns":3.0},{"damage":23.0,"enemies":"Lagavulin","floor":12.0,"turns":6.0},{"damage":21.0,"enemies":"Exordium Thugs","floor":14.0,"turns":4.0},{"damage":13.0,"enemies":"Hexaghost","floor":16.0,"turns":8.0},{"damage":29.0,"enemies":"Chosen","floor":18.0,"turns":6.0},{"damage":19.0,"enemies":"Spheric Guardian","floor":19.0,"turns":4.0},{"damage":13.0,"enemies":"Snake Plant","floor":27.0,"turns":3.0},{"damage":0.0,"enemies":"Gremlin Leader","floor":28.0,"turns":4.0},{"damage":6.0,"enemies":"Centurion and Healer","floor":30.0,"turns":6.0},{"damage":33,"enemies":"Collector","floor":33,"turns":3}],"seed_played":"6776572054766847928","potions_obtained":[{"floor":4.0,"key":"Poison Potion"},{"floor":11.0,"key":"Regen Potion"},{"floor":14.0,"key":"Poison Potion"},{"floor":18.0,"key":"Dexterity Potion"},{"floor":27.0,"key":"Dexterity Potion"},{"floor":30.0,"key":"Ancient Potion"}],"is_trial":false,"path_per_floor":["M","$","T","M","M","E","?","R","T","R","M","E","$","M","R","B",null,"M","M","?","?","$","R","?","R","T","M","E","R","M","?","R","B"],"character_chosen":"DEFECT","items_purchased":["Panacea","PreservedInsect","Auto Shields"],"campfire_rested":4,"item_purchase_floors":[2,13,22],"current_hp_per_floor":[62,62,62,61,56,32,29,49,56,56,49,26,26,5,27,29,64,35,16,2,2,2,26,26,26,26,13,13,37,31,31,31,0],"gold":83,"neow_bonus":"THREE_RARE_CARDS","is_prod":false,"is_daily":false,"chose_seed":false,"campfire_upgraded":3,"win_rate":0,"timestamp":1554472684,"path_taken":["M","$","?","M","M","E","?","R","T","R","M","E","$","M","R","BOSS","M","M","?","?","$","R","?","R","T","M","E","R","M","?","R","BOSS"],"build_version":"2019-01-23","purchased_purges":0,"victory":false,"max_hp_per_floor":[68,68,68,68,68,68,68,68,75,75,75,75,75,75,75,75,75,75,75,80,80,80,80,80,80,80,80,80,80,80,80,80,80],"card_choices":[{"not_picked":["Hyperbeam","Buffer"],"picked":"Biased Cognition","floor":0.0},{"not_picked":["Beam Cell","Hologram"],"picked":"Conserve Battery","floor":1.0},{"not_picked":["Hello World","Chaos"],"picked":"Rebound","floor":4.0},{"not_picked":["Lockon","Steam"],"picked":"Rip and Tear","floor":5.0},{"not_picked":["Meteor Strike","Reprogram","Hello World"],"picked":"SKIP","floor":6.0},{"not_picked":["Sunder","White Noise"],"picked":"Loop","floor":11.0},{"not_picked":["Aggregate","All For One"],"picked":"Static Discharge","floor":12.0},{"not_picked":["Conserve Battery","Loop"],"picked":"Coolheaded","floor":14.0},{"not_picked":["Multi-Cast","Buffer"],"picked":"Electrodynamics","floor":16.0},{"not_picked":["Storm","Sunder"],"picked":"Hologram","floor":18.0},{"not_picked":["Gash","Rebound","Redo"],"picked":"SKIP","floor":19.0},{"not_picked":["Undo","Coolheaded"],"picked":"BootSequence","floor":27.0},{"not_picked":["Hologram","Leap"],"picked":"Coolheaded","floor":28.0},{"not_picked":["Storm","Streamline"],"picked":"Compile Driver","floor":30.0}],"player_experience":919578,"relics_obtained":[{"floor":3.0,"key":"Art of War"},{"floor":6.0,"key":"Vajra"},{"floor":9.0,"key":"Strawberry"},{"floor":12.0,"key":"Juzu Bracelet"},{"floor":26.0,"key":"The Courier"},{"floor":28.0,"key":"Omamori"}],"event_choices":[{"damage_healed":0.0,"max_hp_gain":0.0,"max_hp_loss":0.0,"gold_gain":0.0,"event_name":"Scrap Ooze","player_choice":"Success","floor":7.0,"gold_loss":0.0,"damage_taken":3.0,"relics_obtained":["StoneCalendar"]},{"damage_healed":0.0,"max_hp_gain":5.0,"max_hp_loss":0.0,"gold_gain":0.0,"event_name":"Forgotten Altar","player_choice":"Shed Blood","floor":20.0,"gold_loss":0.0,"damage_taken":19.0},{"cards_removed":["Strike_B"],"damage_healed":0.0,"max_hp_gain":0.0,"max_hp_loss":0.0,"gold_gain":0.0,"event_name":"Beggar","player_choice":"Gave Gold","floor":21.0,"gold_loss":75.0,"damage_taken":0.0},{"cards_removed":["Strike_B"],"damage_healed":0.0,"max_hp_gain":0.0,"max_hp_loss":0.0,"gold_gain":0.0,"event_name":"Bonfire Elementals","player_choice":"Offered Basic","floor":24.0,"gold_loss":0.0,"damage_taken":0.0},{"damage_healed":0.0,"max_hp_gain":0.0,"max_hp_loss":0.0,"gold_gain":0.0,"event_name":"The Mausoleum","player_choice":"Opened","floor":31.0,"gold_loss":0.0,"damage_taken":0.0,"relics_obtained":["Lantern"]}],"is_beta":false,"boss_relics":[{"not_picked":["Ectoplasm","Orrery"],"picked":"Inserter"}],"items_purged_floors":[],"is_endless":false,"potions_floor_spawned":[4,11,14,18,27,30],"killed_by":"Collector","ascension_level":13}