{"gold_per_floor":[113,113,113,131,52,88,88,108,108,148,5,5,5,23,23,118,118,134,134,49,69,84,84,84],"floor_reached":24,"playtime":933,"items_purged":[],"score":367,"play_id":"a4b04543-271a-4886-badc-506ceb78611a","local_time":"20181211231732","is_ascension_mode":true,"campfire_choices":[{"floor":7.0,"key":"REST"},{"floor":12.0,"key":"REST"},{"data":"Noxious Fumes","floor":15.0,"key":"SMITH"},{"floor":23,"key":"REST"}],"neow_cost":"NONE","seed_source_timestamp":0,"circlet_count":0,"master_deck":["AscendersBane","Defend_G","Defend_G","Defend_G","Defend_G+1","Strike_G","Strike_G","Strike_G","Strike_G","Survivor","Neutralize","Tools of the Trade+1","Poisoned Stab","Riddle With Holes","Escape Plan","Backstab","Leg Sweep","Noxious Fumes+1","Glass Knife","Poisoned Stab","Noxious Fumes","Flying Knee+1"],"special_seed":0,"relics":["Ring of the Snake","Golden Idol","Darkstone Periapt","Mango","Pantograph","Empty Cage"],"potions_floor_usage":[21,22,24],"damage_taken":[{"damage":1.0,"enemies":"2 Louse","floor":1.0,"turns":5.0},{"damage":8.0,"enemies":"Small Slimes","floor":4.0,"turns":5.0},{"damage":32.0,"enemies":"Lagavulin","floor":6.0,"turns":6.0},{"damage":0.0,"enemies":"Jaw Worm","floor":8.0,"turns":4.0},{"damage":22.0,"enemies":"3 Sentries","floor":10.0,"turns":8.0},{"damage":1.0,"enemies":"Large Slime","floor":14.0,"turns":6.0},{"damage":14.0,"enemies":"Hexaghost","floor":16.0,"turns":11.0},{"damage":18,"enemies":"Shell Parasite","floor":18,"turns":7},{"damage":14,"enemies":"2 Thieves","floor":21,"turns":4},{"damage":4,"enemies":"Cultist and Chosen","floor":22,"turns":6},{"damage":56,"enemies":"Slavers","floor":24,"turns":3}],"seed_played":"8576147725685453564","potions_obtained":[{"floor":1.0,"key":"EntropicBrew"},{"floor":8.0,"key":"FearPotion"},{"floor":10.0,"key":"Block Potion"},{"floor":22,"key":"FearPotion"}],"is_trial":false,"path_per_floor":["M","?","?","M","$","E","R","M","T","E","$","R","?","M","R","B",null,"M","?","$","M","M","R","E"],"character_chosen":"THE_SILENT","items_purchased":["Escape Plan","Leg Sweep","Fire Potion","Noxious Fumes"],"campfire_rested":3,"item_purchase_floors":[5,11,11,20],"current_hp_per_floor":[58,58,58,50,50,18,36,36,50,28,28,50,28,27,27,38,65,47,47,47,33,29,51,0],"gold":84,"neow_bonus":"ONE_RANDOM_RARE_CARD","is_prod":false,"is_daily":false,"chose_seed":false,"campfire_upgraded":1,"win_rate":0,"timestamp":1544599052,"path_taken":["M","?","?","M","$","E","R","M","T","E","$","R","?","?","R","BOSS","M","?","$","M","M","R","E"],"build_version":"2018-12-06","purchased_purges":0,"victory":false,"max_hp_per_floor":[66,66,60,60,60,60,60,60,74,74,74,74,74,74,74,74,74,74,74,74,74,74,74,74],"card_choices":[{"not_picked":["Well Laid Plans","Blade Dance"],"picked":"Poisoned Stab","floor":1.0},{"not_picked":["Underhanded Strike","Acrobatics"],"picked":"Riddle With Holes","floor":4.0},{"not_picked":["Cloak And Dagger","Backflip"],"picked":"Backstab","floor":6.0},{"not_picked":["Concentrate","Heel Hook","Slice"],"picked":"SKIP","floor":8.0},{"not_picked":["Prepared","Setup","Accuracy"],"picked":"SKIP","floor":10.0},{"not_picked":["Concentrate","Wraith Form v2"],"picked":"Noxious Fumes","floor":14.0},{"not_picked":["After Image","A Thousand Cuts"],"picked":"Glass Knife","floor":16.0},{"not_picked":["Sucker Punch","Deflect"],"picked":"Poisoned Stab","floor":18},{"not_picked":["Skewer","Concentrate+1","Poisoned Stab"],"picked":"SKIP","floor":21},{"not_picked":["Outmaneuver","Prepared"],"picked":"Flying Knee+1","floor":22}],"player_experience":1017875,"relics_obtained":[{"floor":6.0,"key":"Darkstone Periapt"},{"floor":9.0,"key":"Mango"},{"floor":10.0,"key":"Pantograph"}],"event_choices":[{"damage_healed":0.0,"max_hp_gain":0.0,"max_hp_loss":0.0,"gold_gain":0.0,"event_name":"Liars Game","player_choice":"Ignored","floor":2.0,"gold_loss":0.0,"damage_taken":0.0},{"damage_healed":0.0,"max_hp_gain":0.0,"max_hp_loss":6.0,"gold_gain":0.0,"event_name":"Golden Idol","player_choice":"Lose Max HP","floor":3.0,"gold_loss":0.0,"damage_taken":0.0,"relics_obtained":["Golden Idol"]},{"damage_healed":0.0,"max_hp_gain":0.0,"max_hp_loss":0.0,"gold_gain":0.0,"event_name":"Shining Light","player_choice":"Entered Light","floor":13.0,"gold_loss":0.0,"damage_taken":22.0,"cards_upgraded":["Tools of the Trade","Defend_G"]},{"damage_healed":0,"gold_gain":0,"player_choice":"Ignored","damage_taken":0,"max_hp_gain":0,"max_hp_loss":0,"event_name":"The Mausoleum","floor":19,"gold_loss":0}],"is_beta":false,"boss_relics":[{"not_picked":["HoveringKite","Sozu"],"picked":"Empty Cage"}],"items_purged_floors":[],"is_endless":false,"potions_floor_spawned":[1,8,10,16,22],"killed_by":"Slavers","ascension_level":16}