{"gold_per_floor":[112,122,135,154,35,35,62,80,130,144,144,164,164,183,183,284,284,268,284,295,90,108,108,125,43,68,68,68,81,99,129,129,224,224,234,252,252,1,1],"floor_reached":39,"playtime":4733,"items_purged":["Doubt"],"score":481,"play_id":"d8aa0d7a-fb4d-423b-8e4c-badef58f7b95","local_time":"20190112140651","is_ascension_mode":true,"campfire_choices":[{"floor":11,"key":"REST"},{"data":"Demon Form","floor":13,"key":"SMITH"},{"floor":15,"key":"REST"},{"data":"Inflame","floor":23,"key":"SMITH"},{"floor":28,"key":"RECALL"},{"floor":32,"key":"REST"}],"neow_cost":"NONE","seed_source_timestamp":502927313377802,"circlet_count":0,"master_deck":["Strike_R","Strike_R","Strike_R","Strike_R","Defend_R","Defend_R","Defend_R","Defend_R","Bash","Infernal Blade","True Grit","Shrug It Off","Demon Form+1","Shockwave","Shrug It Off","Corruption","Battle Trance","Spot Weakness","Clothesline","Disarm","Reaper","Sword Boomerang","Anger+1","Double Tap","Inflame+1","Armaments","Inflame+1","Body Slam","Spot Weakness","Sword Boomerang","Battle Trance","Demon Form","Limit Break","Sword Boomerang+1","Pummel","Shrug It Off","Heavy Blade"],"relics":["Burning Blood","Red Skull","Lantern","Bag of Marbles","Gremlin Horn","Du-Vu Doll","Nloth\u0027s Gift","Mercury Hourglass","Empty Cage","Omamori","Happy Flower"],"potions_floor_usage":[7,16,16,31,31,33,33,39,39],"damage_taken":[{"damage":4,"enemies":"2 Louse","floor":1,"turns":3},{"damage":5,"enemies":"Cultist","floor":2,"turns":4},{"damage":3,"enemies":"Jaw Worm","floor":3,"turns":3},{"damage":13,"enemies":"Blue Slaver","floor":4,"turns":5},{"damage":32,"enemies":"Gremlin Nob","floor":7,"turns":6},{"damage":27,"enemies":"Lots of Slimes","floor":8,"turns":4},{"damage":8,"enemies":"2 Fungi Beasts","floor":10,"turns":4},{"damage":6,"enemies":"3 Louse","floor":12,"turns":6},{"damage":16,"enemies":"Blue Slaver","floor":14,"turns":5},{"damage":32,"enemies":"The Guardian","floor":16,"turns":7},{"damage":7,"enemies":"2 Thieves","floor":18,"turns":4},{"damage":13,"enemies":"Chosen","floor":19,"turns":5},{"damage":23,"enemies":"Snake Plant","floor":20,"turns":6},{"damage":6,"enemies":"Snecko","floor":22,"turns":5},{"damage":15,"enemies":"Centurion and Healer","floor":24,"turns":7},{"damage":47,"enemies":"Sentry and Sphere","floor":29,"turns":6},{"damage":17,"enemies":"Snake Plant","floor":30,"turns":3},{"damage":25,"enemies":"Book of Stabbing","floor":31,"turns":3},{"damage":69,"enemies":"Automaton","floor":33,"turns":8},{"damage":18,"enemies":"3 Shapes","floor":35,"turns":2},{"damage":54,"enemies":"3 Darklings","floor":36,"turns":4},{"damage":27,"enemies":"Writhing Mass","floor":39,"turns":2}],"seed_played":"-4964328730546591589","potions_obtained":[{"floor":2,"key":"FearPotion"},{"floor":3,"key":"AttackPotion"},{"floor":4,"key":"LiquidBronze"},{"floor":12,"key":"Swift Potion"},{"floor":18,"key":"LiquidBronze"},{"floor":24,"key":"Strength Potion"},{"floor":31,"key":"Regen Potion"},{"floor":33,"key":"Strength Potion"},{"floor":35,"key":"EssenceOfSteel"}],"is_trial":false,"path_per_floor":["M","M","M","M","$","?","E","M","T","M","R","M","R","M","R","B",null,"M","M","M","$","M","R","M","$","T","?","R","M","M","E","R","B",null,"M","M","T","$","M"],"character_chosen":"IRONCLAD","items_purchased":["Shockwave","Shrug It Off","Inflame","Armaments","Spot Weakness","Happy Flower","Shrug It Off","Heavy Blade"],"campfire_rested":3,"item_purchase_floors":[5,5,21,21,25,38,38,38],"current_hp_per_floor":[88,88,88,81,81,81,55,34,34,32,58,58,58,48,74,48,88,88,81,64,64,64,64,83,83,83,83,83,42,31,12,38,37,85,73,25,25,25,0],"gold":1,"neow_bonus":"TEN_PERCENT_HP_BONUS","is_prod":false,"is_daily":false,"chose_seed":false,"campfire_upgraded":2,"win_rate":0,"timestamp":1547320011,"path_taken":["M","M","M","M","$","?","E","M","T","?","R","M","R","M","R","BOSS","M","M","M","$","M","R","M","$","T","?","R","M","M","E","R","BOSS","M","M","?","$","M"],"build_version":"2019-01-10","purchased_purges":1,"victory":false,"max_hp_per_floor":[88,88,88,88,88,88,88,88,88,88,88,88,88,88,88,88,88,88,88,88,88,88,88,88,88,88,88,88,88,88,88,88,88,85,85,85,85,85,85],"card_choices":[{"not_picked":["Flex","Clash"],"picked":"Infernal Blade","floor":1},{"not_picked":["Headbutt","Armaments"],"picked":"True Grit","floor":2},{"not_picked":["Heavy Blade","Iron Wave"],"picked":"Shrug It Off","floor":3},{"not_picked":["Iron Wave","Second Wind"],"picked":"Demon Form","floor":4},{"not_picked":["Dropkick","Warcry"],"picked":"Corruption","floor":7},{"not_picked":["Cleave","True Grit"],"picked":"Battle Trance","floor":8},{"not_picked":["Shockwave","Feel No Pain"],"picked":"Spot Weakness","floor":10},{"not_picked":["Thunderclap","Body Slam"],"picked":"Clothesline","floor":12},{"not_picked":["Anger","Armaments"],"picked":"Disarm","floor":14},{"not_picked":["Impervious","Demon Form"],"picked":"Reaper","floor":16},{"not_picked":["Flex","Clash"],"picked":"Sword Boomerang","floor":18},{"not_picked":["Body Slam","Entrench"],"picked":"Anger+1","floor":19},{"not_picked":["Clothesline","Battle Trance"],"picked":"Double Tap","floor":20},{"not_picked":["Disarm","Warcry+1"],"picked":"Inflame+1","floor":22},{"not_picked":["Fire Breathing","Cleave"],"picked":"Body Slam","floor":24},{"not_picked":["Shrug It Off","Thunderclap+1"],"picked":"Sword Boomerang","floor":29},{"not_picked":["Clash+1","Headbutt+1"],"picked":"Battle Trance","floor":30},{"not_picked":["Limit Break","Anger"],"picked":"Demon Form","floor":31},{"not_picked":["Double Tap","Feed"],"picked":"Limit Break","floor":33},{"not_picked":["Thunderclap+1","Rage"],"picked":"Sword Boomerang+1","floor":35},{"not_picked":["Combust","Body Slam+1"],"picked":"Pummel","floor":36}],"player_experience":71282,"relics_obtained":[{"floor":7,"key":"Red Skull"},{"floor":9,"key":"Lantern"},{"floor":17,"key":"Bag of Marbles"},{"floor":17,"key":"Gremlin Horn"},{"floor":17,"key":"Du-Vu Doll"},{"floor":31,"key":"Mercury Hourglass"},{"floor":37,"key":"Omamori"}],"event_choices":[{"cards_removed":["Strike_R"],"damage_healed":0,"gold_gain":0,"player_choice":"Purged","damage_taken":0,"max_hp_gain":0,"max_hp_loss":0,"event_name":"Purifier","floor":6,"gold_loss":0},{"damage_healed":0,"gold_gain":0,"player_choice":"Traded Relic","damage_taken":0,"relics_obtained":["Nloth\u0027s Gift"],"max_hp_gain":0,"max_hp_loss":0,"event_name":"N\u0027loth","floor":27,"relics_lost":["Calling Bell"],"gold_loss":0}],"is_beta":false,"boss_relics":[{"not_picked":["Snecko Eye","Eternal Feather"],"picked":"Calling Bell"},{"not_picked":["Coffee Dripper","Runic Dome"],"picked":"Empty Cage"}],"items_purged_floors":[21],"is_endless":false,"potions_floor_spawned":[2,3,4,12,14,18,24,29,30,31,33,35],"killed_by":"Writhing Mass","ascension_level":1}