{"gold_per_floor":[111,130,142,317,317,355,355,373,373,373,389,414,40,71,71,194,194,215,201,56,155,173,173,173,263,312,312,337,356,146,146,146,266,266,290,315,315,330,330],"floor_reached":39,"playtime":1896,"items_purged":["Strike_B","Doubt"],"score":457,"play_id":"afd49f5e-7c26-4a14-a7f0-b547c42dd19a","local_time":"20190415044949","is_ascension_mode":true,"campfire_choices":[{"data":"Blizzard","floor":10,"key":"SMITH"},{"floor":15,"key":"REST"},{"floor":23,"key":"REST"},{"floor":27,"key":"REST"},{"floor":32,"key":"REST"}],"neow_cost":"NONE","seed_source_timestamp":266338560659900,"circlet_count":0,"master_deck":["Strike_B","Defend_B","Defend_B","Defend_B","Defend_B","Zap","Dualcast","Cold Snap","Blizzard+1","Coolheaded","Barrage","White Noise","Conserve Battery","Loop","Panache","Amplify","Coolheaded","Cold Snap+1","Defragment","Conserve Battery","Necronomicurse","Steam Power","Rainbow","Defragment","Blizzard","Darkness","Aggregate","Machine Learning","Writhe","Barrage+1"],"relics":["Cracked Core","Golden Idol","Anchor","Blood Vial","PreservedInsect","Dodecahedron","Sozu","Necronomicon","Nuclear Battery"],"potions_floor_usage":[14,14],"damage_taken":[{"damage":1,"enemies":"Cultist","floor":1,"turns":3},{"damage":9,"enemies":"2 Louse","floor":2,"turns":3},{"damage":2,"enemies":"Small Slimes","floor":3,"turns":3},{"damage":41,"enemies":"Gremlin Nob","floor":6,"turns":6},{"damage":0,"enemies":"Red Slaver","floor":8,"turns":4},{"damage":5,"enemies":"Lots of Slimes","floor":11,"turns":5},{"damage":16,"enemies":"Large Slime","floor":12,"turns":5},{"damage":16,"enemies":"3 Sentries","floor":14,"turns":4},{"damage":33,"enemies":"The Guardian","floor":16,"turns":13},{"damage":14,"enemies":"Spheric Guardian","floor":18,"turns":4},{"damage":11,"enemies":"2 Thieves","floor":19,"turns":4},{"damage":22,"enemies":"Snecko","floor":22,"turns":8},{"damage":5,"enemies":"Shelled Parasite and Fungi","floor":28,"turns":6},{"damage":23,"enemies":"Centurion and Healer","floor":29,"turns":11},{"damage":43,"enemies":"Automaton","floor":33,"turns":13},{"damage":12,"enemies":"Orb Walker","floor":35,"turns":5},{"damage":30,"enemies":"3 Darklings","floor":36,"turns":6},{"damage":33,"enemies":"Maw","floor":38,"turns":9},{"damage":58,"enemies":"Transient","floor":39,"turns":5}],"seed_played":"-1155144199712414675","potions_obtained":[{"floor":6,"key":"LiquidBronze"},{"floor":8,"key":"FairyPotion"},{"floor":11,"key":"AttackPotion"}],"is_trial":false,"path_per_floor":["M","M","M","?","?","E","?","M","T","R","M","M","$","E","R","B",null,"M","M","$","?","M","R","?","?","T","R","M","M","$","?","R","B",null,"M","M","?","M","M"],"character_chosen":"DEFECT","items_purchased":["Loop","PreservedInsect","Panache","Defragment","Defragment","Blizzard"],"campfire_rested":4,"item_purchase_floors":[13,13,13,20,30,30],"current_hp_per_floor":[81,72,70,70,50,9,82,82,82,82,77,63,63,49,73,42,82,68,59,59,59,39,63,47,31,31,55,52,31,31,31,55,14,82,70,42,63,32,0],"gold":330,"neow_bonus":"TEN_PERCENT_HP_BONUS","is_prod":false,"is_daily":false,"chose_seed":false,"campfire_upgraded":1,"win_rate":0,"timestamp":1555328989,"path_taken":["M","?","M","?","?","E","?","?","T","R","M","M","$","E","R","BOSS","M","M","?","?","M","R","?","?","T","R","?","M","$","?","R","BOSS","M","M","?","M","M"],"build_version":"2019-01-23","purchased_purges":2,"victory":false,"max_hp_per_floor":[82,82,82,82,82,82,82,82,82,82,82,82,82,82,82,82,82,82,82,82,82,82,82,82,82,82,82,82,82,82,82,82,82,82,82,82,82,82,82],"card_choices":[{"not_picked":["Beam Cell","Sweeping Beam"],"picked":"Cold Snap","floor":1},{"not_picked":["Recycle","Steam"],"picked":"Blizzard","floor":2},{"not_picked":["Leap","Meteor Strike"],"picked":"Coolheaded","floor":3},{"not_picked":["Reprogram","Leap","Rebound"],"picked":"SKIP","floor":6},{"not_picked":["Aggregate","Compile Driver"],"picked":"Barrage","floor":8},{"not_picked":["Rebound","Go for the Eyes"],"picked":"White Noise","floor":11},{"not_picked":["Self Repair","Streamline"],"picked":"Conserve Battery","floor":12},{"not_picked":["Compile Driver","Reprogram","Auto Shields"],"picked":"SKIP","floor":14},{"not_picked":["Multi-Cast","Rainbow"],"picked":"Amplify","floor":16},{"not_picked":["Sweeping Beam","Reinforced Body"],"picked":"Coolheaded","floor":18},{"not_picked":["Gash","Compile Driver"],"picked":"Cold Snap+1","floor":19},{"not_picked":["Stack+1","Auto Shields"],"picked":"Conserve Battery","floor":22},{"not_picked":["Streamline","Gash"],"picked":"Steam Power","floor":28},{"not_picked":["Lockon+1","Chill"],"picked":"Rainbow","floor":29},{"not_picked":["Reboot","Meteor Strike"],"picked":"Machine Learning","floor":33},{"not_picked":["Melter+1","Leap+1","Streamline+1"],"picked":"SKIP","floor":35},{"not_picked":["Hello World","Beam Cell","Recycle"],"picked":"SKIP","floor":36},{"not_picked":["Sweeping Beam+1","Gash"],"picked":"Barrage+1","floor":38}],"player_experience":116781,"relics_obtained":[{"floor":6,"key":"Anchor"},{"floor":9,"key":"Blood Vial"},{"floor":14,"key":"Dodecahedron"},{"floor":24,"key":"Necronomicon"}],"event_choices":[{"damage_healed":0,"gold_gain":175,"player_choice":"AGREE","damage_taken":0,"max_hp_gain":0,"max_hp_loss":0,"event_name":"Liars Game","floor":4,"gold_loss":0,"cards_obtained":["Doubt"]},{"damage_healed":0,"gold_gain":0,"player_choice":"Take Damage","damage_taken":20,"relics_obtained":["Golden Idol"],"max_hp_gain":0,"max_hp_loss":0,"event_name":"Golden Idol","floor":5,"gold_loss":0},{"damage_healed":73,"gold_gain":0,"player_choice":"Full Heal","damage_taken":0,"max_hp_gain":0,"max_hp_loss":0,"event_name":"Wheel of Change","floor":7,"gold_loss":0},{"damage_healed":0,"gold_gain":99,"player_choice":"Stole From Cult","damage_taken":0,"max_hp_gain":0,"max_hp_loss":0,"event_name":"Nest","floor":21,"gold_loss":0},{"damage_healed":0,"gold_gain":0,"player_choice":"Obtained Book","damage_taken":16,"max_hp_gain":0,"max_hp_loss":0,"event_name":"Cursed Tome","floor":24,"gold_loss":0},{"damage_healed":0,"gold_gain":90,"player_choice":"GOLD ","damage_taken":16,"max_hp_gain":0,"max_hp_loss":0,"event_name":"Knowing Skull","floor":25,"potions_obtained":[],"gold_loss":0,"cards_obtained":[]},{"damage_healed":0,"gold_gain":0,"cards_transformed":["Strike_B","Strike_B"],"player_choice":"Became Test Subject","damage_taken":0,"max_hp_gain":0,"max_hp_loss":0,"event_name":"Drug Dealer","floor":31,"gold_loss":0,"cards_obtained":["Darkness","Aggregate"]},{"damage_healed":21,"gold_gain":0,"player_choice":"Writhe","damage_taken":0,"max_hp_gain":0,"max_hp_loss":0,"event_name":"Winding Halls","floor":37,"gold_loss":0,"cards_obtained":["Writhe"]}],"is_beta":false,"boss_relics":[{"not_picked":["Tiny House","Pandora\u0027s Box"],"picked":"Sozu"},{"not_picked":["FrozenCore","Runic Pyramid"],"picked":"Nuclear Battery"}],"items_purged_floors":[20,30],"is_endless":false,"potions_floor_spawned":[6,8,11,19,28,29,33,35,36],"killed_by":"Transient","ascension_level":2}