{"gold_per_floor":[117,117,135,151,151,151,185,185,185,150,250,325,343,356,356,356],"floor_reached":16,"playtime":290,"items_purged":[],"score":110,"play_id":"16449ada-ee91-4b41-a7c4-510836c69dd4","local_time":"20181014040813","is_ascension_mode":true,"campfire_choices":[{"data":"Fusion","floor":6,"key":"SMITH"},{"data":"Zap","floor":8,"key":"SMITH"},{"data":"Static Discharge","floor":15,"key":"SMITH"}],"neow_cost":"NONE","seed_source_timestamp":296108119266814,"circlet_count":0,"master_deck":["Strike_B","Strike_B","Strike_B","Strike_B","Defend_B","Defend_B","Defend_B","Defend_B","Zap+1","Dualcast","Darkness+1","Rebound","Fusion+1","BootSequence","Redo","Static Discharge+1"],"relics":["Cracked Core","Ancient Tea Set","Dead Branch","Torii"],"potions_floor_usage":[7,16],"damage_taken":[{"damage":0,"enemies":"2 Louse","floor":1,"turns":2},{"damage":3,"enemies":"Jaw Worm","floor":3,"turns":4},{"damage":1,"enemies":"Cultist","floor":4,"turns":4},{"damage":29,"enemies":"Gremlin Nob","floor":7,"turns":4},{"damage":6,"enemies":"2 Fungi Beasts","floor":13,"turns":3},{"damage":2,"enemies":"Blue Slaver","floor":14,"turns":3},{"damage":49,"enemies":"The Guardian","floor":16,"turns":5}],"seed_played":"-6127315265271994573","potions_obtained":[{"floor":1,"key":"PowerPotion"},{"floor":14,"key":"PowerPotion"}],"is_trial":false,"path_per_floor":["M","?","M","M","?","R","E","R","T","?","?","?","M","M","R"],"character_chosen":"DEFECT","items_purchased":[],"campfire_rested":0,"item_purchase_floors":[],"current_hp_per_floor":[75,75,72,71,76,76,47,47,47,67,67,56,50,48,48,0],"gold":356,"neow_bonus":"RANDOM_COMMON_RELIC","is_prod":false,"is_daily":false,"chose_seed":false,"campfire_upgraded":3,"win_rate":0,"timestamp":1539515293,"path_taken":["M","?","M","?","?","R","E","R","T","?","?","?","M","M","R","BOSS"],"build_version":"2018-10-11","purchased_purges":0,"victory":false,"max_hp_per_floor":[75,75,75,75,80,80,80,80,80,80,80,80,80,80,80,80],"card_choices":[{"not_picked":["Rebound","Coolheaded"],"picked":"Darkness","floor":1},{"not_picked":["Glacier","Coolheaded"],"picked":"Rebound","floor":3},{"not_picked":["Steam","Barrage"],"picked":"Fusion","floor":4},{"not_picked":["Fusion","Compile Driver"],"picked":"BootSequence","floor":7},{"not_picked":["Hologram","Barrage"],"picked":"Redo","floor":13},{"not_picked":["Ball Lightning","Blizzard"],"picked":"Static Discharge","floor":14}],"player_experience":492620,"relics_obtained":[{"floor":7,"key":"Dead Branch"},{"floor":9,"key":"Torii"}],"event_choices":[{"event_name":"Living Wall","player_choice":"Grow","floor":2,"damage_taken":0},{"event_name":"Big Fish","player_choice":"Donut","floor":5,"damage_taken":0},{"event_name":"The Cleric","player_choice":"Healed","floor":10,"damage_taken":0},{"event_name":"Wheel of Change","player_choice":"Gold","floor":11,"damage_taken":0},{"event_name":"World of Goop","player_choice":"Gather Gold","floor":12,"damage_taken":0}],"is_beta":false,"boss_relics":[],"items_purged_floors":[],"is_endless":false,"potions_floor_spawned":[1,14],"killed_by":"The Guardian","ascension_level":2}