{"gold_per_floor":[110,128,128,141,191,218,218,229,254,179,198,198,218,245,245,317,317,329,329,329,356,373,373,396,396,419,419,28,61,61,71,71,71],"floor_reached":33,"playtime":2106,"items_purged":["Strike_G"],"score":596,"play_id":"aa493b2c-592e-4fd4-80e2-b083c32d5366","local_time":"20190402115922","is_ascension_mode":true,"campfire_choices":[{"data":"Bouncing Flask","floor":7,"key":"SMITH"},{"floor":12,"key":"REST"},{"floor":15,"key":"REST"},{"floor":23,"key":"REST"},{"floor":25,"key":"REST"},{"floor":27,"key":"REST"},{"floor":32,"key":"REST"}],"neow_cost":"NONE","seed_source_timestamp":841025177985396,"circlet_count":0,"master_deck":["AscendersBane","Defend_G","Defend_G","Defend_G","Defend_G","Defend_G","Strike_G","Strike_G","Survivor","Neutralize","Well Laid Plans","Bouncing Flask+1","Cloak And Dagger","Corpse Explosion","Dagger Spray","Footwork","Tools of the Trade","Corpse Explosion","Backflip","Prepared","Deadly Poison","Backflip","Sucker Punch+1","Backflip"],"relics":["Ring of the Snake","NeowsBlessing","Orichalcum","Boot","Vajra","Snecko Eye","Red Mask","Art of War","Regal Pillow","Bronze Scales","OrangePellets","Bag of Preparation"],"potions_floor_usage":[6,14,16,21,22,31,33],"damage_taken":[{"damage":0,"enemies":"2 Louse","floor":1,"turns":1},{"damage":0,"enemies":"Cultist","floor":2,"turns":1},{"damage":0,"enemies":"Jaw Worm","floor":4,"turns":1},{"damage":28,"enemies":"Gremlin Nob","floor":6,"turns":4},{"damage":12,"enemies":"Exordium Thugs","floor":8,"turns":3},{"damage":3,"enemies":"Blue Slaver","floor":11,"turns":4},{"damage":8,"enemies":"Looter","floor":13,"turns":4},{"damage":14,"enemies":"3 Sentries","floor":14,"turns":3},{"damage":21,"enemies":"Slime Boss","floor":16,"turns":11},{"damage":0,"enemies":"3 Byrds","floor":18,"turns":2},{"damage":30,"enemies":"Masked Bandits","floor":21,"turns":3},{"damage":18,"enemies":"Chosen","floor":22,"turns":5},{"damage":34,"enemies":"Gremlin Leader","floor":29,"turns":5},{"damage":27,"enemies":"3 Cultists","floor":31,"turns":4},{"damage":62,"enemies":"Collector","floor":33,"turns":5}],"seed_played":"2379418955011119267","potions_obtained":[{"floor":3,"key":"Ancient Potion"},{"floor":3,"key":"Swift Potion"},{"floor":4,"key":"Poison Potion"},{"floor":6,"key":"PowerPotion"},{"floor":13,"key":"SkillPotion"},{"floor":14,"key":"Dexterity Potion"},{"floor":18,"key":"SpeedPotion"},{"floor":21,"key":"Swift Potion"},{"floor":29,"key":"SteroidPotion"}],"is_trial":false,"path_per_floor":["M","M","?","M","?","E","R","M","T","$","M","R","M","E","R","B",null,"M","?","$","?","M","R","T","R","T","R","$","E","?","M","R","B"],"character_chosen":"THE_SILENT","items_purchased":["Bronze Scales","OrangePellets"],"campfire_rested":6,"item_purchase_floors":[28,28],"current_hp_per_floor":[59,59,59,59,59,31,31,19,19,19,16,35,27,13,32,11,52,52,52,52,22,4,23,23,42,42,66,66,32,32,5,39,0],"gold":71,"neow_bonus":"THREE_ENEMY_KILL","is_prod":false,"is_daily":false,"chose_seed":false,"campfire_upgraded":1,"win_rate":0,"timestamp":1554227962,"path_taken":["M","M","?","?","?","E","R","M","T","?","M","R","?","E","R","BOSS","M","?","$","?","M","R","?","R","T","R","$","E","?","M","R","BOSS"],"build_version":"2019-03-15","purchased_purges":1,"victory":false,"max_hp_per_floor":[66,66,66,66,66,66,66,66,66,66,66,66,66,66,66,66,66,66,66,66,66,66,66,66,66,66,66,66,66,66,66,66,66],"card_choices":[{"not_picked":["Deadly Poison","Acrobatics"],"picked":"Well Laid Plans","floor":1},{"not_picked":["Escape Plan","Cloak And Dagger"],"picked":"Bouncing Flask","floor":2},{"not_picked":["Eviscerate","Slice"],"picked":"Cloak And Dagger","floor":4},{"not_picked":["Escape Plan","Acrobatics"],"picked":"Corpse Explosion","floor":6},{"not_picked":["Poisoned Stab","Infinite Blades"],"picked":"Dagger Spray","floor":8},{"not_picked":["Dagger Throw","Riddle With Holes"],"picked":"Footwork","floor":11},{"not_picked":["Sucker Punch","Eviscerate","Terror"],"picked":"SKIP","floor":13},{"not_picked":["Flying Knee","Tactician"],"picked":"Tools of the Trade","floor":14},{"not_picked":["Night Terror","Envenom"],"picked":"Corpse Explosion","floor":16},{"not_picked":["Escape Plan","Tactician"],"picked":"Backflip","floor":18},{"not_picked":["Endless Agony","Outmaneuver"],"picked":"Backflip","floor":21},{"not_picked":["Setup","Cloak And Dagger","Acrobatics"],"picked":"SKIP","floor":22},{"not_picked":["Tactician","Glass Knife"],"picked":"Sucker Punch+1","floor":29},{"not_picked":["Heel Hook","Sucker Punch"],"picked":"Backflip","floor":31}],"player_experience":2720195,"relics_obtained":[{"floor":6,"key":"Orichalcum"},{"floor":9,"key":"Boot"},{"floor":14,"key":"Vajra"},{"floor":21,"key":"Red Mask"},{"floor":24,"key":"Art of War"},{"floor":26,"key":"Regal Pillow"},{"floor":29,"key":"Bag of Preparation"}],"event_choices":[{"damage_healed":0,"gold_gain":0,"player_choice":"Got Potions","damage_taken":0,"max_hp_gain":0,"max_hp_loss":0,"event_name":"Lab","floor":3,"gold_loss":0},{"damage_healed":0,"gold_gain":50,"player_choice":"Pray","damage_taken":0,"max_hp_gain":0,"max_hp_loss":0,"event_name":"Golden Shrine","floor":5,"gold_loss":0},{"damage_healed":0,"gold_gain":0,"cards_transformed":["Strike_G","Strike_G"],"player_choice":"Became Test Subject","damage_taken":0,"max_hp_gain":0,"max_hp_loss":0,"event_name":"Drug Dealer","floor":19,"gold_loss":0,"cards_obtained":["Prepared","Deadly Poison"]},{"damage_healed":0,"gold_gain":0,"player_choice":"Fought Bandits","damage_taken":0,"max_hp_gain":0,"max_hp_loss":0,"event_name":"Masked Bandits","floor":21,"gold_loss":0},{"damage_healed":0,"gold_gain":0,"player_choice":"Ignored","damage_taken":0,"max_hp_gain":0,"max_hp_loss":0,"event_name":"Beggar","floor":30,"gold_loss":0}],"is_beta":true,"boss_relics":[{"not_picked":["HoveringKite","Fusion Hammer"],"picked":"Snecko Eye"}],"items_purged_floors":[10],"is_endless":false,"potions_floor_spawned":[4,6,13,14,18,21,29],"killed_by":"Collector","ascension_level":20}