{"gold_per_floor":[116,135,155,165,165,194,194,254,254,219,233,233,246,278,278,381,381,396,396,53,71,86,111,111,111,135,135,135,152,77,96,96,201,201,211,224,224,3,3,30,30,30],"floor_reached":42,"playtime":1598,"items_purged":[],"score":556,"play_id":"125e8bbb-bba8-4525-a925-fde190aeda34","local_time":"20181012035231","is_ascension_mode":false,"campfire_choices":[{"data":"Zap","floor":7,"key":"SMITH"},{"floor":15,"key":"REST"},{"floor":25,"key":"REST"},{"floor":27,"key":"DIG"},{"data":"Hologram","floor":32,"key":"SMITH"}],"neow_cost":"","seed_source_timestamp":121058020903160,"circlet_count":0,"master_deck":["Strike_B+1","Strike_B+1","Strike_B+1","Strike_B+1","Defend_B+1","Defend_B+1","Defend_B+1","Zap+1","Dualcast","Barrage","Gash","Conserve Battery","Cold Snap","Beam Cell","Hologram","Redo","Parasite","Sweeping Beam","Ball Lightning","Machine Learning","FTL","Gash","Hologram","Ball Lightning","Compile Driver","Conserve Battery","Hologram+1","Hologram","Compile Driver","Gash","Conserve Battery","RitualDagger","Leap+1","Gash","Electrodynamics","Gash+1","Hologram","Beam Cell","Tempest+1","Writhe"],"relics":["Cracked Core","Sundial","Ancient Tea Set","The Courier","Kunai","Eternal Feather","Shovel","Bag of Marbles","Boot","Inserter","ClockworkSouvenir","Orichalcum"],"potions_floor_usage":[6,8,14,16,18,33,42,42],"damage_taken":[{"damage":1,"enemies":"Cultist","floor":1,"turns":3},{"damage":8,"enemies":"Jaw Worm","floor":2,"turns":3},{"damage":1,"enemies":"2 Louse","floor":3,"turns":3},{"damage":6,"enemies":"Exordium Wildlife","floor":4,"turns":4},{"damage":9,"enemies":"Lagavulin","floor":6,"turns":7},{"damage":20,"enemies":"Lagavulin Event","floor":8,"turns":4},{"damage":4,"enemies":"3 Louse","floor":11,"turns":3},{"damage":3,"enemies":"Looter","floor":13,"turns":2},{"damage":19,"enemies":"3 Sentries","floor":14,"turns":5},{"damage":39,"enemies":"The Guardian","floor":16,"turns":9},{"damage":20,"enemies":"Shell Parasite","floor":18,"turns":5},{"damage":1,"enemies":"Chosen","floor":21,"turns":3},{"damage":15,"enemies":"Shelled Parasite and Fungi","floor":22,"turns":5},{"damage":39,"enemies":"Slavers","floor":23,"turns":5},{"damage":17,"enemies":"3 Cultists","floor":29,"turns":5},{"damage":15,"enemies":"Snecko","floor":31,"turns":5},{"damage":54,"enemies":"Automaton","floor":33,"turns":10},{"damage":5,"enemies":"3 Shapes","floor":35,"turns":5},{"damage":7,"enemies":"Orb Walker","floor":36,"turns":3},{"damage":44,"enemies":"2 Orb Walkers","floor":40,"turns":5},{"damage":47,"enemies":"Nemesis","floor":42,"turns":3}],"seed_played":"-5945274471876055734","potions_obtained":[{"floor":3,"key":"Dexterity Potion"},{"floor":6,"key":"FocusPotion"},{"floor":8,"key":"PowerPotion"},{"floor":13,"key":"AttackPotion"},{"floor":14,"key":"Ancient Potion"},{"floor":16,"key":"Swift Potion"},{"floor":22,"key":"Dexterity Potion"},{"floor":31,"key":"Explosive Potion"},{"floor":33,"key":"Strength Potion"}],"is_trial":false,"path_per_floor":["M","M","M","M","?","E","R","?","T","?","M","?","M","E","R","B",null,"M","?","$","M","M","E","?","R","T","R","?","M","?","M","R","B",null,"M","M","?","$","?","E","?"],"character_chosen":"DEFECT","items_purchased":["Gash","Bandage Up","Hologram","Ball Lightning","Compile Driver","Conserve Battery","Hologram","Hologram","Hologram","ClockworkSouvenir","Beam Cell"],"campfire_rested":2,"item_purchase_floors":[20,20,20,20,20,20,20,20,38,38,38],"current_hp_per_floor":[74,66,65,59,52,43,43,23,23,41,37,55,52,33,55,16,75,55,55,55,58,47,12,6,46,46,64,64,51,51,36,57,7,75,70,67,67,67,67,23,42,0],"gold":30,"neow_bonus":"","is_prod":false,"is_daily":false,"chose_seed":false,"campfire_upgraded":2,"win_rate":0.0,"timestamp":1539341551,"path_taken":["M","M","M","?","?","E","R","?","T","?","?","?","M","E","R","BOSS","M","?","$","M","?","E","?","R","T","R","?","M","?","M","R","BOSS","M","M","?","?","?","E","?","E"],"build_version":"2018-10-11","purchased_purges":0,"victory":false,"max_hp_per_floor":[75,75,75,75,75,75,75,75,75,75,75,75,75,75,75,75,75,75,75,75,75,75,75,75,75,75,75,75,75,75,75,75,75,75,75,75,75,75,75,75,75,75],"card_choices":[{"not_picked":["Storm","Reprogram"],"picked":"Barrage","floor":1},{"not_picked":["Redo","Streamline"],"picked":"Gash","floor":2},{"not_picked":["BootSequence","Go for the Eyes"],"picked":"Conserve Battery","floor":3},{"not_picked":["Hello World","Leap"],"picked":"Cold Snap","floor":4},{"not_picked":["Barrage","Chill"],"picked":"Beam Cell","floor":6},{"not_picked":["Doom and Gloom","Leap"],"picked":"Hologram","floor":8},{"not_picked":["Barrage","Go for the Eyes"],"picked":"Redo","floor":11},{"not_picked":["Hologram","Buffer"],"picked":"Sweeping Beam","floor":13},{"not_picked":["Conserve Battery","Redo"],"picked":"Ball Lightning","floor":14},{"not_picked":["Biased Cognition","Multi-Cast"],"picked":"Machine Learning","floor":16},{"not_picked":["Go for the Eyes","Skim"],"picked":"FTL","floor":18},{"not_picked":["Barrage","Leap"],"picked":"Compile Driver","floor":21},{"not_picked":["Go for the Eyes","BootSequence"],"picked":"Gash","floor":22},{"not_picked":["Streamline","Static Discharge"],"picked":"Conserve Battery","floor":23},{"not_picked":["Sweeping Beam","Beam Cell"],"picked":"Leap+1","floor":29},{"not_picked":["Streamline","Barrage+1"],"picked":"Gash","floor":31},{"not_picked":["All For One","Buffer"],"picked":"Electrodynamics","floor":33},{"not_picked":["Genetic Algorithm","Beam Cell"],"picked":"Gash+1","floor":35},{"not_picked":["Compile Driver+1","Barrage","Stack"],"picked":"SKIP","floor":36},{"not_picked":["Cold Snap+1","Hologram"],"picked":"Tempest+1","floor":40}],"player_experience":466457,"relics_obtained":[{"floor":6,"key":"Sundial"},{"floor":8,"key":"Ancient Tea Set"},{"floor":9,"key":"The Courier"},{"floor":14,"key":"Kunai"},{"floor":23,"key":"Shovel"},{"floor":26,"key":"Bag of Marbles"},{"floor":27,"key":"Boot"},{"floor":40,"key":"Orichalcum"}],"event_choices":[{"event_name":"Golden Wing","player_choice":"Card Removal","floor":5,"damage_taken":0},{"event_name":"Dead Adventurer","player_choice":"Searched \u00271\u0027 times","floor":8,"damage_taken":0},{"event_name":"The Cleric","player_choice":"Healed","floor":10,"damage_taken":0},{"event_name":"Mushrooms","player_choice":"Healed and dodged fight","floor":12,"damage_taken":0},{"event_name":"Back to Basics","player_choice":"Simplicity","floor":19,"damage_taken":0},{"event_name":"Nest","player_choice":"Joined the Cult","floor":24,"damage_taken":0},{"event_name":"Forgotten Altar","player_choice":"Smashed Altar","floor":28,"damage_taken":0},{"event_name":"Beggar","player_choice":"Gave Gold","floor":30,"damage_taken":0},{"event_name":"Tomb of Lord Red Mask","player_choice":"Ignored","floor":37,"damage_taken":0},{"event_name":"Falling","player_choice":"Removed Skill","floor":39,"damage_taken":0},{"event_name":"Winding Halls","player_choice":"Writhe","floor":41,"damage_taken":0}],"is_beta":false,"boss_relics":[{"not_picked":["Snecko Eye","White Beast Statue"],"picked":"Eternal Feather"},{"not_picked":["Orrery","Empty Cage"],"picked":"Inserter"}],"items_purged_floors":[],"is_endless":false,"potions_floor_spawned":[3,6,8,13,14,16,22,31,33],"killed_by":"Nemesis","ascension_level":0}