{"gold_per_floor":[117,137,148,159,178,178,188,188,188,207,238,238,253,306,306,404,404,423,43,53,66,81,107,107,107,156,211,211,241,241,274,274,375,375,392,408,408,435,18,18,35,69,139,139,151,163,183,198,198,198],"floor_reached":50,"playtime":3109,"items_purged":["Rupture+1"],"score":642,"play_id":"1e557124-168f-4f5f-8897-37ce4c14abef","local_time":"20190415212006","is_ascension_mode":true,"campfire_choices":[{"data":"Demon Form","floor":6,"key":"SMITH"},{"floor":12,"key":"REST"},{"data":"Infernal Blade","floor":15,"key":"SMITH"},{"floor":25,"key":"REST"},{"floor":28,"key":"REST"},{"floor":32,"key":"REST"},{"floor":40,"key":"REST"},{"floor":44,"key":"REST"},{"floor":49,"key":"REST"}],"neow_cost":"NONE","seed_source_timestamp":429748549899500,"circlet_count":0,"master_deck":["Defend_R","Defend_R","Defend_R","Bash","Cleave","Intimidate","Pommel Strike","Pommel Strike","Demon Form+1","Combust","Infernal Blade+1","Iron Wave","Bandage Up","Whirlwind","Rampage","Uppercut+1","Bite","Bite","Bite","Bite","Bite","Immolate","Wild Strike+1","Panache"],"relics":["Burning Blood","Orichalcum","Dodecahedron","Tiny Chest","Busted Crown","Red Skull","Happy Flower","Shovel","Potion Belt","Bag of Marbles","Darkstone Periapt","Vajra","Runic Cube","Pen Nib","Omamori","Oddly Smooth Stone","Kunai"],"potions_floor_usage":[7,16,16,18,21,33,46,50,50,50],"damage_taken":[{"damage":4,"enemies":"Small Slimes","floor":1,"turns":4},{"damage":2,"enemies":"Jaw Worm","floor":2,"turns":4},{"damage":0,"enemies":"Cultist","floor":3,"turns":3},{"damage":4,"enemies":"2 Fungi Beasts","floor":4,"turns":3},{"damage":4,"enemies":"Blue Slaver","floor":5,"turns":4},{"damage":8,"enemies":"Large Slime","floor":7,"turns":5},{"damage":27,"enemies":"Exordium Wildlife","floor":10,"turns":4},{"damage":16,"enemies":"Lagavulin","floor":11,"turns":5},{"damage":9,"enemies":"Exordium Thugs","floor":13,"turns":4},{"damage":0,"enemies":"Slime Boss","floor":16,"turns":3},{"damage":3,"enemies":"Spheric Guardian","floor":18,"turns":3},{"damage":0,"enemies":"Chosen","floor":20,"turns":4},{"damage":37,"enemies":"Shelled Parasite and Fungi","floor":21,"turns":6},{"damage":26,"enemies":"Centurion and Healer","floor":22,"turns":5},{"damage":42,"enemies":"Slavers","floor":23,"turns":5},{"damage":25,"enemies":"Gremlin Leader","floor":29,"turns":5},{"damage":36,"enemies":"Slavers","floor":31,"turns":3},{"damage":32,"enemies":"Automaton","floor":33,"turns":6},{"damage":37,"enemies":"3 Shapes","floor":35,"turns":2},{"damage":28,"enemies":"3 Darklings","floor":36,"turns":5},{"damage":22,"enemies":"Jaw Worm Horde","floor":41,"turns":2},{"damage":45,"enemies":"Nemesis","floor":42,"turns":5},{"damage":30,"enemies":"4 Shapes","floor":45,"turns":1},{"damage":44,"enemies":"Spire Growth","floor":46,"turns":4},{"damage":0,"enemies":"Transient","floor":47,"turns":5},{"damage":31,"enemies":"4 Shapes","floor":48,"turns":2},{"damage":69,"enemies":"Time Eater","floor":50,"turns":5}],"seed_played":"112127203650020364","potions_obtained":[{"floor":2,"key":"Fire Potion"},{"floor":4,"key":"GamblersBrew"},{"floor":5,"key":"Block Potion"},{"floor":7,"key":"Fire Potion"},{"floor":13,"key":"AttackPotion"},{"floor":18,"key":"Regen Potion"},{"floor":21,"key":"Ancient Potion"},{"floor":29,"key":"SpeedPotion"},{"floor":31,"key":"Dexterity Potion"},{"floor":36,"key":"GamblersBrew"},{"floor":42,"key":"PowerPotion"},{"floor":45,"key":"Regen Potion"},{"floor":46,"key":"FearPotion"}],"is_trial":false,"path_per_floor":["M","M","M","M","M","R","M","?","T","M","E","R","M","T","R","B",null,"M","$","M","M","M","E","?","R","T","T","R","E","?","E","R","B",null,"M","M","?","T","$","R","M","E","T","R","M","M","M","M","R","B"],"character_chosen":"IRONCLAD","items_purchased":["Red Skull","Happy Flower","Bandage Up","Panache","Omamori"],"campfire_rested":7,"item_purchase_floors":[19,19,19,39,39],"current_hp_per_floor":[80,80,80,80,80,80,78,78,78,57,47,71,70,70,70,78,80,80,80,80,62,48,18,18,42,42,42,66,53,53,35,59,49,80,57,49,49,49,49,73,57,32,32,56,36,22,42,21,45,0],"gold":198,"neow_bonus":"RANDOM_COMMON_RELIC","is_prod":false,"is_daily":false,"chose_seed":false,"campfire_upgraded":2,"win_rate":0,"timestamp":1555377606,"path_taken":["M","M","M","M","M","R","M","?","T","M","E","R","M","?","R","BOSS","M","$","M","M","?","E","?","R","T","?","R","E","?","E","R","BOSS","M","M","?","?","$","R","?","E","T","R","?","M","M","M","R","BOSS"],"build_version":"2019-01-23","purchased_purges":1,"victory":false,"max_hp_per_floor":[80,80,80,80,80,80,80,80,80,80,80,80,80,80,80,80,80,80,80,80,80,80,80,80,80,80,80,80,80,80,80,80,80,80,80,80,80,80,80,80,80,80,80,80,80,80,80,80,80,80],"card_choices":[{"not_picked":["Flex","Iron Wave"],"picked":"Cleave","floor":1},{"not_picked":["Sword Boomerang","Evolve"],"picked":"Intimidate","floor":2},{"not_picked":["Clothesline","Hemokinesis"],"picked":"Pommel Strike","floor":3},{"not_picked":["Headbutt","Corruption"],"picked":"Pommel Strike","floor":4},{"not_picked":["Burning Pact","Thunderclap"],"picked":"Demon Form","floor":5},{"not_picked":["Burning Pact","Intimidate"],"picked":"Combust","floor":7},{"not_picked":["Evolve","Entrench","Body Slam"],"picked":"SKIP","floor":10},{"not_picked":["Disarm","Carnage"],"picked":"Infernal Blade","floor":11},{"not_picked":["Inflame","Cleave"],"picked":"Iron Wave","floor":13},{"not_picked":[],"picked":"Rupture+1","floor":18},{"not_picked":[],"picked":"Whirlwind","floor":20},{"not_picked":["Flex"],"picked":"SKIP","floor":21},{"not_picked":[],"picked":"Rampage","floor":22},{"not_picked":["Combust"],"picked":"SKIP","floor":23},{"not_picked":[],"picked":"Uppercut+1","floor":29},{"not_picked":["Sentinel"],"picked":"SKIP","floor":31},{"not_picked":[],"picked":"Immolate","floor":33},{"not_picked":[],"picked":"Wild Strike+1","floor":35},{"not_picked":["Anger+1"],"picked":"SKIP","floor":36},{"not_picked":["Twin Strike"],"picked":"SKIP","floor":41},{"not_picked":["Rampage"],"picked":"SKIP","floor":42},{"not_picked":["Anger+1"],"picked":"SKIP","floor":45},{"not_picked":["Havoc"],"picked":"SKIP","floor":46},{"not_picked":["Pommel Strike"],"picked":"SKIP","floor":47},{"not_picked":["Rupture+1"],"picked":"SKIP","floor":48}],"player_experience":189688,"relics_obtained":[{"floor":9,"key":"Dodecahedron"},{"floor":11,"key":"Blood Vial"},{"floor":14,"key":"Tiny Chest"},{"floor":23,"key":"Shovel"},{"floor":26,"key":"Potion Belt"},{"floor":27,"key":"Bag of Marbles"},{"floor":29,"key":"Darkstone Periapt"},{"floor":31,"key":"Vajra"},{"floor":38,"key":"Pen Nib"},{"floor":42,"key":"Oddly Smooth Stone"},{"floor":43,"key":"Kunai"}],"event_choices":[{"damage_healed":0,"gold_gain":0,"player_choice":"Leave","damage_taken":0,"max_hp_gain":0,"max_hp_loss":0,"event_name":"The Cleric","floor":8,"gold_loss":0},{"damage_healed":0,"gold_gain":0,"player_choice":"Ignored","damage_taken":0,"max_hp_gain":0,"max_hp_loss":0,"event_name":"Ghosts","floor":24,"gold_loss":0},{"damage_healed":0,"gold_gain":0,"player_choice":"Became a vampire (Vial)","damage_taken":0,"max_hp_gain":0,"max_hp_loss":0,"event_name":"Vampires","floor":30,"relics_lost":["Blood Vial"],"gold_loss":0,"cards_obtained":["Bite","Bite","Bite","Bite","Bite"]},{"cards_removed":["Defend_R"],"damage_healed":0,"gold_gain":0,"player_choice":"Removed Skill","damage_taken":0,"max_hp_gain":0,"max_hp_loss":0,"event_name":"Falling","floor":37,"gold_loss":0}],"is_beta":false,"boss_relics":[{"not_picked":["Pandora\u0027s Box","Cursed Key"],"picked":"Busted Crown"},{"not_picked":["Philosopher\u0027s Stone","Snecko Eye"],"picked":"Runic Cube"}],"items_purged_floors":[39],"is_endless":false,"potions_floor_spawned":[2,4,5,7,13,18,21,29,31,36,42,45,46,48],"killed_by":"Time Eater","ascension_level":1}