{"gold_per_floor":[113,113,288,288,298,325,325,352,403,59,69,69,95,110,110,215,215,225,225,241,34,45,45],"floor_reached":23,"playtime":628,"items_purged":["Strike_R"],"score":265,"play_id":"ffdc8bc9-2ed8-4fb0-9e22-0811764b6934","local_time":"20190131182402","is_ascension_mode":true,"campfire_choices":[{"data":"Armaments","floor":7,"key":"SMITH"},{"floor":12,"key":"REST"},{"floor":15,"key":"REST"}],"neow_cost":"NONE","seed_source_timestamp":17425022725100,"circlet_count":0,"master_deck":["Strike_R","Strike_R","Strike_R+1","Defend_R","Defend_R","Defend_R","Defend_R","Bash","Bludgeon+1","True Grit","Doubt","Iron Wave","Armaments+1","Dual Wield","Double Tap","Demon Form","Clothesline+1","Sword Boomerang","Feel No Pain+1"],"relics":["Burning Blood","Strawberry","Smiling Mask","Bottled Lightning","Pear","Fusion Hammer","Whetstone"],"potions_floor_usage":[8,11,16,18,20,23],"damage_taken":[{"damage":0,"enemies":"Small Slimes","floor":1,"turns":2},{"damage":1,"enemies":"Cultist","floor":5,"turns":3},{"damage":61,"enemies":"Lagavulin","floor":6,"turns":7},{"damage":16,"enemies":"Gremlin Nob","floor":8,"turns":3},{"damage":0,"enemies":"2 Louse","floor":11,"turns":3},{"damage":35,"enemies":"Lagavulin","floor":13,"turns":5},{"damage":10,"enemies":"Large Slime","floor":14,"turns":6},{"damage":18,"enemies":"Slime Boss","floor":16,"turns":9},{"damage":9,"enemies":"Chosen","floor":18,"turns":4},{"damage":55,"enemies":"3 Byrds","floor":20,"turns":10},{"damage":38,"enemies":"Snake Plant","floor":22,"turns":4},{"damage":29,"enemies":"Gremlin Leader","floor":23,"turns":6}],"seed_played":"-7864105490411212926","potions_obtained":[{"floor":6,"key":"Block Potion"},{"floor":8,"key":"Explosive Potion"},{"floor":16,"key":"Regen Potion"},{"floor":18,"key":"Fruit Juice"},{"floor":22,"key":"Dexterity Potion"}],"is_trial":false,"path_per_floor":["M","?","?","?","M","E","R","E","T","$","M","R","E","M","R","B",null,"M","$","M","$","M","E"],"character_chosen":"IRONCLAD","items_purchased":["Bottled Lightning","Fire Potion","Sword Boomerang","Whetstone"],"campfire_rested":2,"item_purchase_floors":[10,10,21,21],"current_hp_per_floor":[80,73,73,73,78,30,30,20,20,20,26,52,33,29,58,46,97,99,99,65,65,33,4],"gold":45,"neow_bonus":"ONE_RANDOM_RARE_CARD","is_prod":false,"is_daily":false,"chose_seed":false,"campfire_upgraded":1,"win_rate":0,"timestamp":1548987842,"path_taken":["M","?","?","?","?","E","R","E","T","$","M","R","E","M","R","BOSS","M","?","M","$","M","E"],"build_version":"2019-01-23","purchased_purges":1,"victory":false,"max_hp_per_floor":[80,80,80,80,80,87,87,87,87,87,87,87,97,97,97,97,97,102,102,102,102,102,102],"card_choices":[{"not_picked":["Rupture","Body Slam"],"picked":"True Grit","floor":1},{"not_picked":["Wild Strike","Cleave"],"picked":"Iron Wave","floor":5},{"not_picked":["True Grit","Wild Strike"],"picked":"Armaments","floor":6},{"not_picked":["Body Slam","Iron Wave"],"picked":"Dual Wield","floor":8},{"not_picked":["Body Slam","Cleave"],"picked":"Double Tap","floor":11},{"not_picked":["Clothesline","Entrench","Rupture"],"picked":"SKIP","floor":13},{"not_picked":["Twin Strike","Cleave","Wild Strike"],"picked":"SKIP","floor":14},{"not_picked":["Bludgeon","Immolate"],"picked":"Demon Form","floor":16},{"not_picked":["Flex+1","Intimidate","Carnage+1"],"picked":"SKIP","floor":18},{"not_picked":["Headbutt+1","Clash+1"],"picked":"Clothesline","floor":20},{"not_picked":["Clothesline","Armaments"],"picked":"Feel No Pain+1","floor":22}],"player_experience":428059,"relics_obtained":[{"floor":6,"key":"Strawberry"},{"floor":8,"key":"Smiling Mask"},{"floor":13,"key":"Pear"}],"event_choices":[{"cards_removed":["Strike_R"],"damage_healed":0,"gold_gain":0,"player_choice":"Card Removal","damage_taken":7,"max_hp_gain":0,"max_hp_loss":0,"event_name":"Golden Wing","floor":2,"gold_loss":0},{"damage_healed":0,"gold_gain":175,"player_choice":"AGREE","damage_taken":0,"max_hp_gain":0,"max_hp_loss":0,"event_name":"Liars Game","floor":3,"gold_loss":0,"cards_obtained":["Doubt"]},{"damage_healed":0,"gold_gain":0,"player_choice":"Forge","damage_taken":0,"max_hp_gain":0,"max_hp_loss":0,"event_name":"Accursed Blacksmith","floor":4,"gold_loss":0,"cards_upgraded":["Bludgeon"]}],"is_beta":true,"boss_relics":[{"not_picked":["Astrolabe","Runic Dome"],"picked":"Fusion Hammer"}],"items_purged_floors":[10],"is_endless":false,"potions_floor_spawned":[6,8,16,18,22],"killed_by":"Gremlin Leader","ascension_level":3}