{"gold_per_floor":[119,119,137,23,40,40,67,67,67,96,113,113,113,124,124,223,223,238,238,258,276,292,292,310,310,310,323,349,349],"floor_reached":29,"playtime":5110,"items_purged":["Defend_B"],"score":411,"play_id":"84c2ae93-eff8-4bb6-bd23-43e82261beae","local_time":"20190401163918","is_ascension_mode":true,"campfire_choices":[{"data":"Go for the Eyes","floor":6.0,"key":"SMITH"},{"floor":8.0,"key":"REST"},{"floor":13.0,"key":"REST"},{"data":"Streamline","floor":15.0,"key":"SMITH"},{"data":"1","floor":23.0,"key":"LIFT"},{"floor":25.0,"key":"REST"}],"neow_cost":"NONE","seed_source_timestamp":0,"circlet_count":0,"master_deck":["AscendersBane","Strike_B","Strike_B","Strike_B","Defend_B","Defend_B","Defend_B","Zap","Dualcast","Go for the Eyes+1","Compile Driver","Auto Shields","Ball Lightning","Barrage","Leap","Cold Snap","Streamline+1","Meteor Strike","Loop","BootSequence","Turbo","Conserve Battery","Capacitor"],"special_seed":0,"relics":["Nuclear Battery","Girya","Incense Burner","Vajra","Blood Vial","Eternal Feather","Shuriken","Matryoshka"],"potions_floor_usage":[],"damage_taken":[{"damage":13.0,"enemies":"Jaw Worm","floor":1.0,"turns":4.0},{"damage":4.0,"enemies":"Small Slimes","floor":3.0,"turns":4.0},{"damage":1.0,"enemies":"2 Louse","floor":5.0,"turns":3.0},{"damage":17.0,"enemies":"3 Sentries","floor":7.0,"turns":5.0},{"damage":5.0,"enemies":"Lagavulin","floor":10.0,"turns":6.0},{"damage":0.0,"enemies":"Gremlin Gang","floor":11.0,"turns":5.0},{"damage":2.0,"enemies":"2 Fungi Beasts","floor":14.0,"turns":3.0},{"damage":15.0,"enemies":"The Guardian","floor":16.0,"turns":11.0},{"damage":11.0,"enemies":"Spheric Guardian","floor":18.0,"turns":4.0},{"damage":0.0,"enemies":"Chosen","floor":20.0,"turns":4.0},{"damage":19.0,"enemies":"Shelled Parasite and Fungi","floor":21.0,"turns":5.0},{"damage":5.0,"enemies":"Snake Plant","floor":22.0,"turns":5.0},{"damage":34.0,"enemies":"Centurion and Healer","floor":24.0,"turns":8.0},{"damage":0.0,"enemies":"Shelled Parasite and Fungi","floor":27.0,"turns":5.0},{"damage":28,"enemies":"Slavers","floor":28,"turns":7},{"damage":47,"enemies":"Cultist and Chosen","floor":29,"turns":6}],"seed_played":"-606651798634995162","potions_obtained":[{"floor":3.0,"key":"FearPotion"},{"floor":5.0,"key":"Explosive Potion"},{"floor":10.0,"key":"Poison Potion"},{"floor":14.0,"key":"Ancient Potion"},{"floor":20.0,"key":"FearPotion"},{"floor":21.0,"key":"Ancient Potion"}],"is_trial":false,"path_per_floor":["M","?","M","$","M","R","E","R","T","E","M","?","R","M","R","B",null,"M","?","M","M","M","R","M","R","T","M","E","M"],"character_chosen":"DEFECT","items_purchased":["Auto Shields"],"campfire_rested":3,"item_purchase_floors":[4],"current_hp_per_floor":[55,48,44,44,43,43,26,48,48,43,43,10,32,32,32,19,61,52,52,54,37,34,46,14,48,48,50,24,0],"gold":349,"neow_bonus":"BOSS_RELIC","is_prod":false,"is_daily":false,"chose_seed":false,"campfire_upgraded":2,"win_rate":0,"timestamp":1554133158,"path_taken":["M","?","M","$","M","R","E","R","T","E","M","?","R","M","R","BOSS","M","?","M","?","M","R","M","R","T","M","E","M"],"build_version":"2019-01-23","purchased_purges":1,"victory":false,"max_hp_per_floor":[75,75,75,75,75,75,75,75,75,75,75,75,75,75,75,75,75,75,75,75,75,75,75,75,75,75,75,75,75],"card_choices":[{"not_picked":["Coolheaded","Turbo"],"picked":"Go for the Eyes","floor":1.0},{"not_picked":["Recycle","Static Discharge"],"picked":"Compile Driver","floor":3.0},{"not_picked":["Hologram","Conserve Battery"],"picked":"Ball Lightning","floor":5.0},{"not_picked":["Undo","Hyperbeam"],"picked":"Barrage","floor":7.0},{"not_picked":["Lockon","Compile Driver"],"picked":"Leap","floor":10.0},{"not_picked":["Blizzard","Rebound"],"picked":"Cold Snap","floor":11.0},{"not_picked":["Steam","Go for the Eyes"],"picked":"Streamline","floor":14.0},{"not_picked":["All For One","Buffer"],"picked":"Meteor Strike","floor":16.0},{"not_picked":["Sweeping Beam","Compile Driver","Fusion"],"picked":"SKIP","floor":18.0},{"not_picked":["Cold Snap","Beam Cell","Reinforced Body"],"picked":"SKIP","floor":20.0},{"not_picked":["Go for the Eyes","Compile Driver"],"picked":"BootSequence","floor":21.0},{"not_picked":["Heatsinks","Streamline"],"picked":"Turbo","floor":22.0},{"not_picked":["Streamline+1","Hologram"],"picked":"Conserve Battery","floor":24.0},{"not_picked":["Double Energy","Rainbow"],"picked":"Capacitor","floor":27.0},{"not_picked":["Sweeping Beam+1","Amplify","Conserve Battery"],"picked":"SKIP","floor":28}],"player_experience":850658,"relics_obtained":[{"floor":7.0,"key":"Girya"},{"floor":9.0,"key":"Incense Burner"},{"floor":10.0,"key":"Vajra"},{"floor":26.0,"key":"Shuriken"},{"floor":28,"key":"Matryoshka"}],"event_choices":[{"cards_removed":["Strike_B"],"damage_healed":0.0,"max_hp_gain":0.0,"max_hp_loss":0.0,"gold_gain":0.0,"event_name":"Golden Wing","player_choice":"Card Removal","floor":2.0,"gold_loss":0.0,"damage_taken":7.0},{"damage_healed":0.0,"max_hp_gain":0.0,"max_hp_loss":0.0,"gold_gain":0.0,"event_name":"Scrap Ooze","player_choice":"Success","floor":12.0,"gold_loss":0.0,"damage_taken":33.0,"relics_obtained":["Blood Vial"]},{"damage_healed":0.0,"max_hp_gain":0.0,"max_hp_loss":0.0,"gold_gain":0.0,"event_name":"Match and Keep!","player_choice":"1 cards matched","floor":19.0,"gold_loss":0.0,"damage_taken":0.0,"cards_obtained":["Loop"]}],"is_beta":false,"boss_relics":[{"not_picked":["Pandora\u0027s Box","Tiny House"],"picked":"Eternal Feather"}],"items_purged_floors":[4],"is_endless":false,"potions_floor_spawned":[3,5,10,14,20,21],"killed_by":"Cultist and Chosen","ascension_level":12}