{"gold_per_floor":[110,110,35,51,51,89,89,129,182,182,215,254,254,6,6,125,125,149,74,74,114,158,202,237,262,262,262,262,303,303,322,322,452,452,466,466,479,156,170,170,170,170,193,193,193,224,74,87,87,87],"floor_reached":50,"playtime":2672,"items_purged":["Pain","Melter","Defragment","Multi-Cast+1"],"score":666,"play_id":"e401e1e4-eef6-49a9-b142-82d89f23da3f","local_time":"20190224090626","daily_mods":["SealedDeck","Flight","DeadlyEvents"],"is_ascension_mode":false,"campfire_choices":[{"floor":7,"key":"REST"},{"data":"Defragment","floor":10,"key":"SMITH"},{"floor":13,"key":"REST"},{"data":"Echo Form","floor":15,"key":"SMITH"},{"floor":27,"key":"REST"},{"floor":28,"key":"REST"},{"floor":30,"key":"REST"},{"data":"Leap","floor":32,"key":"SMITH"},{"floor":40,"key":"REST"},{"floor":42,"key":"REST"},{"floor":45,"key":"REST"},{"floor":49,"key":"REST"}],"neow_cost":"","seed_source_timestamp":0,"circlet_count":0,"master_deck":["Leap","Leap+1","Streamline","Streamline","Gash","Go for the Eyes+1","Leap","Defragment+1","Go for the Eyes+1","Gash","Leap","Echo Form+1","Creative AI","Beam Cell","Defragment+1"],"relics":["Cracked Core","WarpedTongs","Golden Idol","Omamori","Boot","Orichalcum","Lantern","Centennial Puzzle","Busted Crown","Whetstone","Sundial","Shuriken","Frozen Egg 2","PreservedInsect","Blood Vial","Toxic Egg 2","Black Star","Sling","Dream Catcher","Prayer Wheel","Anchor"],"potions_floor_usage":[6,22,23,37,41],"damage_taken":[{"damage":0,"enemies":"Jaw Worm","floor":1,"turns":4},{"damage":0,"enemies":"2 Louse","floor":4,"turns":3},{"damage":4,"enemies":"Lagavulin","floor":6,"turns":5},{"damage":10,"enemies":"Gremlin Nob","floor":8,"turns":3},{"damage":5,"enemies":"Lagavulin","floor":11,"turns":5},{"damage":4,"enemies":"Gremlin Nob","floor":12,"turns":4},{"damage":6,"enemies":"The Guardian","floor":16,"turns":8},{"damage":0,"enemies":"3 Byrds","floor":18,"turns":4},{"damage":3,"enemies":"Gremlin Leader","floor":21,"turns":6},{"damage":9,"enemies":"Slavers","floor":22,"turns":5},{"damage":6,"enemies":"Book of Stabbing","floor":23,"turns":5},{"damage":41,"enemies":"Slavers","floor":24,"turns":5},{"damage":7,"enemies":"Book of Stabbing","floor":29,"turns":5},{"damage":2,"enemies":"Chosen","floor":31,"turns":6},{"damage":19,"enemies":"Champ","floor":33,"turns":9},{"damage":30,"enemies":"3 Darklings","floor":35,"turns":5},{"damage":11,"enemies":"Orb Walker","floor":37,"turns":6},{"damage":10,"enemies":"3 Darklings","floor":39,"turns":5},{"damage":18,"enemies":"Reptomancer","floor":41,"turns":3},{"damage":13,"enemies":"Giant Head","floor":46,"turns":6},{"damage":38,"enemies":"Sphere and 2 Shapes","floor":48,"turns":7},{"damage":50,"enemies":"Awakened One","floor":50,"turns":10}],"seed_played":"-1317992562646843682","potions_obtained":[{"floor":1,"key":"Strength Potion"},{"floor":8,"key":"Swift Potion"},{"floor":12,"key":"EssenceOfSteel"},{"floor":24,"key":"SmokeBomb"},{"floor":29,"key":"SpeedPotion"}],"is_trial":true,"path_per_floor":["M","?","$","M","?","E","R","E","T","R","E","E","R","$","R","B",null,"M","?","?","E","E","E","E","T","T","R","R","E","R","M","R","B",null,"M","?","M","$","M","R","E","R","T","?","R","E","$","M","R","B"],"character_chosen":"DEFECT","items_purchased":["Echo Form","Sling"],"campfire_rested":9,"item_purchase_floors":[14,38],"current_hp_per_floor":[75,75,75,75,57,53,75,65,65,65,60,56,75,75,75,69,75,75,75,75,72,63,57,16,16,16,38,60,55,75,73,73,56,75,45,45,36,36,28,50,34,56,56,56,75,62,62,26,48,0],"gold":87,"neow_bonus":"","is_prod":false,"is_daily":false,"chose_seed":false,"campfire_upgraded":3,"win_rate":0,"timestamp":1551017186,"path_taken":["M","?","$","?","?","E","R","?","T","R","E","?","R","$","R","BOSS","M","?","?","?","?","E","E","?","T","R","R","E","R","?","R","BOSS","M","?","?","$","M","R","E","R","T","?","R","?","$","?","R","BOSS"],"build_version":"2019-01-23","purchased_purges":4,"victory":false,"max_hp_per_floor":[75,75,75,75,75,75,75,75,75,75,75,75,75,75,75,75,75,75,75,75,75,75,75,75,75,75,75,75,75,75,75,75,75,75,75,75,75,75,75,75,75,75,75,75,75,75,75,75,75,75],"card_choices":[{"not_picked":["Darkness","Consume"],"picked":"Defragment","floor":1},{"not_picked":["Undo","Ball Lightning"],"picked":"Go for the Eyes","floor":4},{"not_picked":["Sweeping Beam","Fission","Lockon"],"picked":"SKIP","floor":6},{"not_picked":["Ball Lightning","Coolheaded"],"picked":"Go for the Eyes","floor":8},{"not_picked":["Steam","Turbo"],"picked":"Gash","floor":11},{"not_picked":["Amplify","Steam Power"],"picked":"Leap","floor":12},{"not_picked":["Core Surge","Machine Learning"],"picked":"Creative AI","floor":16},{"not_picked":[],"picked":"Beam Cell","floor":18},{"not_picked":["Turbo"],"picked":"SKIP","floor":21},{"not_picked":["Cold Snap+1"],"picked":"SKIP","floor":22},{"not_picked":["Stack"],"picked":"SKIP","floor":23},{"not_picked":["Turbo"],"picked":"SKIP","floor":24},{"not_picked":[],"picked":"Capacitor+1","floor":29},{"not_picked":["Compile Driver"],"picked":"SKIP","floor":31},{"not_picked":["Ball Lightning+1"],"picked":"SKIP","floor":35},{"not_picked":["Rebound"],"picked":"SKIP","floor":37},{"not_picked":["Sunder"],"picked":"SKIP","floor":39},{"not_picked":[],"picked":"Defragment+1","floor":46},{"not_picked":["Streamline"],"picked":"SKIP","floor":48},{"not_picked":["Turbo+1"],"picked":"SKIP","floor":48}],"player_experience":273647,"relics_obtained":[{"floor":6,"key":"Omamori"},{"floor":8,"key":"Boot"},{"floor":9,"key":"Orichalcum"},{"floor":11,"key":"Lantern"},{"floor":12,"key":"Centennial Puzzle"},{"floor":21,"key":"Whetstone"},{"floor":22,"key":"Sundial"},{"floor":23,"key":"Shuriken"},{"floor":24,"key":"Frozen Egg 2"},{"floor":25,"key":"PreservedInsect"},{"floor":26,"key":"Blood Vial"},{"floor":29,"key":"Toxic Egg 2"},{"floor":43,"key":"Dream Catcher"},{"floor":46,"key":"Prayer Wheel"},{"floor":46,"key":"Anchor"}],"event_choices":[{"damage_healed":0,"gold_gain":0,"player_choice":"Rummage","damage_taken":0,"relics_obtained":["WarpedTongs"],"max_hp_gain":0,"max_hp_loss":0,"event_name":"Accursed Blacksmith","floor":2,"gold_loss":0,"cards_obtained":["Pain"]},{"damage_healed":0,"gold_gain":0,"player_choice":"Take Damage","damage_taken":18,"relics_obtained":["Golden Idol"],"max_hp_gain":0,"max_hp_loss":0,"event_name":"Golden Idol","floor":5,"gold_loss":0},{"cards_removed":["Go for the Eyes"],"damage_healed":0,"gold_gain":0,"player_choice":"Gave Gold","damage_taken":0,"max_hp_gain":0,"max_hp_loss":0,"event_name":"Beggar","floor":19,"gold_loss":75},{"cards_removed":["Heatsinks"],"damage_healed":0,"gold_gain":0,"player_choice":"Purged","damage_taken":0,"max_hp_gain":0,"max_hp_loss":0,"event_name":"Purifier","floor":20,"gold_loss":0},{"damage_healed":0,"gold_gain":0,"player_choice":"Ignored","damage_taken":0,"max_hp_gain":0,"max_hp_loss":0,"event_name":"Tomb of Lord Red Mask","floor":36,"gold_loss":0},{"damage_healed":0,"gold_gain":0,"cards_transformed":["Capacitor"],"player_choice":"Transformed","damage_taken":0,"max_hp_gain":0,"max_hp_loss":0,"event_name":"Transmorgrifier","floor":44,"gold_loss":0,"cards_obtained":["Multi-Cast"]}],"is_beta":false,"boss_relics":[{"not_picked":["Nuclear Battery","Coffee Dripper"],"picked":"Busted Crown"},{"not_picked":["White Beast Statue","Astrolabe"],"picked":"Black Star"}],"items_purged_floors":[3,14,38,47],"is_endless":false,"potions_floor_spawned":[1,8,12,24,29,41],"killed_by":"Awakened One","ascension_level":0}