{"gold_per_floor":[116,116,127,127,26,61,80,114,139,157,174,41,41,53,53,128,128,142,142,142,158,21,21,55,55,55,71,96,96,125,136,136,136],"floor_reached":33,"playtime":1560,"items_purged":["Pain","Strike_G","Decay"],"score":549,"play_id":"276ca0a0-d04a-4a1a-bf6c-8866f2fc0d9b","local_time":"20190111105343","is_ascension_mode":true,"campfire_choices":[{"floor":15.0,"key":"REST"},{"floor":23,"key":"REST"},{"floor":25,"key":"REST"},{"data":"Adrenaline","floor":32,"key":"SMITH"}],"neow_cost":"NONE","seed_source_timestamp":0,"circlet_count":0,"master_deck":["AscendersBane","Defend_G","Defend_G","Defend_G","Defend_G","Defend_G","Strike_G","Strike_G","Strike_G","Strike_G","Survivor","Neutralize","Leg Sweep","Backflip","Deadly Poison","Escape Plan","Deadly Poison","Poisoned Stab","Well Laid Plans","Crippling Poison","Noxious Fumes","Adrenaline","PiercingWail","Flying Knee+1","Adrenaline+1","Malaise","Escape Plan"],"special_seed":0,"relics":["Ring of the Snake","Smiling Mask","Bag of Marbles","WarpedTongs","Centennial Puzzle","Regal Pillow","Ancient Tea Set","Black Star","Unceasing Top","Pen Nib","Pantograph","Lantern","Bottled Lightning","Anchor"],"potions_floor_usage":[30,33],"damage_taken":[{"damage":2.0,"enemies":"Jaw Worm","floor":1.0,"turns":6.0},{"damage":0.0,"enemies":"Cultist","floor":3.0,"turns":4.0},{"damage":8.0,"enemies":"Lagavulin","floor":6.0,"turns":9.0},{"damage":0.0,"enemies":"2 Louse","floor":7.0,"turns":3.0},{"damage":16.0,"enemies":"3 Sentries","floor":8.0,"turns":12.0},{"damage":1.0,"enemies":"Blue Slaver","floor":10.0,"turns":4.0},{"damage":10.0,"enemies":"Lots of Slimes","floor":11.0,"turns":5.0},{"damage":0.0,"enemies":"Gremlin Nob","floor":13.0,"turns":2.0},{"damage":1.0,"enemies":"Red Slaver","floor":14.0,"turns":5.0},{"damage":19.0,"enemies":"Slime Boss","floor":16.0,"turns":11.0},{"damage":8.0,"enemies":"Chosen","floor":18.0,"turns":7.0},{"damage":23,"enemies":"Colosseum Slavers","floor":20,"turns":7},{"damage":4,"enemies":"3 Byrds","floor":21,"turns":5},{"damage":23,"enemies":"Slavers","floor":24,"turns":7},{"damage":0,"enemies":"Sentry and Sphere","floor":27,"turns":4},{"damage":23,"enemies":"Gremlin Leader","floor":30,"turns":7},{"damage":2,"enemies":"Snake Plant","floor":31,"turns":5},{"damage":74,"enemies":"Collector","floor":33,"turns":11}],"seed_played":"1411583930075819112","potions_obtained":[{"floor":6.0,"key":"SmokeBomb"},{"floor":11.0,"key":"Ancient Potion"},{"floor":14.0,"key":"Poison Potion"},{"floor":16.0,"key":"Swift Potion"},{"floor":24,"key":"GamblersBrew"},{"floor":31,"key":"SpeedPotion"}],"is_trial":false,"path_per_floor":["M","?","M","?","$","E","M","E","T","M","M","$","E","M","R","B",null,"M","?","?","M","$","R","E","R","T","M","T","?","E","M","R","B"],"character_chosen":"THE_SILENT","items_purchased":["Deadly Poison","Crippling Poison","Adrenaline"],"campfire_rested":3,"item_purchase_floors":[5,12,22],"current_hp_per_floor":[57,52,52,52,52,44,44,28,28,27,17,17,17,16,50,31,57,49,49,26,22,22,56,33,66,66,66,66,66,43,41,41,0],"gold":136,"neow_bonus":"RANDOM_COMMON_RELIC","is_prod":false,"is_daily":false,"chose_seed":false,"campfire_upgraded":1,"win_rate":0,"timestamp":1547232823,"path_taken":["M","?","M","?","$","E","M","E","T","?","M","$","E","M","R","BOSS","M","?","?","M","$","R","E","R","T","M","?","?","E","M","R","BOSS"],"build_version":"2019-01-10","purchased_purges":3,"victory":false,"max_hp_per_floor":[66,66,66,66,66,66,66,66,66,66,66,66,66,66,66,66,66,66,66,66,66,66,66,66,66,66,66,66,66,66,66,66,66],"card_choices":[{"not_picked":["Prepared","Underhanded Strike"],"picked":"Leg Sweep","floor":1.0},{"not_picked":["PiercingWail","Bane"],"picked":"Backflip","floor":3.0},{"not_picked":["Reflex","Blade Dance","Sucker Punch"],"picked":"SKIP","floor":6.0},{"not_picked":["PiercingWail","Prepared"],"picked":"Escape Plan","floor":7.0},{"not_picked":["Dagger Spray","Riddle With Holes"],"picked":"Deadly Poison","floor":8.0},{"not_picked":["Underhanded Strike","Deflect"],"picked":"Poisoned Stab","floor":10.0},{"not_picked":["Prepared","Masterful Stab"],"picked":"Well Laid Plans","floor":11.0},{"not_picked":["Wraith Form v2","PiercingWail"],"picked":"Noxious Fumes","floor":14.0},{"not_picked":["Storm of Steel","Envenom"],"picked":"Adrenaline","floor":16.0},{"not_picked":["Blade Dance","Sucker Punch"],"picked":"PiercingWail","floor":18.0},{"not_picked":["Deadly Poison","Sucker Punch+1"],"picked":"Flying Knee+1","floor":21},{"not_picked":["Masterful Stab","Flying Knee","Dagger Throw"],"picked":"SKIP","floor":24},{"not_picked":["Quick Slash","Slice","Dodge and Roll"],"picked":"SKIP","floor":27},{"not_picked":["Setup","Storm of Steel"],"picked":"Escape Plan","floor":30},{"not_picked":["All Out Attack","Deflect","PiercingWail"],"picked":"SKIP","floor":31}],"player_experience":1061921,"relics_obtained":[{"floor":6.0,"key":"Centennial Puzzle"},{"floor":8.0,"key":"Regal Pillow"},{"floor":9.0,"key":"Ancient Tea Set"},{"floor":24,"key":"Unceasing Top"},{"floor":24,"key":"Pen Nib"},{"floor":26,"key":"Pantograph"},{"floor":28,"key":"Lantern"},{"floor":30,"key":"Bottled Lightning"},{"floor":30,"key":"Anchor"}],"event_choices":[{"damage_healed":0.0,"max_hp_gain":0.0,"max_hp_loss":0.0,"gold_gain":0.0,"event_name":"Scrap Ooze","player_choice":"Success","floor":2.0,"gold_loss":0.0,"damage_taken":5.0,"relics_obtained":["Bag of Marbles"]},{"damage_healed":0.0,"max_hp_gain":0.0,"max_hp_loss":0.0,"gold_gain":0.0,"event_name":"Accursed Blacksmith","player_choice":"Rummage","floor":4.0,"gold_loss":0.0,"damage_taken":0.0,"relics_obtained":["WarpedTongs"],"cards_obtained":["Pain"]},{"damage_healed":0.0,"max_hp_gain":0.0,"max_hp_loss":0.0,"gold_gain":0.0,"event_name":"Forgotten Altar","player_choice":"Smashed Altar","floor":19.0,"gold_loss":0.0,"damage_taken":0.0,"cards_obtained":["Decay"]},{"damage_healed":0,"gold_gain":0,"player_choice":"Fight","damage_taken":0,"max_hp_gain":0,"max_hp_loss":0,"event_name":"Colosseum","floor":20,"gold_loss":0},{"damage_healed":0,"gold_gain":0,"player_choice":"Fled From Nobs","damage_taken":0,"max_hp_gain":0,"max_hp_loss":0,"event_name":"Colosseum","floor":20,"gold_loss":0},{"damage_healed":0,"gold_gain":0,"player_choice":"Read","damage_taken":0,"max_hp_gain":0,"max_hp_loss":0,"event_name":"The Library","floor":29,"gold_loss":0,"cards_obtained":["Malaise"]}],"is_beta":false,"boss_relics":[{"not_picked":["Philosopher\u0027s Stone","Snecko Eye"],"picked":"Black Star"}],"items_purged_floors":[5,12,22],"is_endless":false,"potions_floor_spawned":[6,11,13,14,16,20,24,31],"killed_by":"Collector","ascension_level":16}