{"gold_per_floor":[116,116,116,129,148,177,177,197,252,35,35,70,70,17,17,116,116,134,134,154,170,170,170,184,60,60,95,95,95,95,114,114,217,217,232,251,3,3,3,3,38,51,74,107,123,156,168,183,183,183,183,183,5,30,30],"floor_reached":56,"playtime":2635,"items_purged":["Writhe","Strike_R"],"score":1738,"play_id":"1a0db517-8f44-4011-99b4-cfdc40f9dcf0","local_time":"20190413122719","is_ascension_mode":true,"campfire_choices":[{"floor":7.0,"key":"REST"},{"data":"Corruption","floor":15.0,"key":"SMITH"},{"data":"Doubt","floor":23.0,"key":"PURGE"},{"data":"Doubt","floor":28.0,"key":"PURGE"},{"data":"Immolate","floor":30.0,"key":"SMITH"},{"data":"Strike_R","floor":32.0,"key":"PURGE"},{"data":"Strike_R","floor":40.0,"key":"PURGE"},{"floor":49.0,"key":"RECALL"},{"data":"Barricade","floor":52.0,"key":"SMITH"}],"neow_cost":"TEN_PERCENT_HP_LOSS","seed_source_timestamp":0,"circlet_count":0,"master_deck":["Defend_R","Defend_R","Defend_R","Defend_R","Bash","Battle Trance","Shockwave","Flex","Cleave","Corruption+1","Warcry","Reaper","Disarm+1","Perfected Strike","Immolate+1","Flame Barrier","Havoc","Heavy Blade","J.A.X.","Combust+1","Offering","Infernal Blade","Barricade+1","Feel No Pain+1","Apotheosis","True Grit+1"],"special_seed":0,"relics":["Burning Blood","Dead Branch","Smiling Mask","Tiny Chest","Orichalcum","Lantern","Calling Bell","Boot","Letter Opener","Peace Pipe","Mummified Hand","Du-Vu Doll","Mark of Pain","Regal Pillow","Kunai","Ginger","Art of War","Vajra","Bag of Preparation"],"potions_floor_usage":[],"damage_taken":[{"damage":1.0,"enemies":"Cultist","floor":1.0,"turns":3.0},{"damage":9.0,"enemies":"2 Louse","floor":4.0,"turns":3.0},{"damage":19.0,"enemies":"Small Slimes","floor":5.0,"turns":3.0},{"damage":38.0,"enemies":"3 Sentries","floor":6.0,"turns":9.0},{"damage":6.0,"enemies":"2 Fungi Beasts","floor":8.0,"turns":5.0},{"damage":8.0,"enemies":"Lagavulin","floor":12.0,"turns":4.0},{"damage":1.0,"enemies":"The Guardian","floor":16.0,"turns":2.0},{"damage":32.0,"enemies":"2 Thieves","floor":18.0,"turns":4.0},{"damage":19.0,"enemies":"Spheric Guardian","floor":20.0,"turns":6.0},{"damage":24.0,"enemies":"3 Cultists","floor":21.0,"turns":5.0},{"damage":3.0,"enemies":"Cultist and Chosen","floor":24.0,"turns":3.0},{"damage":1.0,"enemies":"Gremlin Leader","floor":27.0,"turns":5.0},{"damage":3.0,"enemies":"Snake Plant","floor":31.0,"turns":3.0},{"damage":38.0,"enemies":"Automaton","floor":33.0,"turns":6.0},{"damage":6.0,"enemies":"3 Shapes","floor":35.0,"turns":4.0},{"damage":2.0,"enemies":"Orb Walker","floor":36.0,"turns":3.0},{"damage":7.0,"enemies":"Reptomancer","floor":41.0,"turns":2.0},{"damage":6.0,"enemies":"Sphere and 2 Shapes","floor":42.0,"turns":3.0},{"damage":50.0,"enemies":"Nemesis","floor":44.0,"turns":5.0},{"damage":16.0,"enemies":"4 Shapes","floor":45.0,"turns":2.0},{"damage":10.0,"enemies":"Giant Head","floor":46.0,"turns":5.0},{"damage":12.0,"enemies":"Spire Growth","floor":47.0,"turns":3.0},{"damage":0.0,"enemies":"3 Darklings","floor":48.0,"turns":1.0},{"damage":68.0,"enemies":"Awakened One","floor":50.0,"turns":9.0},{"damage":43,"enemies":"Shield and Spear","floor":54,"turns":4},{"damage":31,"enemies":"The Heart","floor":55,"turns":9}],"seed_played":"5195854280559570815","potions_obtained":[{"floor":5.0,"key":"PowerPotion"},{"floor":6.0,"key":"Weak Potion"},{"floor":20.0,"key":"Fire Potion"},{"floor":31.0,"key":"Swift Potion"},{"floor":33.0,"key":"PowerPotion"},{"floor":36.0,"key":"Swift Potion"},{"floor":45.0,"key":"BloodPotion"},{"floor":46.0,"key":"Swift Potion"}],"is_trial":false,"path_per_floor":["M","?","?","M","M","E","R","M","T","$","?","E","?","$","R","B",null,"M","?","M","M","?","R","M","$","T","E","R","?","R","M","R","B",null,"M","M","$","?","T","R","E","M","T","E","M","E","M","M","R","B",null,"R","$","E","B",null],"character_chosen":"IRONCLAD","items_purchased":["Corruption","Orichalcum","Warcry","Energy Potion","Havoc","PowerPotion","Regal Pillow","Apotheosis"],"campfire_rested":1,"item_purchase_floors":[10,10,14,25,25,37,37,53],"current_hp_per_floor":[72,65,65,62,49,17,38,38,38,38,38,36,36,36,36,41,72,58,58,45,42,66,66,69,69,69,72,72,72,72,72,72,49,72,72,72,72,68,68,68,67,67,67,23,13,58,52,58,58,9,68,68,68,31,12],"gold":30,"neow_bonus":"ONE_RARE_RELIC","is_prod":false,"is_daily":false,"chose_seed":false,"campfire_upgraded":3,"win_rate":0,"timestamp":1555183639,"path_taken":["M","?","?","M","M","E","R","M","T","$","?","E","?","$","R","BOSS","M","?","?","M","?","R","M","$","T","E","R","?","R","M","R","BOSS","M","M","$","?","?","R","E","M","T","E","M","E","M","M","R","BOSS","R","$","E","BOSS"],"build_version":"2019-04-04","purchased_purges":2,"victory":true,"max_hp_per_floor":[72,72,72,72,72,72,72,72,72,72,72,72,72,72,72,72,72,72,72,72,72,72,72,72,72,72,72,72,72,72,72,72,72,72,72,72,72,68,68,68,68,68,68,68,68,68,68,68,68,68,68,68,68,68,68],"card_choices":[{"not_picked":["Anger","Sword Boomerang"],"picked":"Battle Trance","floor":1.0},{"not_picked":["Combust","Body Slam"],"picked":"Shockwave","floor":4.0},{"not_picked":["Second Wind","Iron Wave"],"picked":"Flex","floor":5.0},{"not_picked":["True Grit","Havoc"],"picked":"Cleave","floor":6.0},{"not_picked":["Clash","Havoc","Heavy Blade"],"picked":"SKIP","floor":8.0},{"not_picked":["Brutality","Reckless Charge","Ghostly Armor"],"picked":"SKIP","floor":12.0},{"not_picked":["Bludgeon","Impervious"],"picked":"Reaper","floor":16.0},{"not_picked":["Heavy Blade","Twin Strike"],"picked":"Disarm+1","floor":18.0},{"not_picked":["Sword Boomerang","Hemokinesis+1"],"picked":"Perfected Strike","floor":20.0},{"not_picked":["Clash+1","Perfected Strike+1"],"picked":"Immolate","floor":21.0},{"not_picked":["Perfected Strike+1","Warcry+1"],"picked":"Flame Barrier","floor":24.0},{"not_picked":["Dropkick","Anger+1"],"picked":"Heavy Blade","floor":27.0},{"not_picked":["Headbutt","Anger"],"picked":"Combust+1","floor":31.0},{"not_picked":["Immolate","Impervious"],"picked":"Offering","floor":33.0},{"not_picked":["Cleave","Corruption+1"],"picked":"Infernal Blade","floor":35.0},{"not_picked":["Havoc","Warcry","Whirlwind"],"picked":"SKIP","floor":36.0},{"not_picked":["Cleave+1","Seeing Red+1"],"picked":"Barricade","floor":41.0},{"not_picked":["Wild Strike+1","Flex"],"picked":"Feel No Pain+1","floor":42.0},{"not_picked":["Perfected Strike+1","Battle Trance+1","Sword Boomerang"],"picked":"SKIP","floor":44.0},{"not_picked":["Hemokinesis+1","Power Through","Rage"],"picked":"SKIP","floor":45.0},{"not_picked":["Offering","Heavy Blade+1","Bloodletting+1"],"picked":"SKIP","floor":46.0},{"not_picked":["Warcry","Wild Strike","Armaments"],"picked":"SKIP","floor":47.0},{"not_picked":["Headbutt","Flex+1","Body Slam+1"],"picked":"SKIP","floor":48.0},{"not_picked":["Battle Trance+1","Cleave+1"],"picked":"True Grit+1","floor":54}],"player_experience":645351,"relics_obtained":[{"floor":6.0,"key":"Smiling Mask"},{"floor":9.0,"key":"Tiny Chest"},{"floor":12.0,"key":"Lantern"},{"floor":17.0,"key":"Boot"},{"floor":17.0,"key":"Letter Opener"},{"floor":17.0,"key":"Peace Pipe"},{"floor":26.0,"key":"Mummified Hand"},{"floor":27.0,"key":"Du-Vu Doll"},{"floor":39.0,"key":"Kunai"},{"floor":41.0,"key":"Ginger"},{"floor":44.0,"key":"Art of War"},{"floor":46.0,"key":"Vajra"},{"floor":54,"key":"Bag of Preparation"}],"event_choices":[{"cards_removed":["Strike_R"],"damage_healed":0.0,"max_hp_gain":0.0,"max_hp_loss":0.0,"gold_gain":0.0,"event_name":"Golden Wing","player_choice":"Card Removal","floor":2.0,"gold_loss":0.0,"damage_taken":7.0},{"cards_removed":["Strike_R"],"damage_healed":0.0,"max_hp_gain":0.0,"max_hp_loss":0.0,"gold_gain":0.0,"event_name":"Living Wall","player_choice":"Forget","floor":3.0,"gold_loss":0.0,"damage_taken":0.0},{"damage_healed":0.0,"max_hp_gain":0.0,"max_hp_loss":0.0,"gold_gain":0.0,"event_name":"Scrap Ooze","player_choice":"Fled","floor":11.0,"gold_loss":0.0,"damage_taken":0.0},{"damage_healed":0.0,"max_hp_gain":0.0,"max_hp_loss":0.0,"gold_gain":0.0,"event_name":"Shining Light","player_choice":"Ignored","floor":13.0,"gold_loss":0.0,"damage_taken":0.0},{"damage_healed":0.0,"max_hp_gain":0.0,"max_hp_loss":0.0,"gold_gain":0.0,"event_name":"Match and Keep!","player_choice":"0 cards matched","floor":19.0,"gold_loss":0.0,"damage_taken":0.0,"cards_obtained":[]},{"damage_healed":24.0,"max_hp_gain":0.0,"max_hp_loss":0.0,"gold_gain":0.0,"event_name":"The Library","player_choice":"Heal","floor":22.0,"gold_loss":0.0,"damage_taken":0.0},{"damage_healed":0.0,"max_hp_gain":0.0,"max_hp_loss":0.0,"gold_gain":0.0,"event_name":"Drug Dealer","player_choice":"Obtain J.A.X.","floor":29.0,"gold_loss":0.0,"damage_taken":0.0,"cards_obtained":["J.A.X."]},{"damage_healed":0.0,"max_hp_gain":0.0,"max_hp_loss":4.0,"gold_gain":0.0,"event_name":"Winding Halls","player_choice":"Max HP","floor":38.0,"gold_loss":0.0,"damage_taken":0.0}],"is_beta":true,"boss_relics":[{"not_picked":["Runic Dome","Busted Crown"],"picked":"Calling Bell"},{"not_picked":["Eternal Feather","Sozu"],"picked":"Mark of Pain"}],"items_purged_floors":[25,37],"is_endless":false,"potions_floor_spawned":[5,6,20,31,33,36,41,45,46],"ascension_level":4}