{"gold_per_floor":[119,136,136,155,171,171,183,210,210,210,210,210,210,223,223,301,301,321,340,340,340,340,340,366,678,690,702,774,801,813,835,847,859],"floor_reached":33,"playtime":1508,"items_purged":[],"score":574,"play_id":"9d3ef15d-a21a-461d-a1d4-428378a62899","local_time":"20190412025245","is_ascension_mode":true,"campfire_choices":[{"data":"Bash","floor":6,"key":"SMITH"},{"floor":10,"key":"REST"},{"data":"Cleave","floor":12,"key":"SMITH"},{"data":"Shockwave","floor":15,"key":"SMITH"},{"data":"True Grit","floor":23,"key":"SMITH"},{"data":"Armaments","floor":30,"key":"SMITH"},{"data":"Rampage","floor":32,"key":"SMITH"}],"neow_cost":"NONE","seed_source_timestamp":370124268255205,"circlet_count":0,"master_deck":["AscendersBane","Strike_R","Strike_R","Strike_R","Strike_R","Defend_R","Defend_R","Defend_R","Defend_R","Bash+1","Cleave+1","Headbutt","Shrug It Off","Twin Strike","Shrug It Off","Shockwave+1","Immolate","Rampage+1","Headbutt","True Grit+1","Decay","Clothesline","Writhe","Shrug It Off","Armaments+1"],"relics":["Burning Blood","Unceasing Top","Kunai","Red Skull","Coffee Dripper","MawBank","Old Coin","Blue Candle","Gremlin Horn","Tiny Chest"],"potions_floor_usage":[8,18,24,33],"damage_taken":[{"damage":5,"enemies":"2 Louse","floor":1,"turns":3},{"damage":19,"enemies":"Jaw Worm","floor":2,"turns":4},{"damage":15,"enemies":"Small Slimes","floor":4,"turns":4},{"damage":8,"enemies":"Exordium Wildlife","floor":5,"turns":2},{"damage":12,"enemies":"2 Fungi Beasts","floor":7,"turns":3},{"damage":37,"enemies":"3 Sentries","floor":8,"turns":9},{"damage":6,"enemies":"Large Slime","floor":14,"turns":3},{"damage":45,"enemies":"The Guardian","floor":16,"turns":12},{"damage":22,"enemies":"2 Thieves","floor":18,"turns":3},{"damage":12,"enemies":"Chosen","floor":19,"turns":4},{"damage":19,"enemies":"Book of Stabbing","floor":24,"turns":5},{"damage":1,"enemies":"Gremlin Leader","floor":28,"turns":5},{"damage":17,"enemies":"Snake Plant","floor":29,"turns":4},{"damage":3,"enemies":"Centurion and Healer","floor":31,"turns":4},{"damage":81,"enemies":"Automaton","floor":33,"turns":6}],"seed_played":"3087948311810957602","potions_obtained":[{"floor":5,"key":"Regen Potion"},{"floor":7,"key":"Dexterity Potion"},{"floor":16,"key":"Regen Potion"},{"floor":28,"key":"SmokeBomb"},{"floor":31,"key":"SkillPotion"}],"is_trial":false,"path_per_floor":["M","M","?","M","M","R","M","E","T","R","?","R","T","M","R","B",null,"M","M","?","?","?","R","E","?","T","T","E","M","R","M","R","B"],"character_chosen":"IRONCLAD","items_purchased":[],"campfire_rested":1,"item_purchase_floors":[],"current_hp_per_floor":[76,63,56,47,45,45,39,23,23,47,47,47,47,47,47,8,64,57,51,51,51,51,51,38,38,38,38,43,32,32,35,35,0],"gold":859,"neow_bonus":"TEN_PERCENT_HP_BONUS","is_prod":false,"is_daily":false,"chose_seed":false,"campfire_upgraded":6,"win_rate":0,"timestamp":1555051965,"path_taken":["M","M","?","M","M","R","M","E","T","R","?","R","?","?","R","BOSS","M","M","?","?","?","R","E","?","T","?","E","?","R","M","R","BOSS"],"build_version":"2019-01-23","purchased_purges":0,"victory":false,"max_hp_per_floor":[82,82,82,82,82,82,82,82,82,82,82,82,82,82,82,82,82,82,82,82,82,82,82,82,82,82,82,82,82,82,82,82,82],"card_choices":[{"not_picked":["Warcry","Flex","Clash"],"picked":"SKIP","floor":1},{"not_picked":["Metallicize","Power Through"],"picked":"Cleave","floor":2},{"not_picked":["Iron Wave","Havoc"],"picked":"Headbutt","floor":4},{"not_picked":["Cleave","Dropkick"],"picked":"Shrug It Off","floor":5},{"not_picked":["Heavy Blade","Pommel Strike"],"picked":"Twin Strike","floor":7},{"not_picked":["Feel No Pain","Anger"],"picked":"Shrug It Off","floor":8},{"not_picked":["Berserk","Havoc"],"picked":"Shockwave","floor":14},{"not_picked":["Brutality","Dark Embrace"],"picked":"Immolate","floor":16},{"not_picked":["Pummel","Pommel Strike"],"picked":"Rampage","floor":18},{"not_picked":["Rage","Pommel Strike"],"picked":"Headbutt","floor":19},{"not_picked":["Havoc","Flex"],"picked":"Clothesline","floor":24},{"not_picked":["Searing Blow","Reckless Charge"],"picked":"Shrug It Off","floor":28},{"not_picked":["Metallicize","Fiend Fire"],"picked":"Armaments","floor":29},{"not_picked":["Heavy Blade","Clash","Cleave"],"picked":"SKIP","floor":31}],"player_experience":352420,"relics_obtained":[{"floor":8,"key":"Unceasing Top"},{"floor":9,"key":"Kunai"},{"floor":13,"key":"Red Skull"},{"floor":24,"key":"MawBank"},{"floor":26,"key":"Blue Candle"},{"floor":27,"key":"Gremlin Horn"},{"floor":28,"key":"Tiny Chest"}],"event_choices":[{"cards_removed":["Strike_R"],"damage_healed":0,"gold_gain":0,"player_choice":"Card Removal","damage_taken":7,"max_hp_gain":0,"max_hp_loss":0,"event_name":"Golden Wing","floor":3,"gold_loss":0},{"damage_healed":0,"gold_gain":0,"player_choice":"Ignored","damage_taken":0,"max_hp_gain":0,"max_hp_loss":0,"event_name":"Golden Idol","floor":11,"gold_loss":0},{"damage_healed":0,"gold_gain":0,"player_choice":"Read","damage_taken":0,"max_hp_gain":0,"max_hp_loss":0,"event_name":"The Library","floor":20,"gold_loss":0,"cards_obtained":["True Grit"]},{"damage_healed":0,"gold_gain":0,"player_choice":"Ignored","damage_taken":0,"max_hp_gain":0,"max_hp_loss":0,"event_name":"Ghosts","floor":21,"gold_loss":0},{"damage_healed":0,"gold_gain":0,"player_choice":"Smashed Altar","damage_taken":0,"max_hp_gain":0,"max_hp_loss":0,"event_name":"Forgotten Altar","floor":22,"gold_loss":0,"cards_obtained":["Decay"]},{"damage_healed":0,"gold_gain":0,"player_choice":"Opened","damage_taken":0,"relics_obtained":["Old Coin"],"max_hp_gain":0,"max_hp_loss":0,"event_name":"The Mausoleum","floor":25,"gold_loss":0,"cards_obtained":["Writhe"]}],"is_beta":false,"boss_relics":[{"not_picked":["Empty Cage","Lizard Tail"],"picked":"Coffee Dripper"}],"items_purged_floors":[],"is_endless":false,"potions_floor_spawned":[5,7,16,28,31],"killed_by":"Automaton","ascension_level":17}