{"gold_per_floor":[114,114,133,8,8,8,49,49,120,120,163,163,186,206,206,305,305,326,346,346,47,70,70],"floor_reached":23,"playtime":454,"items_purged":["Defend_R","Strike_R"],"score":381,"play_id":"e83de3e0-a33e-473b-a083-5a234d8b6238","local_time":"20181023130316","is_ascension_mode":true,"campfire_choices":[{"data":"Whirlwind","floor":6,"key":"SMITH"},{"floor":8,"key":"REST"},{"data":"Seeing Red","floor":10,"key":"SMITH"},{"data":"Double Tap","floor":12,"key":"SMITH"},{"data":"Demon Form","floor":15,"key":"SMITH"}],"neow_cost":"NONE","seed_source_timestamp":1105645958239017,"circlet_count":0,"master_deck":["Strike_R","Strike_R","Strike_R","Defend_R","Defend_R","Defend_R","Bash","AscendersBane","Double Tap+1","Whirlwind+1","Whirlwind+1","Seeing Red+1","Spot Weakness","Battle Trance","Demon Form+1","Exhume","Pommel Strike+1","Headbutt+1","Iron Wave+1"],"relics":["Burning Blood","Golden Idol","Shuriken","Molten Egg 2","Omamori","Black Star","Lantern"],"potions_floor_usage":[16,16,19,22],"damage_taken":[{"damage":23,"enemies":"Small Slimes","floor":1,"turns":4},{"damage":6,"enemies":"Cultist","floor":3,"turns":3},{"damage":25,"enemies":"Gremlin Nob","floor":7,"turns":4},{"damage":0,"enemies":"3 Sentries","floor":11,"turns":1},{"damage":8,"enemies":"2 Louse","floor":13,"turns":2},{"damage":12,"enemies":"Exordium Thugs","floor":14,"turns":3},{"damage":26,"enemies":"Slime Boss","floor":16,"turns":5},{"damage":22,"enemies":"2 Thieves","floor":18,"turns":2},{"damage":13,"enemies":"Chosen","floor":19,"turns":3},{"damage":11,"enemies":"Shelled Parasite and Fungi","floor":22,"turns":3},{"damage":35,"enemies":"Book of Stabbing","floor":23,"turns":4}],"seed_played":"-1357002805114620730","potions_obtained":[{"floor":7,"key":"SteroidPotion"},{"floor":18,"key":"SkillPotion"}],"is_trial":false,"path_per_floor":["M","?","M","$","?","R","E","R","T","R","E","R","M","M","R","B",null,"M","M","?","$","M"],"character_chosen":"IRONCLAD","items_purchased":["Energy Potion","Lantern","AttackPotion"],"campfire_rested":1,"item_purchase_floors":[4,21,21],"current_hp_per_floor":[51,51,51,51,51,51,32,52,52,52,58,58,56,50,50,30,59,43,36,36,36,31,0],"gold":70,"neow_bonus":"ONE_RANDOM_RARE_CARD","is_prod":false,"is_daily":false,"chose_seed":false,"campfire_upgraded":4,"win_rate":0,"timestamp":1540324996,"path_taken":["M","?","M","$","?","R","E","R","T","R","E","R","M","?","R","BOSS","M","M","?","$","?","E"],"build_version":"2018-10-18","purchased_purges":2,"victory":false,"max_hp_per_floor":[75,75,75,75,69,69,69,69,69,69,69,69,69,69,69,69,69,69,69,69,69,69,69],"card_choices":[{"not_picked":["Perfected Strike","Burning Pact"],"picked":"Whirlwind","floor":1},{"not_picked":["Blood for Blood","Body Slam"],"picked":"Whirlwind","floor":3},{"not_picked":["Twin Strike","Sever Soul"],"picked":"Seeing Red","floor":7},{"not_picked":["Carnage+1","Headbutt+1"],"picked":"Spot Weakness","floor":11},{"not_picked":["Shrug It Off","Anger+1"],"picked":"Battle Trance","floor":13},{"not_picked":["Clash+1","Armaments"],"picked":"Demon Form","floor":14},{"not_picked":["Berserk","Dark Embrace"],"picked":"Exhume","floor":16},{"not_picked":["Searing Blow+1","Clash+1"],"picked":"Pommel Strike+1","floor":18},{"not_picked":["Armaments","Twin Strike+1"],"picked":"Headbutt+1","floor":19},{"not_picked":["Twin Strike+1","Cleave+1"],"picked":"Iron Wave+1","floor":22}],"player_experience":623585,"relics_obtained":[{"floor":7,"key":"Shuriken"},{"floor":9,"key":"Molten Egg 2"},{"floor":11,"key":"Omamori"}],"event_choices":[{"damage_healed":0,"gold_gain":0,"player_choice":"Upgraded","damage_taken":0,"max_hp_gain":0,"max_hp_loss":0,"event_name":"Upgrade Shrine","floor":2,"gold_loss":0,"cards_upgraded":["Whirlwind"]},{"damage_healed":0,"gold_gain":0,"player_choice":"Lose Max HP","damage_taken":0,"relics_obtained":["Golden Idol"],"max_hp_gain":0,"max_hp_loss":6,"event_name":"Golden Idol","floor":5,"gold_loss":0},{"cards_removed":["Strike_R"],"damage_healed":0,"gold_gain":0,"player_choice":"Purged","damage_taken":0,"max_hp_gain":0,"max_hp_loss":0,"event_name":"Purifier","floor":20,"gold_loss":0}],"is_beta":false,"boss_relics":[{"not_picked":["Fusion Hammer","Eternal Feather"],"picked":"Black Star"}],"items_purged_floors":[4,21],"is_endless":false,"potions_floor_spawned":[7,11,13,18],"killed_by":"Book of Stabbing","ascension_level":14}