{"gold_per_floor":[109,121,139,149,159,159,189,189,189,189,199,210,210,40,40,140,140,159,177,190,190,36,68,84,84,84,84,94,127,137,164,164,263,263,281,281,92,104,116,116,116,142,142,142,142,142,188,236,236,236],"floor_reached":50,"playtime":2458,"items_purged":["Defend_R"],"score":891,"play_id":"560b89a7-7188-4fd5-bbd2-c72546e4a4e2","local_time":"20190310052633","is_ascension_mode":true,"campfire_choices":[{"data":"Uppercut","floor":6,"key":"SMITH"},{"floor":10,"key":"REST"},{"data":"Limit Break","floor":13,"key":"SMITH"},{"data":"Armaments","floor":15,"key":"SMITH"},{"floor":25,"key":"REST"},{"data":"Inflame","floor":27,"key":"SMITH"},{"data":"Metallicize","floor":32,"key":"SMITH"},{"floor":40,"key":"REST"},{"data":"Apotheosis","floor":41,"key":"SMITH"},{"floor":44,"key":"REST"},{"data":"Limit Break","floor":46,"key":"SMITH"},{"floor":49,"key":"REST"}],"neow_cost":"NONE","seed_source_timestamp":482545209428205,"circlet_count":0,"master_deck":["AscendersBane","Strike_R","Strike_R","Strike_R","Strike_R","Strike_R","Defend_R","Bash","Perfected Strike","Uppercut+1","Disarm+1","Inflame+1","Pommel Strike","Limit Break+1","Clothesline","Pommel Strike","Armaments+1","Shrug It Off+1","Immolate","Iron Wave+1","Armaments+1","Immolate","Perfected Strike","Metallicize+1","Perfected Strike","Sword Boomerang","Limit Break+1","Shrug It Off+1","Apotheosis+1","Headbutt+1","Spot Weakness+1"],"relics":["Burning Blood","Vajra","Meat on the Bone","Sozu","Ancient Tea Set","Mummified Hand","Torii","WingedGreaves","Black Star","Du-Vu Doll","Orichalcum","Happy Flower","War Paint","Prayer Wheel"],"potions_floor_usage":[4,16,29],"damage_taken":[{"damage":1,"enemies":"Cultist","floor":1,"turns":3},{"damage":9,"enemies":"2 Louse","floor":2,"turns":2},{"damage":9,"enemies":"Jaw Worm","floor":3,"turns":2},{"damage":27,"enemies":"Lots of Slimes","floor":4,"turns":6},{"damage":13,"enemies":"Looter","floor":5,"turns":3},{"damage":40,"enemies":"Lagavulin","floor":7,"turns":7},{"damage":6,"enemies":"Blue Slaver","floor":11,"turns":2},{"damage":25,"enemies":"3 Louse","floor":12,"turns":4},{"damage":18,"enemies":"Hexaghost","floor":16,"turns":6},{"damage":28,"enemies":"Spheric Guardian","floor":18,"turns":4},{"damage":23,"enemies":"3 Byrds","floor":19,"turns":5},{"damage":15,"enemies":"Snecko","floor":20,"turns":4},{"damage":29,"enemies":"Slavers","floor":23,"turns":2},{"damage":35,"enemies":"Snake Plant","floor":24,"turns":3},{"damage":7,"enemies":"Chosen and Byrds","floor":28,"turns":3},{"damage":16,"enemies":"Book of Stabbing","floor":29,"turns":4},{"damage":13,"enemies":"Cultist and Chosen","floor":30,"turns":4},{"damage":0,"enemies":"Gremlin Leader","floor":31,"turns":3},{"damage":36,"enemies":"Collector","floor":33,"turns":7},{"damage":22,"enemies":"3 Darklings","floor":35,"turns":4},{"damage":17,"enemies":"3 Shapes","floor":38,"turns":2},{"damage":33,"enemies":"3 Darklings","floor":39,"turns":5},{"damage":35,"enemies":"Nemesis","floor":42,"turns":5},{"damage":38,"enemies":"2 Orb Walkers","floor":48,"turns":4},{"damage":83,"enemies":"Donu and Deca","floor":50,"turns":4}],"seed_played":"1263863738476847651","potions_obtained":[{"floor":1,"key":"Swift Potion"},{"floor":2,"key":"SteroidPotion"},{"floor":11,"key":"FearPotion"},{"floor":12,"key":"FearPotion"}],"is_trial":false,"path_per_floor":["M","M","M","M","M","R","E","?","T","R","M","M","R","$","R","B",null,"M","M","M","?","$","E","M","R","T","R","M","E","M","E","R","B",null,"M","?","$","M","M","R","R","E","T","R","?","R","T","?","R","B"],"character_chosen":"IRONCLAD","items_purchased":["Armaments","Shrug It Off","Immolate","Apotheosis"],"campfire_rested":5,"item_purchase_floors":[14,14,22,37],"current_hp_per_floor":[85,82,79,58,51,51,17,17,17,43,55,48,48,48,48,48,78,56,51,54,54,54,43,26,52,52,52,51,53,58,64,64,46,78,62,62,62,51,36,61,61,44,44,69,69,69,69,49,74,0],"gold":236,"neow_bonus":"TEN_PERCENT_HP_BONUS","is_prod":false,"is_daily":false,"chose_seed":false,"campfire_upgraded":7,"win_rate":0,"timestamp":1552209993,"path_taken":["M","M","M","M","M","R","E","?","T","R","?","M","R","$","R","BOSS","M","M","?","?","$","E","M","R","T","R","M","E","M","E","R","BOSS","M","?","?","M","?","R","R","E","T","R","?","R","?","?","R","BOSS"],"build_version":"2019-01-23","purchased_purges":1,"victory":false,"max_hp_per_floor":[88,88,88,88,88,88,88,88,88,88,88,88,88,88,88,88,88,88,88,88,88,88,88,88,88,88,88,88,88,88,88,88,88,88,88,84,84,84,84,84,84,84,84,84,84,84,84,84,84,84],"card_choices":[{"not_picked":["Iron Wave","True Grit"],"picked":"Perfected Strike","floor":1},{"not_picked":["Anger","Metallicize"],"picked":"Uppercut","floor":2},{"not_picked":["Warcry","Flame Barrier"],"picked":"Disarm","floor":3},{"not_picked":["Twin Strike","Flex"],"picked":"Inflame","floor":4},{"not_picked":["Corruption","Searing Blow"],"picked":"Pommel Strike","floor":5},{"not_picked":["Shockwave","Twin Strike"],"picked":"Limit Break","floor":7},{"not_picked":["Reckless Charge","Combust"],"picked":"Clothesline","floor":11},{"not_picked":["Ghostly Armor","Warcry"],"picked":"Pommel Strike","floor":12},{"not_picked":["Dark Embrace","Reaper"],"picked":"Immolate","floor":16},{"not_picked":["Anger","Seeing Red"],"picked":"Iron Wave+1","floor":18},{"not_picked":["Perfected Strike","Clash+1"],"picked":"Armaments+1","floor":19},{"not_picked":["Rage","True Grit","Body Slam"],"picked":"SKIP","floor":20},{"not_picked":["Bloodletting","Juggernaut"],"picked":"Perfected Strike","floor":23},{"not_picked":["Flex","Headbutt","Fire Breathing"],"picked":"SKIP","floor":24},{"not_picked":["Entrench","Warcry"],"picked":"Metallicize","floor":28},{"not_picked":["Pummel","Heavy Blade"],"picked":"Perfected Strike","floor":29},{"not_picked":["Uppercut","Body Slam"],"picked":"Sword Boomerang","floor":30},{"not_picked":["Headbutt","Iron Wave","Twin Strike"],"picked":"SKIP","floor":31},{"not_picked":["Double Tap","Dark Embrace"],"picked":"Limit Break","floor":33},{"not_picked":["Warcry","Sword Boomerang+1"],"picked":"Shrug It Off+1","floor":35},{"not_picked":["Havoc","Clash+1"],"picked":"Headbutt+1","floor":38},{"not_picked":["Searing Blow","Heavy Blade","Flex"],"picked":"SKIP","floor":39},{"not_picked":["Shrug It Off","Bloodletting+1","Twin Strike"],"picked":"SKIP","floor":42},{"not_picked":["Sword Boomerang","Twin Strike+1"],"picked":"Spot Weakness+1","floor":48}],"player_experience":274381,"relics_obtained":[{"floor":7,"key":"Vajra"},{"floor":9,"key":"Meat on the Bone"},{"floor":23,"key":"Ancient Tea Set"},{"floor":26,"key":"Mummified Hand"},{"floor":29,"key":"Torii"},{"floor":31,"key":"WingedGreaves"},{"floor":42,"key":"Du-Vu Doll"},{"floor":42,"key":"Orichalcum"},{"floor":43,"key":"Happy Flower"},{"floor":47,"key":"War Paint"},{"floor":48,"key":"Prayer Wheel"}],"event_choices":[{"cards_removed":["Defend_R"],"damage_healed":0,"gold_gain":0,"player_choice":"Card Removal","damage_taken":0,"max_hp_gain":0,"max_hp_loss":0,"event_name":"Wheel of Change","floor":8,"gold_loss":0},{"cards_removed":["Defend_R"],"damage_healed":0,"gold_gain":0,"player_choice":"Offered Basic","damage_taken":0,"max_hp_gain":0,"max_hp_loss":0,"event_name":"Bonfire Elementals","floor":21,"gold_loss":0},{"damage_healed":0,"gold_gain":0,"player_choice":"Max HP","damage_taken":0,"max_hp_gain":0,"max_hp_loss":4,"event_name":"Winding Halls","floor":36,"gold_loss":0},{"damage_healed":0,"gold_gain":0,"player_choice":"Memory 1","damage_taken":0,"max_hp_gain":0,"max_hp_loss":0,"event_name":"SensoryStone","floor":45,"gold_loss":0},{"damage_healed":0,"gold_gain":0,"player_choice":"Fight","damage_taken":0,"max_hp_gain":0,"max_hp_loss":0,"event_name":"Mysterious Sphere","floor":48,"gold_loss":0}],"is_beta":false,"boss_relics":[{"not_picked":["Runic Pyramid","White Beast Statue"],"picked":"Sozu"},{"not_picked":["Philosopher\u0027s Stone","Pandora\u0027s Box"],"picked":"Black Star"}],"items_purged_floors":[14],"is_endless":false,"potions_floor_spawned":[1,2,11,12,18,20,23,30,31,35,39],"killed_by":"Donu and Deca","ascension_level":12}