{"gold_per_floor":[113,113,127,143,42,77,77,105,160,179,179,9,9,27,27,127,127,146,146,27,27,47,73,73,85,85,85,85,85,85,98,98,201,201,213,265,54,66,66,99,99,99,122,139,139,154,170,170,170,170],"floor_reached":50,"playtime":1733,"items_purged":["Strike_R","Strike_R","Strike_R"],"score":598,"play_id":"05312db3-8512-49f4-9e4c-456b8127542d","local_time":"20190224184805","is_ascension_mode":true,"campfire_choices":[{"data":"Searing Blow","floor":7,"key":"SMITH"},{"data":"Limit Break","floor":11,"key":"SMITH"},{"floor":15,"key":"REST"},{"data":"Armaments","floor":24,"key":"SMITH"},{"data":"Metallicize","floor":28,"key":"SMITH"},{"data":"Inflame","floor":30,"key":"SMITH"},{"floor":32,"key":"REST"},{"floor":41,"key":"REST"},{"floor":45,"key":"REST"},{"floor":49,"key":"RECALL"}],"neow_cost":"NONE","seed_source_timestamp":102645169379500,"circlet_count":0,"master_deck":["Strike_R","Strike_R","Defend_R","Defend_R","Defend_R","Defend_R","Bash","Thunderclap","Searing Blow+2","Shockwave","Sword Boomerang","Headbutt","Limit Break+1","Inflame+1","True Grit","Immolate","Pommel Strike+1","Metallicize+1","Flame Barrier","Armaments+1","Battle Trance+1","Feed","Pummel","Whirlwind+1","Writhe","Limit Break+1","Secret Technique"],"relics":["Burning Blood","Dodecahedron","Bag of Preparation","Orichalcum","Snecko Eye","Gremlin Horn","Red Skull","Smiling Mask","Busted Crown","Torii","Vajra"],"potions_floor_usage":[6,8,10,14,23,31,38,38,40,50],"damage_taken":[{"damage":4,"enemies":"Small Slimes","floor":1,"turns":4},{"damage":1,"enemies":"Cultist","floor":3,"turns":3},{"damage":6,"enemies":"2 Louse","floor":4,"turns":3},{"damage":55,"enemies":"Lagavulin","floor":6,"turns":6},{"damage":13,"enemies":"Gremlin Nob","floor":8,"turns":4},{"damage":15,"enemies":"Exordium Wildlife","floor":10,"turns":4},{"damage":2,"enemies":"3 Louse","floor":14,"turns":2},{"damage":40,"enemies":"The Guardian","floor":16,"turns":12},{"damage":5,"enemies":"Spheric Guardian","floor":18,"turns":3},{"damage":0,"enemies":"3 Byrds","floor":22,"turns":3},{"damage":20,"enemies":"Book of Stabbing","floor":23,"turns":5},{"damage":19,"enemies":"Snake Plant","floor":25,"turns":5},{"damage":5,"enemies":"Centurion and Healer","floor":31,"turns":6},{"damage":33,"enemies":"Champ","floor":33,"turns":9},{"damage":26,"enemies":"3 Darklings","floor":35,"turns":5},{"damage":60,"enemies":"2 Orb Walkers","floor":36,"turns":4},{"damage":7,"enemies":"Orb Walker","floor":38,"turns":3},{"damage":49,"enemies":"Giant Head","floor":40,"turns":7},{"damage":11,"enemies":"4 Shapes","floor":44,"turns":3},{"damage":50,"enemies":"Transient","floor":46,"turns":5},{"damage":14,"enemies":"Maw","floor":47,"turns":5},{"damage":11,"enemies":"Donu and Deca","floor":50,"turns":2}],"seed_played":"-7995749578899959689","potions_obtained":[{"floor":2,"key":"Swift Potion"},{"floor":2,"key":"SpeedPotion"},{"floor":2,"key":"BloodPotion"},{"floor":8,"key":"Ancient Potion"},{"floor":10,"key":"Block Potion"},{"floor":25,"key":"Fire Potion"},{"floor":31,"key":"Fire Potion"},{"floor":35,"key":"Strength Potion"},{"floor":46,"key":"SteroidPotion"}],"is_trial":false,"path_per_floor":["M","?","M","M","$","E","R","E","T","M","R","$","?","M","R","B",null,"M","?","$","?","M","E","R","M","T","?","R","?","R","M","R","B",null,"M","?","$","M","?","E","R","?","T","M","R","M","M","?","R","B"],"character_chosen":"IRONCLAD","items_purchased":["Sword Boomerang","Inflame","Metallicize","PowerPotion","PowerPotion","Pummel","BloodPotion"],"campfire_rested":4,"item_purchase_floors":[5,12,20,20,37,37,37],"current_hp_per_floor":[88,88,88,88,88,47,47,40,40,31,31,31,31,35,61,27,88,88,71,71,71,77,63,63,50,50,50,50,50,50,51,78,51,93,73,22,22,30,54,11,39,39,39,34,62,18,10,10,10,0],"gold":170,"neow_bonus":"TEN_PERCENT_HP_BONUS","is_prod":false,"is_daily":false,"chose_seed":false,"campfire_upgraded":5,"win_rate":0,"timestamp":1551062885,"path_taken":["M","?","M","?","?","E","R","E","T","M","R","$","?","M","R","BOSS","M","?","$","?","M","E","R","M","T","?","R","?","R","M","R","BOSS","M","?","$","M","?","E","R","?","T","M","R","?","M","?","R","BOSS"],"build_version":"2019-02-06","purchased_purges":3,"victory":false,"max_hp_per_floor":[88,88,88,88,88,88,88,88,88,88,88,88,88,88,88,88,88,88,93,93,93,93,93,93,93,93,93,93,93,93,93,93,93,93,93,96,96,96,96,96,96,96,96,96,96,96,96,96,96,96],"card_choices":[{"not_picked":["Clothesline","Warcry"],"picked":"Thunderclap","floor":1},{"not_picked":["Thunderclap","Warcry"],"picked":"Searing Blow","floor":3},{"not_picked":["Rupture","Flex"],"picked":"Shockwave","floor":4},{"not_picked":["Anger","Dual Wield"],"picked":"Headbutt","floor":6},{"not_picked":["Intimidate","Hemokinesis","Heavy Blade"],"picked":"SKIP","floor":8},{"not_picked":["Bloodletting","Pommel Strike"],"picked":"Limit Break","floor":10},{"not_picked":["Thunderclap","Havoc"],"picked":"True Grit","floor":14},{"not_picked":["Dark Embrace","Juggernaut"],"picked":"Immolate","floor":16},{"not_picked":["Thunderclap","Heavy Blade"],"picked":"Pommel Strike+1","floor":18},{"not_picked":["Demon Form","Heavy Blade"],"picked":"Flame Barrier","floor":22},{"not_picked":["Iron Wave","Flex"],"picked":"Armaments","floor":23},{"not_picked":["True Grit","Combust+1"],"picked":"Battle Trance+1","floor":25},{"not_picked":["Intimidate","Juggernaut","Dropkick"],"picked":"SKIP","floor":31},{"not_picked":["Immolate","Exhume"],"picked":"Feed","floor":33},{"not_picked":["Armaments+1"],"picked":"SKIP","floor":35},{"not_picked":[],"picked":"Whirlwind+1","floor":38},{"not_picked":["Blood for Blood"],"picked":"SKIP","floor":40},{"not_picked":["Body Slam"],"picked":"SKIP","floor":44},{"not_picked":["Thunderclap+1"],"picked":"SKIP","floor":46},{"not_picked":["Corruption"],"picked":"SKIP","floor":47},{"not_picked":[],"picked":"Secret Technique","floor":48}],"player_experience":500428,"relics_obtained":[{"floor":6,"key":"Dodecahedron"},{"floor":8,"key":"Bag of Preparation"},{"floor":9,"key":"Orichalcum"},{"floor":23,"key":"Gremlin Horn"},{"floor":26,"key":"Red Skull"},{"floor":36,"key":"Torii"},{"floor":40,"key":"Vajra"}],"event_choices":[{"damage_healed":0,"gold_gain":0,"player_choice":"Got Potions","damage_taken":0,"max_hp_gain":0,"max_hp_loss":0,"event_name":"Lab","floor":2,"gold_loss":0},{"damage_healed":0,"gold_gain":0,"player_choice":"Searched \u00271\u0027 times","damage_taken":0,"max_hp_gain":0,"max_hp_loss":0,"event_name":"Dead Adventurer","floor":13,"gold_loss":0},{"damage_healed":0,"gold_gain":0,"player_choice":"Shed Blood","damage_taken":22,"max_hp_gain":5,"max_hp_loss":0,"event_name":"Forgotten Altar","floor":19,"gold_loss":0},{"damage_healed":0,"gold_gain":0,"player_choice":"Ignored","damage_taken":0,"max_hp_gain":0,"max_hp_loss":0,"event_name":"Ghosts","floor":21,"gold_loss":0},{"damage_healed":0,"gold_gain":0,"player_choice":"Opened","damage_taken":0,"relics_obtained":["Smiling Mask"],"max_hp_gain":0,"max_hp_loss":0,"event_name":"The Mausoleum","floor":27,"gold_loss":0},{"damage_healed":0,"gold_gain":0,"player_choice":"Forge","damage_taken":0,"max_hp_gain":0,"max_hp_loss":0,"event_name":"Accursed Blacksmith","floor":29,"gold_loss":0,"cards_upgraded":["Searing Blow"]},{"damage_healed":0,"gold_gain":0,"player_choice":"Fight","damage_taken":0,"max_hp_gain":0,"max_hp_loss":0,"event_name":"Mysterious Sphere","floor":36,"gold_loss":0},{"damage_healed":24,"gold_gain":0,"player_choice":"Writhe","damage_taken":0,"max_hp_gain":0,"max_hp_loss":0,"event_name":"Winding Halls","floor":39,"gold_loss":0,"cards_obtained":["Writhe"]},{"damage_healed":0,"gold_gain":0,"player_choice":"Copied","damage_taken":0,"max_hp_gain":0,"max_hp_loss":0,"event_name":"Duplicator","floor":42,"gold_loss":0,"cards_obtained":["Limit Break"]},{"damage_healed":0,"gold_gain":0,"player_choice":"Memory 1","damage_taken":0,"max_hp_gain":0,"max_hp_loss":0,"event_name":"SensoryStone","floor":48,"gold_loss":0}],"is_beta":true,"boss_relics":[{"not_picked":["Black Blood","Lizard Tail"],"picked":"Snecko Eye"},{"not_picked":["Runic Dome","Astrolabe"],"picked":"Busted Crown"}],"items_purged_floors":[5,12,37],"is_endless":false,"potions_floor_spawned":[8,10,25,31,35,46],"killed_by":"Donu and Deca","ascension_level":3}