{"gold_per_floor":[112,123,48,48,65,98,98,115,115,115,38,103,103,119,119,119],"floor_reached":16,"playtime":1090,"items_purged":[],"score":185,"play_id":"7ed4e1fd-460c-4099-8bcf-399d2b427430","local_time":"20190115180447","is_ascension_mode":true,"campfire_choices":[{"data":"Quick Slash","floor":7,"key":"SMITH"},{"floor":10,"key":"REST"},{"floor":13,"key":"REST"},{"data":"Noxious Fumes","floor":15,"key":"SMITH"}],"neow_cost":"TEN_PERCENT_HP_LOSS","seed_source_timestamp":570322707480738,"circlet_count":0,"master_deck":["AscendersBane","Defend_G","Defend_G","Defend_G","Defend_G","Strike_G","Strike_G","Strike_G","Strike_G","Strike_G","Survivor","Neutralize","Cloak And Dagger","Quick Slash+1","Sucker Punch","Backstab","Deadly Poison","Noxious Fumes+1","Dodge and Roll","Cloak And Dagger"],"relics":["Ring of the Snake","Nunchaku","Snake Skull","Dodecahedron","Centennial Puzzle","Blood Vial"],"potions_floor_usage":[12,16,16],"damage_taken":[{"damage":1,"enemies":"Cultist","floor":1,"turns":5},{"damage":1,"enemies":"Small Slimes","floor":2,"turns":5},{"damage":0,"enemies":"2 Louse","floor":5,"turns":2},{"damage":24,"enemies":"3 Sentries","floor":6,"turns":13},{"damage":10,"enemies":"Exordium Wildlife","floor":8,"turns":6},{"damage":2,"enemies":"3 Sentries","floor":12,"turns":6},{"damage":1,"enemies":"Exordium Thugs","floor":14,"turns":4},{"damage":54,"enemies":"Slime Boss","floor":16,"turns":6}],"seed_played":"-3693864011823658722","potions_obtained":[{"floor":6,"key":"SneckoOil"},{"floor":8,"key":"AttackPotion"},{"floor":14,"key":"Weak Potion"}],"is_trial":false,"path_per_floor":["M","M","?","?","M","E","R","M","T","R","$","?","R","M","R","B"],"character_chosen":"THE_SILENT","items_purchased":["Noxious Fumes"],"campfire_rested":2,"item_purchase_floors":[11],"current_hp_per_floor":[58,57,57,39,39,15,15,5,5,23,23,21,39,40,40,0],"gold":119,"neow_bonus":"ONE_RARE_RELIC","is_prod":false,"is_daily":false,"chose_seed":false,"campfire_upgraded":2,"win_rate":0,"timestamp":1547604287,"path_taken":["M","?","?","?","?","E","R","M","T","R","?","?","R","M","R","BOSS"],"build_version":"2019-01-10","purchased_purges":0,"victory":false,"max_hp_per_floor":[60,60,60,60,60,60,60,60,60,60,60,60,60,60,60,60],"card_choices":[{"not_picked":["Blade Dance","Underhanded Strike"],"picked":"Cloak And Dagger","floor":1},{"not_picked":["Acrobatics","Prepared"],"picked":"Quick Slash","floor":2},{"not_picked":["Dodge and Roll","Backflip"],"picked":"Sucker Punch","floor":5},{"not_picked":["Phantasmal Killer","Poisoned Stab"],"picked":"Backstab","floor":6},{"not_picked":["Flying Knee","Dagger Spray"],"picked":"Deadly Poison","floor":8},{"not_picked":["Finisher","Masterful Stab"],"picked":"Dodge and Roll","floor":12},{"not_picked":["Blade Dance","Doppelganger"],"picked":"Cloak And Dagger","floor":14}],"player_experience":1073353,"relics_obtained":[{"floor":6,"key":"Dodecahedron"},{"floor":9,"key":"Centennial Puzzle"},{"floor":12,"key":"Blood Vial"}],"event_choices":[{"cards_removed":["Defend_G"],"damage_healed":0,"gold_gain":0,"player_choice":"Card Removal","damage_taken":0,"max_hp_gain":0,"max_hp_loss":0,"event_name":"The Cleric","floor":3,"gold_loss":75},{"damage_healed":0,"gold_gain":0,"player_choice":"Success","damage_taken":18,"relics_obtained":["Snake Skull"],"max_hp_gain":0,"max_hp_loss":0,"event_name":"Scrap Ooze","floor":4,"gold_loss":0},{"damage_healed":0,"gold_gain":0,"player_choice":"Searched \u00271\u0027 times","damage_taken":0,"max_hp_gain":0,"max_hp_loss":0,"event_name":"Dead Adventurer","floor":12,"gold_loss":0}],"is_beta":false,"boss_relics":[],"items_purged_floors":[],"is_endless":false,"potions_floor_spawned":[6,8,14],"killed_by":"Slime Boss","ascension_level":17}