{"gold_per_floor":[110,120,134,148,161,161,211,211,211,8,20,32,47,57,57,154,154,165,152,171,188,0,0,10,10],"floor_reached":25,"playtime":5276,"items_purged":[],"score":203,"play_id":"5fd90693-4421-40b8-a61c-8b73b7299000","local_time":"20190111004813","is_ascension_mode":false,"campfire_choices":[{"floor":6,"key":"REST"},{"data":"Bash","floor":8,"key":"SMITH"},{"floor":15,"key":"REST"},{"floor":23,"key":"REST"}],"neow_cost":"","seed_source_timestamp":368066162136558,"circlet_count":0,"master_deck":["Strike_R","Strike_R","Strike_R","Strike_R","Strike_R","Defend_R","Defend_R","Defend_R","Defend_R","Bash+1","Anger","Perfected Strike","Bludgeon","Metallicize","Anger","Combust","Rampage","Rampage","Cleave","Armaments","Dropkick","Feed","Armaments","Body Slam","Thunderclap+1","Flame Barrier","True Grit+1"],"relics":["Burning Blood","Bag of Marbles","Sozu"],"potions_floor_usage":[16,16,24],"damage_taken":[{"damage":15,"enemies":"Cultist","floor":1,"turns":4},{"damage":8,"enemies":"Small Slimes","floor":2,"turns":3},{"damage":1,"enemies":"2 Louse","floor":3,"turns":2},{"damage":16,"enemies":"Exordium Wildlife","floor":4,"turns":4},{"damage":32,"enemies":"Exordium Thugs","floor":5,"turns":5},{"damage":12,"enemies":"Blue Slaver","floor":11,"turns":2},{"damage":0,"enemies":"Exordium Wildlife","floor":12,"turns":2},{"damage":9,"enemies":"2 Fungi Beasts","floor":13,"turns":2},{"damage":0,"enemies":"3 Louse","floor":14,"turns":1},{"damage":57,"enemies":"The Guardian","floor":16,"turns":9},{"damage":27,"enemies":"Spheric Guardian","floor":18,"turns":5},{"damage":20,"enemies":"2 Thieves","floor":19,"turns":4},{"damage":36,"enemies":"Snake Plant","floor":20,"turns":4},{"damage":10,"enemies":"Chosen and Byrds","floor":21,"turns":4},{"damage":26,"enemies":"Shelled Parasite and Fungi","floor":24,"turns":4},{"damage":23,"enemies":"Gremlin Leader","floor":25,"turns":5}],"seed_played":"-4837791974525121563","potions_obtained":[{"floor":3,"key":"GamblersBrew"}],"is_trial":false,"path_per_floor":["M","M","M","M","M","R","?","R","T","$","M","M","M","M","R","B",null,"M","M","M","M","?","R","M","E"],"character_chosen":"IRONCLAD","items_purchased":["Combust","Rampage","PowerPotion","Poison Potion"],"campfire_rested":3,"item_purchase_floors":[10,10,10,10],"current_hp_per_floor":[71,69,74,64,38,62,62,62,62,62,56,62,59,65,80,29,80,59,45,15,15,15,40,20,0],"gold":10,"neow_bonus":"","is_prod":false,"is_daily":false,"chose_seed":false,"campfire_upgraded":1,"win_rate":0.0,"timestamp":1547185693,"path_taken":["M","?","M","M","M","R","?","R","T","$","M","M","M","M","R","BOSS","M","M","M","M","?","R","M","E"],"build_version":"2019-01-10","purchased_purges":0,"victory":false,"max_hp_per_floor":[80,80,80,80,80,80,80,80,80,80,80,80,80,80,80,80,80,80,80,80,84,84,84,84,84],"card_choices":[{"not_picked":["Flame Barrier","Clash"],"picked":"Anger","floor":1},{"not_picked":["Anger","Clash"],"picked":"Perfected Strike","floor":2},{"not_picked":["Clash","Heavy Blade"],"picked":"Bludgeon","floor":3},{"not_picked":["Flame Barrier","Shrug It Off"],"picked":"Metallicize","floor":4},{"not_picked":["Headbutt","Heavy Blade"],"picked":"Anger","floor":5},{"not_picked":["Reckless Charge","Warcry"],"picked":"Rampage","floor":11},{"not_picked":["Blood for Blood","Metallicize"],"picked":"Cleave","floor":12},{"not_picked":["Reckless Charge","Clash"],"picked":"Armaments","floor":13},{"not_picked":["Reckless Charge","Blood for Blood"],"picked":"Dropkick","floor":14},{"not_picked":["Limit Break","Fiend Fire"],"picked":"Feed","floor":16},{"not_picked":["Anger","Clothesline"],"picked":"Armaments","floor":18},{"not_picked":["Heavy Blade+1","Perfected Strike"],"picked":"Body Slam","floor":19},{"not_picked":["Perfected Strike","Bloodletting"],"picked":"Thunderclap+1","floor":20},{"not_picked":["Spot Weakness+1","Perfected Strike"],"picked":"Flame Barrier","floor":21},{"not_picked":["Armaments+1","Inflame"],"picked":"True Grit+1","floor":24}],"player_experience":0,"relics_obtained":[{"floor":9,"key":"Bag of Marbles"}],"event_choices":[{"damage_healed":0,"gold_gain":50,"player_choice":"Gained Gold","damage_taken":0,"max_hp_gain":0,"max_hp_loss":0,"event_name":"Golden Wing","floor":7,"gold_loss":0},{"damage_healed":0,"gold_gain":0,"player_choice":"Paid Fearfully","damage_taken":0,"max_hp_gain":0,"max_hp_loss":0,"event_name":"Masked Bandits","floor":22,"gold_loss":188}],"is_beta":false,"boss_relics":[{"not_picked":["Ectoplasm","Coffee Dripper"],"picked":"Sozu"}],"items_purged_floors":[],"is_endless":false,"potions_floor_spawned":[3,12,14,18,20],"killed_by":"Gremlin Leader","ascension_level":0}