{"gold_per_floor":[118,118,129,141,141,141,28,38,38,3,35,53,73,88,88,192,192,209,224,224,239,252,252,280,280,307,341,371,400,65,78,78,173,173,190,207,226,4,14,14,47,57,112,112,212,242,14,32,32,32],"floor_reached":51,"playtime":8409,"items_purged":["Strike_G","Strike_G+1","Strike_G+1","Defend_G+1"],"score":821,"play_id":"7b3d9c01-a1a3-4f7c-93ed-c5004f0aff19","local_time":"20190404000048","is_ascension_mode":false,"campfire_choices":[{"data":"Blur","floor":6.0,"key":"SMITH"},{"floor":15.0,"key":"REST"},{"data":"Deadly Poison","floor":23.0,"key":"SMITH"},{"floor":25.0,"key":"REST"},{"floor":32,"key":"REST"},{"data":"Bouncing Flask","floor":40,"key":"SMITH"},{"data":"Venomology","floor":44,"key":"SMITH"},{"data":"Bouncing Flask","floor":49,"key":"SMITH"}],"neow_cost":"NONE","seed_source_timestamp":0,"circlet_count":0,"master_deck":["Defend_G+1","Defend_G+1","Defend_G+1","Defend_G+1","Strike_G+1","Survivor","Neutralize","Slice","Escape Plan","Blur+1","Flechettes","Deadly Poison+1","Deadly Poison+1","Deflect","Well Laid Plans","Deflect","Venomology+1","Flying Knee","Backflip+1","Prepared","Caltrops","Crippling Poison","Terror","Dash+1","Underhanded Strike+1","Well Laid Plans","Deadly Poison","Bouncing Flask+1","Venomology+1","Predator+1","Choke+1","Blade Dance","Jack Of All Trades","Acrobatics+1","Backflip+1","Crippling Poison+1","Backflip+1","Acrobatics","Bouncing Flask+1"],"special_seed":0,"relics":["Ring of the Snake","Bird Faced Urn","Torii","Mercury Hourglass","Black Star","Tingsha","Ninja Scroll","War Paint","Boot","Anchor","Red Mask","Ancient Tea Set","Pen Nib","Snake Skull","Busted Crown","Bronze Scales","PreservedInsect","Blood Vial","Tough Bandages","Bag of Preparation","Whetstone"],"potions_floor_usage":[29,29,29,29,31,33,33,33,33,37,39,39,41,41,42,45,46,50,50,50,50,50],"damage_taken":[{"damage":2.0,"enemies":"2 Louse","floor":1.0,"turns":5.0},{"damage":0.0,"enemies":"Small Slimes","floor":3.0,"turns":5.0},{"damage":1.0,"enemies":"Jaw Worm","floor":4.0,"turns":5.0},{"damage":9.0,"enemies":"Gremlin Gang","floor":8.0,"turns":7.0},{"damage":21.0,"enemies":"Gremlin Nob","floor":11.0,"turns":5.0},{"damage":1.0,"enemies":"Red Slaver","floor":12.0,"turns":3.0},{"damage":0.0,"enemies":"3 Louse","floor":13.0,"turns":2.0},{"damage":6.0,"enemies":"Exordium Wildlife","floor":14.0,"turns":4.0},{"damage":14.0,"enemies":"The Guardian","floor":16.0,"turns":8.0},{"damage":1.0,"enemies":"Shell Parasite","floor":18.0,"turns":7.0},{"damage":18.0,"enemies":"2 Thieves","floor":19.0,"turns":5.0},{"damage":8.0,"enemies":"Snecko","floor":21.0,"turns":8.0},{"damage":0.0,"enemies":"Centurion and Healer","floor":22.0,"turns":11.0},{"damage":36.0,"enemies":"Slavers","floor":24.0,"turns":6.0},{"damage":3.0,"enemies":"Book of Stabbing","floor":27.0,"turns":5.0},{"damage":19.0,"enemies":"Masked Bandits","floor":28.0,"turns":4.0},{"damage":0,"enemies":"Slavers","floor":29,"turns":4},{"damage":0,"enemies":"Chosen and Byrds","floor":31,"turns":3},{"damage":37,"enemies":"Champ","floor":33,"turns":9},{"damage":0,"enemies":"Orb Walker","floor":35,"turns":3},{"damage":0,"enemies":"3 Shapes","floor":36,"turns":4},{"damage":20,"enemies":"3 Darklings","floor":37,"turns":3},{"damage":3,"enemies":"Spire Growth","floor":39,"turns":4},{"damage":1,"enemies":"Giant Head","floor":41,"turns":5},{"damage":10,"enemies":"Writhing Mass","floor":42,"turns":4},{"damage":0,"enemies":"Mind Bloom Boss Battle","floor":45,"turns":4},{"damage":0,"enemies":"Reptomancer","floor":46,"turns":2},{"damage":0,"enemies":"4 Shapes","floor":48,"turns":3},{"damage":15,"enemies":"Donu and Deca","floor":50,"turns":7}],"seed_played":"4579464682293908119","potions_obtained":[{"floor":4.0,"key":"FearPotion"},{"floor":8.0,"key":"Fire Potion"},{"floor":11.0,"key":"Poison Potion"},{"floor":12.0,"key":"Swift Potion"},{"floor":22.0,"key":"Poison Potion"},{"floor":24.0,"key":"Weak Potion"},{"floor":27.0,"key":"EntropicBrew"},{"floor":29,"key":"Poison Potion"},{"floor":37,"key":"EssenceOfSteel"},{"floor":42,"key":"SpeedPotion"},{"floor":46,"key":"PowerPotion"},{"floor":48,"key":"FearPotion"}],"is_trial":false,"path_per_floor":["M","?","M","M","?","R","$","M","T","?","E","M","M","M","R","B",null,"M","M","?","M","M","R","E","R","T","E","?","E","$","M","R","B",null,"M","M","M","$","M","R","E","M","T","R","?","E","$","M","R","B",null],"character_chosen":"THE_SILENT","items_purchased":["Flechettes","Well Laid Plans","Deadly Poison","Snake Skull","Jack Of All Trades","Bouncing Flask"],"campfire_rested":3,"item_purchase_floors":[7,30,30,30,38,47],"current_hp_per_floor":[75,72,72,71,64,64,64,55,55,74,53,52,52,48,71,59,77,76,60,60,54,56,56,24,47,47,50,35,39,39,43,66,35,77,77,77,57,57,58,58,65,61,61,61,67,71,71,75,75,66],"gold":32,"neow_bonus":"TEN_PERCENT_HP_BONUS","is_prod":false,"is_daily":false,"chose_seed":false,"campfire_upgraded":5,"win_rate":0.0,"timestamp":1554332448,"path_taken":["M","?","M","M","?","R","$","M","T","?","E","M","M","M","R","BOSS","M","M","?","M","M","R","E","R","T","E","?","E","$","M","R","BOSS","M","M","M","$","M","R","E","M","T","R","?","E","$","M","R","BOSS"],"build_version":"2019-01-23","purchased_purges":4,"victory":true,"max_hp_per_floor":[77,77,77,77,77,77,77,77,77,77,77,77,77,77,77,77,77,77,77,77,77,77,77,77,77,77,77,77,77,77,77,77,77,77,77,77,77,77,77,77,77,77,77,77,77,77,77,77,77,77],"card_choices":[{"not_picked":["Masterful Stab","PiercingWail"],"picked":"Slice","floor":1.0},{"not_picked":["Blade Dance","Predator"],"picked":"Escape Plan","floor":3.0},{"not_picked":["Tactician","Dodge and Roll"],"picked":"Blur","floor":4.0},{"not_picked":["Footwork","Flechettes"],"picked":"Deadly Poison","floor":8.0},{"not_picked":["Sucker Punch","Infinite Blades"],"picked":"Deadly Poison","floor":11.0},{"not_picked":["Predator","Sucker Punch"],"picked":"Deflect","floor":12.0},{"not_picked":["Underhanded Strike","Dagger Spray"],"picked":"Well Laid Plans","floor":13.0},{"not_picked":["Poisoned Stab","Dagger Throw"],"picked":"Deflect","floor":14.0},{"not_picked":["Unload","Die Die Die"],"picked":"Venomology","floor":16.0},{"not_picked":["Riddle With Holes","Underhanded Strike"],"picked":"Flying Knee","floor":18.0},{"not_picked":["Dagger Throw","Dagger Spray"],"picked":"Backflip+1","floor":19.0},{"not_picked":["Calculated Gamble","Underhanded Strike"],"picked":"Prepared","floor":21.0},{"not_picked":["Dodge and Roll","Underhanded Strike"],"picked":"Caltrops","floor":22.0},{"not_picked":["A Thousand Cuts","Backflip+1"],"picked":"Crippling Poison","floor":24.0},{"not_picked":["Deflect","Dagger Spray"],"picked":"Terror","floor":27.0},{"not_picked":["Quick Slash+1","Dagger Spray"],"picked":"Dash+1","floor":28},{"not_picked":["Sucker Punch+1","Crippling Poison+1"],"picked":"Underhanded Strike+1","floor":29},{"not_picked":["Acrobatics+1","Outmaneuver+1"],"picked":"Bouncing Flask","floor":31},{"not_picked":["Malaise","Wraith Form v2"],"picked":"Venomology","floor":33},{"not_picked":[],"picked":"Predator","floor":35},{"not_picked":[],"picked":"Choke","floor":36},{"not_picked":[],"picked":"Blade Dance","floor":37},{"not_picked":[],"picked":"Acrobatics+1","floor":39},{"not_picked":[],"picked":"Backflip+1","floor":41},{"not_picked":[],"picked":"Crippling Poison+1","floor":42},{"not_picked":[],"picked":"Backflip+1","floor":45},{"not_picked":[],"picked":"Acrobatics","floor":46},{"not_picked":["Blade Dance"],"picked":"SKIP","floor":48}],"player_experience":19835,"relics_obtained":[{"floor":9.0,"key":"Torii"},{"floor":11.0,"key":"Mercury Hourglass"},{"floor":24.0,"key":"Tingsha"},{"floor":24.0,"key":"Ninja Scroll"},{"floor":26.0,"key":"War Paint"},{"floor":27.0,"key":"Boot"},{"floor":27.0,"key":"Anchor"},{"floor":28,"key":"Red Mask"},{"floor":29,"key":"Ancient Tea Set"},{"floor":29,"key":"Pen Nib"},{"floor":41,"key":"Bronze Scales"},{"floor":41,"key":"PreservedInsect"},{"floor":43,"key":"Blood Vial"},{"floor":45,"key":"Tough Bandages"},{"floor":46,"key":"Bag of Preparation"},{"floor":46,"key":"Whetstone"}],"event_choices":[{"damage_healed":0.0,"max_hp_gain":0.0,"max_hp_loss":0.0,"gold_gain":0.0,"event_name":"Scrap Ooze","player_choice":"Success","floor":2.0,"gold_loss":0.0,"damage_taken":3.0,"relics_obtained":["Bird Faced Urn"]},{"cards_removed":["Strike_G"],"damage_healed":0.0,"max_hp_gain":0.0,"max_hp_loss":0.0,"gold_gain":0.0,"event_name":"Golden Wing","player_choice":"Card Removal","floor":5.0,"gold_loss":0.0,"damage_taken":7.0},{"damage_healed":19.0,"max_hp_gain":0.0,"max_hp_loss":0.0,"gold_gain":0.0,"event_name":"The Cleric","player_choice":"Healed","floor":10.0,"gold_loss":35.0,"damage_taken":0.0},{"damage_healed":0.0,"max_hp_gain":0.0,"max_hp_loss":0.0,"gold_gain":0.0,"event_name":"Back to Basics","player_choice":"Simplicity","floor":20.0,"gold_loss":0.0,"damage_taken":0.0,"cards_upgraded":["Defend_G","Defend_G","Defend_G","Defend_G","Defend_G","Strike_G","Strike_G","Strike_G"]},{"damage_healed":0.0,"max_hp_gain":0.0,"max_hp_loss":0.0,"gold_gain":0.0,"event_name":"Masked Bandits","player_choice":"Fought Bandits","floor":28.0,"gold_loss":0.0,"damage_taken":0.0},{"damage_healed":0,"gold_gain":0,"player_choice":"Fight","damage_taken":0,"max_hp_gain":0,"max_hp_loss":0,"event_name":"MindBloom","floor":45,"gold_loss":0}],"is_beta":false,"boss_relics":[{"not_picked":["White Beast Statue","Eternal Feather"],"picked":"Black Star"},{"not_picked":["Snecko Eye","Velvet Choker"],"picked":"Busted Crown"}],"items_purged_floors":[7,30,38,47],"is_endless":false,"potions_floor_spawned":[4,8,11,12,22,24,27,29,37,42,46,48],"ascension_level":0}