{"gold_per_floor":[112,112,37,37,56,56,91,108,108,137,67,67,67,14,14,90,90,104,204,218,230,246,246,246,246],"floor_reached":25,"playtime":1504,"items_purged":[],"score":422,"play_id":"d5ec5811-b5bb-4c92-b1dd-df1bf0ba35f7","local_time":"20190413160311","is_ascension_mode":true,"campfire_choices":[{"data":"Zap","floor":6,"key":"SMITH"},{"data":"Sunder","floor":13,"key":"SMITH"},{"floor":15,"key":"REST"},{"floor":23,"key":"REST"}],"neow_cost":"NONE","seed_source_timestamp":110668426907277,"circlet_count":0,"master_deck":["AscendersBane","Strike_B","Strike_B","Strike_B","Defend_B","Defend_B","Defend_B","Defend_B","Zap+1","Dualcast","Ball Lightning","Sweeping Beam","Sunder+1","Coolheaded","Glacier","Conserve Battery","Electrodynamics","Coolheaded"],"relics":["Cracked Core","Singing Bowl","Darkstone Periapt","Pen Nib","Orichalcum","Sundial","Nuclear Battery","WingedGreaves","Bottled Tornado"],"potions_floor_usage":[10,10,16,19,20,21],"damage_taken":[{"damage":6,"enemies":"Cultist","floor":1,"turns":3},{"damage":2,"enemies":"Small Slimes","floor":5,"turns":3},{"damage":40,"enemies":"3 Sentries","floor":7,"turns":6},{"damage":2,"enemies":"2 Louse","floor":8,"turns":2},{"damage":6,"enemies":"Gremlin Nob","floor":10,"turns":3},{"damage":5,"enemies":"The Guardian","floor":16,"turns":13},{"damage":18,"enemies":"3 Byrds","floor":18,"turns":4},{"damage":5,"enemies":"Colosseum Slavers","floor":19,"turns":3},{"damage":15,"enemies":"Colosseum Nobs","floor":19,"turns":4},{"damage":6,"enemies":"2 Thieves","floor":20,"turns":3},{"damage":3,"enemies":"Snecko","floor":21,"turns":4},{"damage":19,"enemies":"Snake Plant","floor":22,"turns":4},{"damage":43,"enemies":"Book of Stabbing","floor":25,"turns":6}],"seed_played":"9031358745119194292","potions_obtained":[{"floor":7,"key":"Fire Potion"},{"floor":8,"key":"Strength Potion"},{"floor":10,"key":"Strength Potion"},{"floor":16,"key":"Energy Potion"},{"floor":19,"key":"FocusPotion"},{"floor":20,"key":"Weak Potion"}],"is_trial":false,"path_per_floor":["M","T","?","?","M","R","E","M","T","E","?","T","R","$","R","B",null,"M","?","M","M","M","R","?","E"],"character_chosen":"DEFECT","items_purchased":["Conserve Battery"],"campfire_rested":2,"item_purchase_floors":[14],"current_hp_per_floor":[65,65,65,70,68,68,28,26,26,20,20,20,20,20,44,39,72,56,38,34,31,14,41,41,0],"gold":246,"neow_bonus":"TEN_PERCENT_HP_BONUS","is_prod":false,"is_daily":false,"chose_seed":false,"campfire_upgraded":2,"win_rate":0,"timestamp":1555167791,"path_taken":["M","?","?","?","M","R","E","?","T","E","?","?","R","$","R","BOSS","M","?","M","M","M","R","?","E"],"build_version":"2019-01-23","purchased_purges":0,"victory":false,"max_hp_per_floor":[78,78,78,83,83,83,83,83,83,83,83,83,83,83,83,83,83,85,87,89,89,91,91,91,91],"card_choices":[{"not_picked":["Beam Cell","Turbo"],"picked":"Ball Lightning","floor":1},{"not_picked":["Gash","Lockon"],"picked":"Sweeping Beam","floor":5},{"not_picked":["Steam Power","FTL"],"picked":"Sunder","floor":7},{"not_picked":["Consume","Barrage"],"picked":"Coolheaded","floor":8},{"not_picked":["Fusion","Cold Snap"],"picked":"Glacier","floor":10},{"not_picked":["Fission","Rainbow"],"picked":"Electrodynamics","floor":16},{"not_picked":["Chaos","Hologram","Gash"],"picked":"Singing Bowl","floor":18},{"not_picked":["Doom and Gloom","Sweeping Beam","Turbo"],"picked":"Singing Bowl","floor":19},{"not_picked":["Streamline","Turbo","Reinforced Body"],"picked":"Singing Bowl","floor":20},{"not_picked":["Stack","Glacier+1"],"picked":"Coolheaded","floor":21},{"not_picked":["Compile Driver+1","Rainbow","Ball Lightning"],"picked":"Singing Bowl","floor":22}],"player_experience":1063968,"relics_obtained":[{"floor":2,"key":"Singing Bowl"},{"floor":7,"key":"Darkstone Periapt"},{"floor":9,"key":"Pen Nib"},{"floor":10,"key":"Orichalcum"},{"floor":12,"key":"Sundial"},{"floor":19,"key":"WingedGreaves"},{"floor":19,"key":"Bottled Tornado"}],"event_choices":[{"cards_removed":["Strike_B"],"damage_healed":0,"gold_gain":0,"player_choice":"Card Removal","damage_taken":0,"max_hp_gain":0,"max_hp_loss":0,"event_name":"The Cleric","floor":3,"gold_loss":75},{"damage_healed":0,"gold_gain":0,"player_choice":"Donut","damage_taken":0,"max_hp_gain":5,"max_hp_loss":0,"event_name":"Big Fish","floor":4,"gold_loss":0},{"damage_healed":0,"gold_gain":0,"player_choice":"Left Gold","damage_taken":0,"max_hp_gain":0,"max_hp_loss":0,"event_name":"World of Goop","floor":11,"gold_loss":70},{"damage_healed":0,"gold_gain":0,"player_choice":"Fight","damage_taken":0,"max_hp_gain":0,"max_hp_loss":0,"event_name":"Colosseum","floor":19,"gold_loss":0},{"damage_healed":0,"gold_gain":0,"player_choice":"Fought Nobs","damage_taken":0,"max_hp_gain":0,"max_hp_loss":0,"event_name":"Colosseum","floor":19,"gold_loss":0},{"damage_healed":0,"gold_gain":0,"player_choice":"0 cards matched","damage_taken":0,"max_hp_gain":0,"max_hp_loss":0,"event_name":"Match and Keep!","floor":24,"gold_loss":0,"cards_obtained":[]}],"is_beta":false,"boss_relics":[{"not_picked":["Pandora\u0027s Box","Runic Dome"],"picked":"Nuclear Battery"}],"items_purged_floors":[],"is_endless":false,"potions_floor_spawned":[7,8,10,16,19,20],"killed_by":"Book of Stabbing","ascension_level":18}