{"gold_per_floor":[118,118,132,132,57,57,91,91,169,183,208,208,36,92,92,197,197,215,81,101,121,136,136,165,184,184,184,94,94,111,111,111,209,209,229,72,89,41,53,53,79,79,130,130,161,161,161,179,179,179],"floor_reached":51,"playtime":3993,"items_purged":["Strike_R","Strike_R"],"score":840,"play_id":"0c0d5ac2-1045-4309-be0d-f725298203f5","local_time":"20190212031003","is_ascension_mode":true,"campfire_choices":[{"data":"Bash","floor":6,"key":"SMITH"},{"data":"Evolve","floor":8,"key":"SMITH"},{"data":"Spot Weakness","floor":12,"key":"SMITH"},{"floor":15,"key":"REST"},{"data":"Heavy Blade","floor":23,"key":"SMITH"},{"floor":27,"key":"REST"},{"floor":29,"key":"REST"},{"floor":32,"key":"REST"},{"floor":40,"key":"REST"},{"floor":42,"key":"REST"},{"data":"Double Tap","floor":44,"key":"SMITH"},{"floor":49,"key":"REST"}],"neow_cost":"NONE","seed_source_timestamp":2227391124266855,"circlet_count":0,"master_deck":["Strike_R","Strike_R","Defend_R","Defend_R","Defend_R+1","Defend_R+1","Bash+1","Evolve+1","Shrug It Off","Spot Weakness+1","Pommel Strike","Wild Strike","Heavy Blade+1","Immolate","Metallicize","Flex","Armaments+1","Metallicize+1","Rupture","Wild Strike+1","Double Tap+1","Pommel Strike+1","Heavy Blade","Heavy Blade","Disarm+1","Discovery","Madness","Madness"],"relics":["Burning Blood","NeowsBlessing","Incense Burner","Bottled Tornado","Mercury Hourglass","Pen Nib","Tiny Chest","Sozu","Potion Belt","Strawberry","Eternal Feather","Lantern","Sundial","PreservedInsect","Orichalcum"],"potions_floor_usage":[11,33,41,50],"damage_taken":[{"damage":0,"enemies":"2 Louse","floor":1,"turns":1},{"damage":0,"enemies":"Jaw Worm","floor":3,"turns":1},{"damage":0,"enemies":"3 Sentries","floor":7,"turns":1},{"damage":0,"enemies":"Cultist","floor":10,"turns":3},{"damage":19,"enemies":"Gremlin Nob","floor":11,"turns":4},{"damage":18,"enemies":"Lagavulin","floor":14,"turns":4},{"damage":37,"enemies":"The Guardian","floor":16,"turns":8},{"damage":3,"enemies":"Spheric Guardian","floor":18,"turns":3},{"damage":0,"enemies":"Chosen","floor":20,"turns":4},{"damage":14,"enemies":"Shelled Parasite and Fungi","floor":21,"turns":5},{"damage":15,"enemies":"Centurion and Healer","floor":22,"turns":5},{"damage":39,"enemies":"Gremlin Leader","floor":24,"turns":5},{"damage":3,"enemies":"Snecko","floor":25,"turns":3},{"damage":5,"enemies":"3 Cultists","floor":30,"turns":4},{"damage":64,"enemies":"Collector","floor":33,"turns":9},{"damage":34,"enemies":"3 Darklings","floor":35,"turns":4},{"damage":26,"enemies":"3 Shapes","floor":37,"turns":4},{"damage":10,"enemies":"Maw","floor":39,"turns":7},{"damage":55,"enemies":"Nemesis","floor":41,"turns":7},{"damage":18,"enemies":"Reptomancer","floor":45,"turns":5},{"damage":27,"enemies":"Sphere and 2 Shapes","floor":48,"turns":5},{"damage":72,"enemies":"Time Eater","floor":50,"turns":10}],"seed_played":"4823950656010633243","potions_obtained":[{"floor":1,"key":"Fruit Juice"},{"floor":3,"key":"GamblersBrew"},{"floor":7,"key":"Energy Potion"},{"floor":11,"key":"Explosive Potion"},{"floor":16,"key":"EssenceOfSteel"}],"is_trial":false,"path_per_floor":["M","?","M","?","$","R","E","R","T","M","E","R","$","E","R","B",null,"M","$","M","M","M","R","E","M","T","R","?","R","M","?","R","B",null,"M","$","M","$","M","R","E","R","T","R","E","?","?","M","R","B",null],"character_chosen":"IRONCLAD","items_purchased":["Wild Strike","Heavy Blade","Metallicize","Flex","Armaments","Lantern","Heavy Blade"],"campfire_rested":7,"item_purchase_floors":[13,13,19,19,19,36,38],"current_hp_per_floor":[80,64,70,63,63,63,69,69,69,75,67,67,67,55,80,49,85,85,85,85,77,68,68,35,38,45,72,72,92,92,74,97,39,97,69,69,49,49,45,86,37,78,78,90,78,78,66,45,89,23],"gold":179,"neow_bonus":"THREE_ENEMY_KILL","is_prod":false,"is_daily":false,"chose_seed":false,"campfire_upgraded":5,"win_rate":0,"timestamp":1549959003,"path_taken":["M","?","M","?","$","R","E","R","T","M","E","R","?","E","R","BOSS","M","$","M","M","M","R","E","M","T","R","?","R","?","?","R","BOSS","M","$","M","$","M","R","E","R","T","R","E","?","?","M","R","BOSS"],"build_version":"2019-01-23","purchased_purges":2,"victory":true,"max_hp_per_floor":[80,80,80,80,80,80,80,80,80,80,85,85,85,85,85,85,85,85,85,85,85,85,85,85,85,92,92,92,92,92,97,97,97,97,97,97,97,97,97,97,97,97,97,97,97,97,97,97,97,97],"card_choices":[{"not_picked":["Power Through","Twin Strike"],"picked":"Evolve","floor":1},{"not_picked":["Havoc","Infernal Blade","Warcry"],"picked":"SKIP","floor":3},{"not_picked":["Anger","Offering"],"picked":"Shrug It Off","floor":7},{"not_picked":["Seeing Red","Havoc"],"picked":"Spot Weakness","floor":10},{"not_picked":["Spot Weakness","Thunderclap"],"picked":"Pommel Strike","floor":11},{"not_picked":["Thunderclap","Havoc","Sword Boomerang"],"picked":"SKIP","floor":14},{"not_picked":["Feed","Impervious"],"picked":"Immolate","floor":16},{"not_picked":["Thunderclap+1","Sentinel","Cleave"],"picked":"SKIP","floor":18},{"not_picked":["Corruption","Ghostly Armor"],"picked":"Metallicize+1","floor":20},{"not_picked":["Shrug It Off","Evolve+1","Sentinel"],"picked":"SKIP","floor":21},{"not_picked":["Havoc+1","Rage+1","Battle Trance"],"picked":"SKIP","floor":22},{"not_picked":["Searing Blow","Sword Boomerang"],"picked":"Rupture","floor":24},{"not_picked":["Carnage","Havoc"],"picked":"Wild Strike+1","floor":25},{"not_picked":["Body Slam","Flex","Clash+1"],"picked":"SKIP","floor":30},{"not_picked":["Immolate","Juggernaut"],"picked":"Double Tap","floor":33},{"not_picked":["Thunderclap","Rupture"],"picked":"Pommel Strike+1","floor":35},{"not_picked":["Dropkick+1","Headbutt","Evolve"],"picked":"SKIP","floor":37},{"not_picked":["Thunderclap+1","Cleave"],"picked":"Heavy Blade","floor":39},{"not_picked":["Corruption+1","Pommel Strike","Wild Strike"],"picked":"SKIP","floor":41},{"not_picked":["Dual Wield","Fiend Fire"],"picked":"Disarm+1","floor":45},{"not_picked":["Finesse","Dark Shackles"],"picked":"Discovery","floor":46},{"not_picked":["Flex","Body Slam","Thunderclap+1"],"picked":"SKIP","floor":48}],"player_experience":141737,"relics_obtained":[{"floor":7,"key":"Bottled Tornado"},{"floor":9,"key":"Mercury Hourglass"},{"floor":11,"key":"Pen Nib"},{"floor":14,"key":"Tiny Chest"},{"floor":24,"key":"Potion Belt"},{"floor":26,"key":"Strawberry"},{"floor":41,"key":"Sundial"},{"floor":43,"key":"PreservedInsect"},{"floor":45,"key":"Orichalcum"}],"event_choices":[{"damage_healed":0,"gold_gain":0,"player_choice":"Entered Light","damage_taken":16,"max_hp_gain":0,"max_hp_loss":0,"event_name":"Shining Light","floor":2,"gold_loss":0,"cards_upgraded":["Defend_R","Defend_R"]},{"damage_healed":0,"gold_gain":0,"player_choice":"Success","damage_taken":7,"relics_obtained":["Incense Burner"],"max_hp_gain":0,"max_hp_loss":0,"event_name":"Scrap Ooze","floor":4,"gold_loss":0},{"cards_removed":["Strike_R"],"damage_healed":0,"gold_gain":0,"player_choice":"Upgrade and Remove","damage_taken":0,"max_hp_gain":0,"max_hp_loss":0,"event_name":"Designer","floor":28,"gold_loss":90,"cards_upgraded":["Armaments"]},{"damage_healed":0,"gold_gain":0,"player_choice":"Shed Blood","damage_taken":23,"max_hp_gain":5,"max_hp_loss":0,"event_name":"Forgotten Altar","floor":31,"gold_loss":0},{"damage_healed":0,"gold_gain":0,"player_choice":"Memory 1","damage_taken":0,"max_hp_gain":0,"max_hp_loss":0,"event_name":"SensoryStone","floor":46,"gold_loss":0},{"damage_healed":0,"gold_gain":0,"player_choice":"Embrace Madness","damage_taken":12,"max_hp_gain":0,"max_hp_loss":0,"event_name":"Winding Halls","floor":47,"gold_loss":0,"cards_obtained":["Madness","Madness"]}],"is_beta":false,"boss_relics":[{"not_picked":["Runic Pyramid","Calling Bell"],"picked":"Sozu"},{"not_picked":["Pandora\u0027s Box","Astrolabe"],"picked":"Eternal Feather"}],"items_purged_floors":[5,13],"is_endless":false,"potions_floor_spawned":[1,3,7,11,16,18,20,25,37,41],"ascension_level":2}