{"path_per_floor":["M","$","?","?","M","E","?","?","T","E","M","E","$","M","R"],"character_chosen":"THE_SILENT","items_purchased":["Heel Hook","Backflip","Noxious Fumes"],"gold_per_floor":[113,42,42,42,54,79,106,106,133,158,169,199,21,37,37],"floor_reached":16,"campfire_rested":1,"playtime":818,"current_hp_per_floor":[70,70,70,70,70,70,70,70,70,29,29,7,7,7,28],"items_purged":["Strike_G"],"gold":37,"score":172,"play_id":"678aae40-a354-44d3-a2bb-c25364c85f6f","is_prod":false,"is_daily":false,"is_ascension_mode":true,"campfire_upgraded":0,"path_taken":["M","$","?","?","M","E","?","?","T","E","?","E","$","M","R","BOSS"],"build_version":"2018-02-12-PROD1","purchased_purges":1,"victory":false,"master_deck":["Defend_G","Defend_G","Defend_G","Defend_G","Strike_G","Strike_G","Strike_G","Survivor","Neutralize","Acrobatics","Heel Hook","PiercingWail","Quick Slash+1","Adrenaline","Deflect","Sucker Punch","Dodge and Roll","Terror","Backflip","Noxious Fumes","Prepared"],"max_hp_per_floor":[70,70,70,70,70,70,70,70,70,70,70,70,70,70,70],"relics":["Ring of the Snake","NeowsBlessing","Art of War","Odd Mushroom","Ancient Tea Set","Lantern","Molten Egg 2"],"card_choices":[{"not_picked":["Blade Dance","Bane"],"picked":"Acrobatics"},{"not_picked":["Endless Agony","Eviscerate"],"picked":"Quick Slash"},{"not_picked":["Deadly Poison","Cloak And Dagger"],"picked":"Adrenaline"},{"not_picked":["Blur","Flying Knee"],"picked":"Deflect"},{"not_picked":["Flechettes","Bane"],"picked":"Sucker Punch"},{"not_picked":["Eviscerate","Choke"],"picked":"Dodge and Roll"},{"not_picked":["Riddle With Holes","Expertise"],"picked":"Terror"},{"not_picked":["Flying Knee","Dagger Throw"],"picked":"Prepared"}],"player_experience":115843,"potions_floor_usage":[7,10,14],"damage_taken":[{"damage":0,"enemies":"Cultist","floor":1,"turns":1},{"damage":0,"enemies":"Blue Slaver","floor":5,"turns":1},{"damage":0,"enemies":"3 Sentries","floor":6,"turns":2},{"damage":0,"enemies":"The Mushroom Lair","floor":7,"turns":6},{"damage":41,"enemies":"Lagavulin","floor":10,"turns":9},{"damage":0,"enemies":"2 Louse","floor":11,"turns":2},{"damage":22,"enemies":"Gremlin Nob","floor":12,"turns":5},{"damage":0,"enemies":"Lots of Slimes","floor":14,"turns":7},{"damage":24,"enemies":"Slime Boss","floor":16,"turns":8}],"event_choices":[{"event_name":"Transmorgrifier","player_choice":"Transform","floor":3,"damage_taken":0},{"event_name":"Purifier","player_choice":"One Purge","floor":4,"damage_taken":0},{"event_name":"Mushrooms","player_choice":"Fought Mushrooms","floor":7,"damage_taken":0},{"event_name":"Accursed Blacksmith","player_choice":"Forge","floor":8,"damage_taken":0}],"boss_relics":[],"potions_floor_spawned":[1,5,10,11],"seed_played":"-285271782785782432","killed_by":"Slime Boss","ascension_level":4,"is_trial":false}