{"path_per_floor":["M","M","?","?","M","E","M","?","T","?","E","M","$","M","R","B",null,"M","$","?","M","M","R"],"character_chosen":"THE_SILENT","items_purchased":["Tough Bandages","Noxious Fumes","Poisoned Stab","Poison Potion","Finesse","Fire Potion"],"gold_per_floor":[111,127,127,302,318,351,366,396,426,426,453,473,20,37,37,132,132,152,3,3,20,39,39],"floor_reached":24,"campfire_rested":2,"playtime":1410,"current_hp_per_floor":[69,59,59,59,51,44,30,30,30,30,16,15,15,15,36,24,70,38,38,25,22,3,25],"items_purged":["Strike_G"],"gold":39,"score":229,"play_id":"9926812a-fb72-4891-81b9-a1ef13d6c1f3","is_prod":false,"is_daily":false,"is_ascension_mode":true,"campfire_upgraded":0,"path_taken":["M","M","?","?","?","E","M","?","T","?","E","?","$","M","R","BOSS","M","$","?","?","M","R","E"],"build_version":"2018-02-12-PROD1","purchased_purges":1,"victory":false,"master_deck":["Defend_G","Defend_G","Defend_G","Defend_G","Defend_G","Strike_G","Strike_G","Strike_G","Strike_G","Survivor","Neutralize","All Out Attack","Sucker Punch+1","Calculated Gamble","Deflect","Infinite Blades","Backflip","Noxious Fumes","Poisoned Stab","Deadly Poison","Heel Hook","Venomology","Escape Plan","Finesse","Backflip","Slice","Deadly Poison+1"],"max_hp_per_floor":[70,70,70,70,70,70,70,70,70,70,70,70,70,70,70,70,70,70,70,75,75,75,75],"relics":["Ring of the Snake","Matryoshka","Lantern","Tiny Chest","Dream Catcher","Tough Bandages","The Specimen"],"card_choices":[{"not_picked":["Footwork","Terror"],"picked":"All Out Attack"},{"not_picked":["Acrobatics","Deadly Poison"],"picked":"Sucker Punch"},{"not_picked":["Malaise","Deadly Poison"],"picked":"Calculated Gamble"},{"not_picked":["Dash","Quick Slash"],"picked":"Deflect"},{"not_picked":["Phantasmal Killer","Flying Knee"],"picked":"Infinite Blades"},{"not_picked":["Outmaneuver","Flying Knee"],"picked":"Backflip"},{"not_picked":["Bane","PiercingWail"],"picked":"Deadly Poison"},{"not_picked":["All Out Attack","Flechettes"],"picked":"Heel Hook"},{"not_picked":["Burst","Bullet Time"],"picked":"Venomology"},{"not_picked":["Infinite Blades","Endless Agony"],"picked":"Escape Plan"},{"not_picked":["Acrobatics","Caltrops"],"picked":"Backflip"},{"not_picked":["Dagger Spray","Riddle With Holes"],"picked":"Slice"},{"not_picked":["Footwork","Riddle With Holes"],"picked":"Deadly Poison"}],"player_experience":88354,"potions_floor_usage":[6,6,6,16,18,22,24,24],"damage_taken":[{"damage":1,"enemies":"Small Slimes","floor":1,"turns":4},{"damage":10,"enemies":"Cultist","floor":2,"turns":4},{"damage":8,"enemies":"Blue Slaver","floor":5,"turns":6},{"damage":7,"enemies":"Lagavulin","floor":6,"turns":9},{"damage":14,"enemies":"Large Slime","floor":7,"turns":11},{"damage":14,"enemies":"3 Sentries","floor":11,"turns":6},{"damage":1,"enemies":"2 Fungi Beasts","floor":12,"turns":3},{"damage":0,"enemies":"Lots of Slimes","floor":14,"turns":2},{"damage":12,"enemies":"The Guardian","floor":16,"turns":9},{"damage":32,"enemies":"3 Byrds","floor":18,"turns":5},{"damage":3,"enemies":"Chosen","floor":21,"turns":6},{"damage":19,"enemies":"Snake Plant","floor":22,"turns":7},{"damage":43,"enemies":"Gremlin Leader","floor":24,"turns":11}],"event_choices":[{"event_name":"Living Wall","player_choice":"Grow","floor":3,"damage_taken":0},{"event_name":"Liars Game","player_choice":"agreed","floor":4,"damage_taken":0},{"event_name":"Dead Adventurer","player_choice":"Searched \u00271\u0027 times","floor":8,"damage_taken":0},{"event_name":"Purifier","player_choice":"One Purge","floor":10,"damage_taken":0},{"event_name":"Forgotten Altar","player_choice":"Shed Blood","floor":20,"damage_taken":0}],"boss_relics":[{"not_picked":["Sozu","Cursed Key"],"picked":"The Specimen"}],"potions_floor_spawned":[1,2,5,16],"seed_played":"-4494542913534596791","killed_by":"Gremlin Leader","ascension_level":2,"is_trial":false}