{"gold_per_floor":[361,311,325,338,338,363,363,140,167,207,219,251,291,303,315,425,437,459,561,586,617,643,655,694,706,718,741,783,815,317,317,317,418,418,436,246,246,5,17,17,45,45,45,145,170,170,195,214,214,214],"floor_reached":51,"playtime":10006,"items_purged":["Strike_R","Carnage","Rupture"],"score":959,"play_id":"808d8ea7-5e69-40fd-a2be-b5cf634ad071","local_time":"20190402105401","is_ascension_mode":true,"campfire_choices":[{"data":"True Grit","floor":7.0,"key":"SMITH"},{"data":"Shockwave","floor":11.0,"key":"SMITH"},{"data":"Hemokinesis","floor":15.0,"key":"SMITH"},{"data":"Warcry","floor":23.0,"key":"SMITH"},{"floor":25.0,"key":"REST"},{"data":"Dark Embrace","floor":32,"key":"SMITH"},{"data":"Entrench","floor":40,"key":"SMITH"},{"data":"Double Tap","floor":42,"key":"SMITH"},{"data":"Inflame","floor":46,"key":"SMITH"},{"data":"Limit Break","floor":49,"key":"SMITH"}],"neow_cost":"TEN_PERCENT_HP_LOSS","seed_source_timestamp":0,"circlet_count":0,"master_deck":["Bash","Hemokinesis+1","Whirlwind+1","Shockwave+1","True Grit+1","Juggernaut","Uppercut","Shrug It Off","Entrench+1","Double Tap+1","Dark Embrace+1","Shrug It Off","Inflame+1","Feed","Warcry+1","Second Wind","Corruption+1","Reaper","Limit Break+1","Dropkick+1","Impervious","Shrug It Off+1"],"special_seed":0,"relics":["Burning Blood","Potion Belt","Happy Flower","MawBank","Omamori","Dead Branch","Pandora\u0027s Box","Mummified Hand","Sundial","PreservedInsect","Membership Card","Blood Vial","Orichalcum","Cursed Key","Ancient Tea Set","Chemical X","Magic Flower","Mercury Hourglass","Question Card","Art of War","Bag of Preparation"],"potions_floor_usage":[33,39,41,45],"damage_taken":[{"damage":5.0,"enemies":"Jaw Worm","floor":1.0,"turns":5.0},{"damage":3.0,"enemies":"2 Louse","floor":3.0,"turns":2.0},{"damage":3.0,"enemies":"Cultist","floor":4.0,"turns":5.0},{"damage":20.0,"enemies":"Lagavulin","floor":6.0,"turns":6.0},{"damage":6.0,"enemies":"3 Sentries","floor":10.0,"turns":3.0},{"damage":7.0,"enemies":"Large Slime","floor":12.0,"turns":6.0},{"damage":31.0,"enemies":"Gremlin Nob","floor":13.0,"turns":5.0},{"damage":28.0,"enemies":"Slime Boss","floor":16.0,"turns":7.0},{"damage":11.0,"enemies":"3 Byrds","floor":18.0,"turns":5.0},{"damage":18.0,"enemies":"2 Thieves","floor":20.0,"turns":4.0},{"damage":2.0,"enemies":"Cultist and Chosen","floor":21.0,"turns":6.0},{"damage":3.0,"enemies":"Snake Plant","floor":22.0,"turns":7.0},{"damage":26.0,"enemies":"Book of Stabbing","floor":24.0,"turns":6.0},{"damage":29.0,"enemies":"Sentry and Sphere","floor":27.0,"turns":7.0},{"damage":29.0,"enemies":"Slavers","floor":28.0,"turns":4.0},{"damage":20.0,"enemies":"Chosen and Byrds","floor":29.0,"turns":6.0},{"damage":29,"enemies":"Collector","floor":33,"turns":6},{"damage":0,"enemies":"3 Shapes","floor":35,"turns":2},{"damage":3,"enemies":"Orb Walker","floor":39,"turns":3},{"damage":0,"enemies":"Reptomancer","floor":41,"turns":2},{"damage":0,"enemies":"Giant Head","floor":45,"turns":3},{"damage":0,"enemies":"Nemesis","floor":47,"turns":4},{"damage":4,"enemies":"Transient","floor":48,"turns":5},{"damage":13,"enemies":"Donu and Deca","floor":50,"turns":3}],"seed_played":"7535507083618875464","potions_obtained":[{"floor":1.0,"key":"BloodPotion"},{"floor":4.0,"key":"Poison Potion"},{"floor":6.0,"key":"EssenceOfSteel"},{"floor":20.0,"key":"EssenceOfSteel"},{"floor":24.0,"key":"Explosive Potion"},{"floor":27.0,"key":"Explosive Potion"},{"floor":29.0,"key":"SteroidPotion"},{"floor":35,"key":"EssenceOfSteel"}],"is_trial":false,"path_per_floor":["M","?","M","M","?","E","R","$","T","E","R","M","E","$","R","B",null,"M","?","M","M","M","R","E","R","T","M","E","M","$","?","R","B",null,"M","$","?","$","M","R","E","R","T","?","E","R","E","M","R","B",null],"character_chosen":"IRONCLAD","items_purchased":["Happy Flower","Membership Card","Reaper","Blood Vial","AttackPotion","Orichalcum","Ancient Tea Set","PowerPotion","Weak Potion","Chemical X","Magic Flower"],"campfire_rested":1,"item_purchase_floors":[8,30,30,30,30,30,36,36,36,38,38],"current_hp_per_floor":[72,72,72,72,72,58,58,58,58,58,58,57,32,32,32,10,72,67,53,41,45,51,51,31,53,53,33,20,9,9,37,37,58,84,84,84,84,84,87,87,87,87,87,87,91,91,95,95,95,96],"gold":214,"neow_bonus":"TWO_FIFTY_GOLD","is_prod":false,"is_daily":false,"chose_seed":false,"campfire_upgraded":9,"win_rate":0,"timestamp":1554198841,"path_taken":["M","?","M","M","?","E","R","$","T","E","R","?","E","$","R","BOSS","M","?","?","M","M","R","E","R","T","M","E","M","$","?","R","BOSS","M","$","?","$","M","R","E","R","T","?","E","R","E","M","R","BOSS"],"build_version":"2019-01-23","purchased_purges":3,"victory":true,"max_hp_per_floor":[72,72,72,72,72,72,72,72,72,72,72,72,72,72,72,72,72,72,72,72,72,75,75,75,75,75,78,81,84,84,84,84,84,84,84,84,84,84,87,87,87,87,87,87,91,91,95,95,95,98],"card_choices":[{"not_picked":["Iron Wave","Sentinel"],"picked":"Hemokinesis","floor":1.0},{"not_picked":["Clash","Hemokinesis"],"picked":"Whirlwind","floor":3.0},{"not_picked":["Iron Wave","True Grit"],"picked":"Shockwave","floor":4.0},{"not_picked":["Flex","Sentinel"],"picked":"True Grit","floor":6.0},{"not_picked":["Infernal Blade","Pummel","Thunderclap"],"picked":"SKIP","floor":10.0},{"not_picked":["Sword Boomerang","Flex"],"picked":"Rupture","floor":12.0},{"not_picked":["Clothesline","Rage","True Grit"],"picked":"SKIP","floor":13.0},{"not_picked":["Fiend Fire","Immolate"],"picked":"Juggernaut","floor":16.0},{"not_picked":["Thunderclap","Sword Boomerang"],"picked":"Inflame","floor":18.0},{"not_picked":["Twin Strike","Seeing Red","Clash"],"picked":"SKIP","floor":20.0},{"not_picked":["Headbutt+1","Clothesline"],"picked":"Feed","floor":21.0},{"not_picked":["True Grit","Uppercut"],"picked":"Warcry","floor":22.0},{"not_picked":["Immolate","Searing Blow","True Grit+1"],"picked":"SKIP","floor":24.0},{"not_picked":["Sever Soul","Inflame"],"picked":"Second Wind","floor":27.0},{"not_picked":["Shockwave","Pummel","Havoc"],"picked":"SKIP","floor":28.0},{"not_picked":["Hemokinesis+1","Armaments"],"picked":"Corruption+1","floor":29.0},{"not_picked":["Bludgeon","Berserk"],"picked":"Limit Break","floor":33},{"not_picked":["Shockwave+1","Iron Wave+1"],"picked":"Dropkick+1","floor":35},{"not_picked":["Cleave+1","Perfected Strike+1","Bloodletting+1"],"picked":"SKIP","floor":39},{"not_picked":["Dropkick+1","Berserk"],"picked":"Impervious","floor":41},{"not_picked":["Clothesline+1","Perfected Strike","Dropkick+1"],"picked":"Shrug It Off+1","floor":45},{"not_picked":["Sword Boomerang+1","Evolve+1","True Grit","Shrug It Off+1"],"picked":"SKIP","floor":47},{"not_picked":["Wild Strike","Clash","Cleave+1","Heavy Blade+1"],"picked":"SKIP","floor":48}],"player_experience":862949,"relics_obtained":[{"floor":6.0,"key":"Potion Belt"},{"floor":9.0,"key":"MawBank"},{"floor":10.0,"key":"Omamori"},{"floor":13.0,"key":"Dead Branch"},{"floor":24.0,"key":"Mummified Hand"},{"floor":26.0,"key":"Sundial"},{"floor":28.0,"key":"PreservedInsect"},{"floor":41,"key":"Mercury Hourglass"},{"floor":43,"key":"Question Card"},{"floor":45,"key":"Art of War"},{"floor":47,"key":"Bag of Preparation"}],"event_choices":[{"cards_removed":["Strike_R"],"damage_healed":0.0,"max_hp_gain":0.0,"max_hp_loss":0.0,"gold_gain":0.0,"event_name":"The Cleric","player_choice":"Card Removal","floor":2.0,"gold_loss":50.0,"damage_taken":0.0},{"damage_healed":0.0,"max_hp_gain":0.0,"max_hp_loss":0.0,"gold_gain":0.0,"event_name":"Upgrade Shrine","player_choice":"Upgraded","floor":5.0,"gold_loss":0.0,"damage_taken":0.0,"cards_upgraded":["Whirlwind"]},{"damage_healed":0.0,"max_hp_gain":0.0,"max_hp_loss":0.0,"gold_gain":90.0,"event_name":"Knowing Skull","player_choice":"GOLD ","floor":19.0,"potions_obtained":[],"gold_loss":0.0,"damage_taken":14.0,"cards_obtained":[]},{"damage_healed":28,"gold_gain":0,"player_choice":"Heal","damage_taken":0,"max_hp_gain":0,"max_hp_loss":0,"event_name":"The Library","floor":31,"gold_loss":0},{"damage_healed":0,"gold_gain":0,"player_choice":"Ignored","damage_taken":0,"max_hp_gain":0,"max_hp_loss":0,"event_name":"Tomb of Lord Red Mask","floor":37,"gold_loss":0},{"damage_healed":0,"gold_gain":100,"player_choice":"Pray","damage_taken":0,"max_hp_gain":0,"max_hp_loss":0,"event_name":"Golden Shrine","floor":44,"gold_loss":0}],"is_beta":false,"boss_relics":[{"not_picked":["Black Blood","Snecko Eye"],"picked":"Pandora\u0027s Box"},{"not_picked":["Velvet Choker","Mark of Pain"],"picked":"Cursed Key"}],"items_purged_floors":[8,30,36],"is_endless":false,"potions_floor_spawned":[1,4,6,20,24,27,29,35],"ascension_level":1}