{"gold_per_floor":[111,124,124,124,25,25,37,64,143,168,49,49],"floor_reached":12,"playtime":325,"items_purged":["Defend_G","Defend_G"],"score":151,"play_id":"f2a4535f-8186-427b-8b97-c42f53f3dbe7","local_time":"20181206130540","is_ascension_mode":true,"campfire_choices":[{"data":"Neutralize","floor":6,"key":"SMITH"}],"neow_cost":"NONE","seed_source_timestamp":78107230704541,"circlet_count":0,"master_deck":["AscendersBane","Defend_G","Defend_G","Defend_G","Strike_G","Strike_G","Strike_G+1","Strike_G+1","Survivor","Neutralize+1","Deflect","Leg Sweep","Backflip","Deadly Poison","Acrobatics","Calculated Gamble","Footwork"],"relics":["Ring of the Snake","Potion Belt","Smiling Mask","Letter Opener","Incense Burner"],"potions_floor_usage":[8],"damage_taken":[{"damage":1,"enemies":"Small Slimes","floor":1,"turns":4},{"damage":0,"enemies":"Jaw Worm","floor":2,"turns":6},{"damage":0,"enemies":"2 Louse","floor":7,"turns":3},{"damage":7,"enemies":"3 Sentries","floor":8,"turns":12},{"damage":22,"enemies":"Gremlin Nob","floor":10,"turns":6},{"damage":4,"enemies":"3 Sentries","floor":12,"turns":2}],"seed_played":"3063312732582977946","potions_obtained":[{"floor":2,"key":"SkillPotion"}],"is_trial":false,"path_per_floor":["M","M","?","?","$","R","M","E","T","E","$","?"],"character_chosen":"THE_SILENT","items_purchased":["Backflip","Footwork"],"campfire_rested":0,"item_purchase_floors":[5,11],"current_hp_per_floor":[58,58,38,31,31,31,31,24,24,2,2,0],"gold":49,"neow_bonus":"RANDOM_COMMON_RELIC","is_prod":false,"is_daily":false,"chose_seed":false,"campfire_upgraded":1,"win_rate":0,"timestamp":1544130340,"path_taken":["M","M","?","?","$","R","M","E","T","E","$","?"],"build_version":"2018-11-15","purchased_purges":2,"victory":false,"max_hp_per_floor":[66,66,66,66,66,66,66,66,66,66,66,66],"card_choices":[{"not_picked":["Bane","Dagger Throw"],"picked":"Deflect","floor":1},{"not_picked":["Riddle With Holes","Underhanded Strike"],"picked":"Leg Sweep","floor":2},{"not_picked":["Dagger Spray","Slice"],"picked":"Deadly Poison","floor":7},{"not_picked":["Prepared","Flechettes"],"picked":"Acrobatics","floor":8},{"not_picked":["Slice","Dagger Throw"],"picked":"Calculated Gamble","floor":10}],"player_experience":990675,"relics_obtained":[{"floor":8,"key":"Smiling Mask"},{"floor":9,"key":"Letter Opener"},{"floor":10,"key":"Incense Burner"}],"event_choices":[{"damage_healed":0,"gold_gain":0,"player_choice":"Entered Light","damage_taken":20,"max_hp_gain":0,"max_hp_loss":0,"event_name":"Shining Light","floor":3,"gold_loss":0,"cards_upgraded":["Strike_G","Strike_G"]},{"cards_removed":["Strike_G"],"damage_healed":0,"gold_gain":0,"player_choice":"Card Removal","damage_taken":7,"max_hp_gain":0,"max_hp_loss":0,"event_name":"Golden Wing","floor":4,"gold_loss":0},{"damage_healed":0,"gold_gain":0,"player_choice":"Searched \u00271\u0027 times","damage_taken":0,"max_hp_gain":0,"max_hp_loss":0,"event_name":"Dead Adventurer","floor":12,"gold_loss":0}],"is_beta":false,"boss_relics":[],"items_purged_floors":[5,11],"is_endless":false,"potions_floor_spawned":[2],"killed_by":"3 Sentries","ascension_level":15}