{"gold_per_floor":[119,134,149,149,224,224,255,255,255,299,323,323,308],"floor_reached":13,"playtime":923,"items_purged":[],"score":135,"play_id":"0c960b1a-971d-4fe0-b7fa-a4855311de7c","local_time":"20190327120130","is_ascension_mode":true,"campfire_choices":[{"data":"Zap","floor":6,"key":"SMITH"},{"floor":8,"key":"REST"}],"neow_cost":"NONE","seed_source_timestamp":97514278227175,"circlet_count":0,"master_deck":["Strike_B","Strike_B","Strike_B","Strike_B","Defend_B","Defend_B","Defend_B+1","Defend_B+1","Zap+1","Dualcast","FTL","Melter","Cold Snap","Genetic Algorithm+1","Glacier"],"relics":["White Beast Statue","Golden Idol","Mummified Hand","Centennial Puzzle","War Paint"],"potions_floor_usage":[7,7,7,10],"damage_taken":[{"damage":4,"enemies":"Cultist","floor":1,"turns":5},{"damage":7,"enemies":"2 Louse","floor":2,"turns":2},{"damage":14,"enemies":"Small Slimes","floor":3,"turns":4},{"damage":18,"enemies":"Lagavulin","floor":7,"turns":7},{"damage":27,"enemies":"3 Sentries","floor":10,"turns":9},{"damage":5,"enemies":"Exordium Wildlife","floor":11,"turns":4},{"damage":11,"enemies":"Looter","floor":13,"turns":1}],"seed_played":"-928178269441477226","potions_obtained":[{"floor":1,"key":"LiquidBronze"},{"floor":2,"key":"Strength Potion"},{"floor":3,"key":"SkillPotion"},{"floor":7,"key":"EssenceOfSteel"},{"floor":10,"key":"Dexterity Potion"},{"floor":11,"key":"LiquidBronze"}],"is_trial":false,"path_per_floor":["M","M","M","?","?","R","E","R","T","E","M","?","M"],"character_chosen":"DEFECT","items_purchased":[],"campfire_rested":1,"item_purchase_floors":[],"current_hp_per_floor":[64,57,43,43,32,32,14,34,34,7,2,2,0],"gold":308,"neow_bonus":"BOSS_RELIC","is_prod":false,"is_daily":false,"chose_seed":false,"campfire_upgraded":1,"win_rate":0,"timestamp":1553688090,"path_taken":["M","M","M","?","?","R","E","R","T","E","M","?","M"],"build_version":"2019-01-23","purchased_purges":0,"victory":false,"max_hp_per_floor":[75,75,75,69,69,69,69,69,69,69,69,69,69],"card_choices":[{"not_picked":["Sweeping Beam","Aggregate"],"picked":"FTL","floor":1},{"not_picked":["Beam Cell","Stack"],"picked":"Melter","floor":2},{"not_picked":["Double Energy","Hello World"],"picked":"Cold Snap","floor":3},{"not_picked":["Multi-Cast","Gash","Streamline"],"picked":"SKIP","floor":7},{"not_picked":["Hologram","Compile Driver"],"picked":"Genetic Algorithm","floor":10},{"not_picked":["Chill","Gash"],"picked":"Glacier","floor":11}],"player_experience":790109,"relics_obtained":[{"floor":7,"key":"Mummified Hand"},{"floor":9,"key":"Centennial Puzzle"},{"floor":10,"key":"War Paint"}],"event_choices":[{"damage_healed":0,"gold_gain":0,"player_choice":"Lose Max HP","damage_taken":0,"relics_obtained":["Golden Idol"],"max_hp_gain":0,"max_hp_loss":6,"event_name":"Golden Idol","floor":4,"gold_loss":0},{"damage_healed":0,"gold_gain":75,"player_choice":"Gather Gold","damage_taken":11,"max_hp_gain":0,"max_hp_loss":0,"event_name":"World of Goop","floor":5,"gold_loss":0},{"damage_healed":0,"gold_gain":0,"player_choice":"Grow","damage_taken":0,"max_hp_gain":0,"max_hp_loss":0,"event_name":"Living Wall","floor":12,"gold_loss":0,"cards_upgraded":["Genetic Algorithm"]}],"is_beta":false,"boss_relics":[],"items_purged_floors":[],"is_endless":false,"potions_floor_spawned":[1,2,3,7,10,11],"killed_by":"Looter","ascension_level":9}