{"gold_per_floor":[115,134,150,150,168,209,209,275,275,325,394,419,419,455,455,455],"floor_reached":16,"playtime":998,"items_purged":[],"score":205,"play_id":"a35968a2-76d3-42bd-a396-ea9849ccb34e","local_time":"20190411112918","is_ascension_mode":true,"campfire_choices":[{"floor":13.0,"key":"REST"},{"data":"Consume","floor":15.0,"key":"SMITH"}],"neow_cost":"NONE","seed_source_timestamp":0,"circlet_count":0,"master_deck":["AscendersBane","Strike_B","Strike_B","Strike_B","Defend_B","Defend_B","Defend_B","Defend_B","Zap","Dualcast","Gash","Streamline","Self Repair","Gash","Leap","Conserve Battery","Consume+1"],"special_seed":0,"relics":["Cracked Core","Happy Flower","Golden Idol","Blood Vial","SsserpentHead","Darkstone Periapt","Oddly Smooth Stone"],"potions_floor_usage":[],"damage_taken":[{"damage":7.0,"enemies":"Jaw Worm","floor":1.0,"turns":3.0},{"damage":0.0,"enemies":"2 Louse","floor":2.0,"turns":2.0},{"damage":1.0,"enemies":"Cultist","floor":3.0,"turns":3.0},{"damage":6.0,"enemies":"3 Louse","floor":5.0,"turns":3.0},{"damage":25.0,"enemies":"Lagavulin","floor":6.0,"turns":6.0},{"damage":24.0,"enemies":"Lots of Slimes","floor":8.0,"turns":5.0},{"damage":8.0,"enemies":"Blue Slaver","floor":11.0,"turns":6.0},{"damage":1.0,"enemies":"2 Fungi Beasts","floor":12.0,"turns":3.0},{"damage":27.0,"enemies":"Gremlin Nob","floor":14.0,"turns":4.0},{"damage":37,"enemies":"Hexaghost","floor":16,"turns":9}],"seed_played":"-6920735002211395416","potions_obtained":[{"floor":5.0,"key":"PowerPotion"},{"floor":8.0,"key":"Ancient Potion"},{"floor":11.0,"key":"Weak Potion"},{"floor":12.0,"key":"Poison Potion"}],"is_trial":false,"path_per_floor":["M","M","M","?","M","E","?","M","T","?","M","M","R","E","R","B"],"character_chosen":"DEFECT","items_purchased":[],"campfire_rested":1,"item_purchase_floors":[],"current_hp_per_floor":[57,57,56,56,57,39,39,24,24,24,25,33,52,34,34,0],"gold":455,"neow_bonus":"RANDOM_COMMON_RELIC","is_prod":false,"is_daily":false,"chose_seed":false,"campfire_upgraded":1,"win_rate":0,"timestamp":1554978558,"path_taken":["M","M","M","?","M","E","?","?","T","?","?","M","R","E","R","BOSS"],"build_version":"2019-01-23","purchased_purges":0,"victory":false,"max_hp_per_floor":[71,71,71,64,64,64,64,64,64,64,64,64,64,64,64,64],"card_choices":[{"not_picked":["Steam","BootSequence"],"picked":"Gash","floor":1.0},{"not_picked":["Darkness","Reinforced Body"],"picked":"Streamline","floor":2.0},{"not_picked":["Genetic Algorithm","Streamline"],"picked":"Self Repair","floor":3.0},{"not_picked":["Chill","Force Field"],"picked":"Gash","floor":5.0},{"not_picked":["Hyperbeam","Compile Driver"],"picked":"Leap","floor":6.0},{"not_picked":["Reinforced Body","Heatsinks","Stack"],"picked":"SKIP","floor":8.0},{"not_picked":["Stack","Barrage"],"picked":"Conserve Battery","floor":11.0},{"not_picked":["Redo","Chill"],"picked":"Consume","floor":12.0},{"not_picked":["Blizzard","Hyperbeam","Conserve Battery"],"picked":"SKIP","floor":14.0}],"player_experience":1001741,"relics_obtained":[{"floor":6.0,"key":"Blood Vial"},{"floor":9.0,"key":"Darkstone Periapt"},{"floor":14.0,"key":"Oddly Smooth Stone"}],"event_choices":[{"damage_healed":0.0,"max_hp_gain":0.0,"max_hp_loss":7.0,"gold_gain":0.0,"event_name":"Golden Idol","player_choice":"Lose Max HP","floor":4.0,"gold_loss":0.0,"damage_taken":0.0,"relics_obtained":["Golden Idol"]},{"damage_healed":0.0,"max_hp_gain":0.0,"max_hp_loss":0.0,"gold_gain":0.0,"event_name":"FaceTrader","player_choice":"Trade","floor":7.0,"gold_loss":0.0,"damage_taken":0.0,"relics_obtained":["SsserpentHead"]},{"cards_removed":["Strike_B"],"damage_healed":0.0,"max_hp_gain":0.0,"max_hp_loss":0.0,"gold_gain":0.0,"event_name":"Purifier","player_choice":"Purged","floor":10.0,"gold_loss":0.0,"damage_taken":0.0}],"is_beta":false,"boss_relics":[],"items_purged_floors":[],"is_endless":false,"potions_floor_spawned":[5,8,11,12],"killed_by":"Hexaghost","ascension_level":16}