{"gold_per_floor":[109,109,109,184,184,218,218,249,321,336,379,415,480,525,537,549],"floor_reached":16,"playtime":1500,"items_purged":[],"score":352,"play_id":"29ae4b33-c11b-4bf6-a787-4f0395504d90","local_time":"20181205122716","is_ascension_mode":true,"campfire_choices":[{"data":"Flying Knee","floor":7,"key":"SMITH"},{"floor":15,"key":"REST"}],"neow_cost":"NONE","seed_source_timestamp":506700028315846,"circlet_count":0,"master_deck":["AscendersBane","Defend_G","Defend_G","Defend_G","Defend_G","Strike_G+1","Strike_G","Strike_G","Strike_G","Strike_G","Survivor","Neutralize+1","PiercingWail","Flying Knee+1","Acrobatics","Dash","Poisoned Stab","Caltrops","Deadly Poison"],"relics":["Ring of the Snake","NeowsBlessing","Golden Idol","Happy Flower","Gambling Chip","Matryoshka","MawBank","Tiny Chest","Art of War","Pen Nib"],"potions_floor_usage":[14,14],"damage_taken":[{"damage":0,"enemies":"Jaw Worm","floor":1,"turns":1},{"damage":0,"enemies":"3 Sentries","floor":6,"turns":1},{"damage":0,"enemies":"Gremlin Nob","floor":8,"turns":1},{"damage":0,"enemies":"Small Slimes","floor":10,"turns":3},{"damage":20,"enemies":"Lagavulin","floor":11,"turns":7},{"damage":0,"enemies":"2 Louse","floor":12,"turns":2},{"damage":0,"enemies":"Gremlin Nob","floor":14,"turns":3},{"damage":22,"enemies":"The Guardian","floor":16,"turns":2}],"seed_played":"-6471384740917882393","potions_obtained":[{"floor":11,"key":"Strength Potion"},{"floor":12,"key":"SkillPotion"},{"floor":14,"key":"SteroidPotion"}],"is_trial":false,"path_per_floor":["M","?","?","?","?","E","R","E","T","M","E","M","T","E","R","B"],"character_chosen":"THE_SILENT","items_purchased":[],"campfire_rested":1,"item_purchase_floors":[],"current_hp_per_floor":[59,52,32,21,21,21,21,21,21,21,1,1,1,1,19,0],"gold":549,"neow_bonus":"THREE_ENEMY_KILL","is_prod":false,"is_daily":false,"chose_seed":false,"campfire_upgraded":1,"win_rate":0,"timestamp":1544041636,"path_taken":["M","?","?","?","?","E","R","E","T","M","E","?","?","E","R","BOSS"],"build_version":"2018-11-15","purchased_purges":0,"victory":false,"max_hp_per_floor":[66,66,66,66,60,60,60,60,60,60,60,60,60,60,60,60],"card_choices":[{"not_picked":["PiercingWail","Underhanded Strike","Choke"],"picked":"SKIP","floor":1},{"not_picked":["Underhanded Strike","Choke"],"picked":"PiercingWail","floor":1},{"not_picked":["Concentrate","Deflect"],"picked":"Flying Knee","floor":6},{"not_picked":["Phantasmal Killer","Masterful Stab"],"picked":"Acrobatics","floor":8},{"not_picked":["Distraction","Accuracy"],"picked":"Dash","floor":10},{"not_picked":["Backflip","Terror"],"picked":"Poisoned Stab","floor":11},{"not_picked":["A Thousand Cuts","Quick Slash"],"picked":"Caltrops","floor":12},{"not_picked":["Distraction","Infinite Blades"],"picked":"Deadly Poison","floor":14}],"player_experience":981675,"relics_obtained":[{"floor":6,"key":"Happy Flower"},{"floor":8,"key":"Gambling Chip"},{"floor":9,"key":"Matryoshka"},{"floor":11,"key":"MawBank"},{"floor":13,"key":"Tiny Chest"},{"floor":13,"key":"Art of War"},{"floor":14,"key":"Pen Nib"}],"event_choices":[{"cards_removed":["Defend_G"],"damage_healed":0,"gold_gain":0,"player_choice":"Card Removal","damage_taken":7,"max_hp_gain":0,"max_hp_loss":0,"event_name":"Golden Wing","floor":2,"gold_loss":0},{"damage_healed":0,"gold_gain":0,"player_choice":"Entered Light","damage_taken":20,"max_hp_gain":0,"max_hp_loss":0,"event_name":"Shining Light","floor":3,"gold_loss":0,"cards_upgraded":["Strike_G","Neutralize"]},{"damage_healed":0,"gold_gain":75,"player_choice":"Gather Gold","damage_taken":11,"max_hp_gain":0,"max_hp_loss":0,"event_name":"World of Goop","floor":4,"gold_loss":0},{"damage_healed":0,"gold_gain":0,"player_choice":"Lose Max HP","damage_taken":0,"relics_obtained":["Golden Idol"],"max_hp_gain":0,"max_hp_loss":6,"event_name":"Golden Idol","floor":5,"gold_loss":0}],"is_beta":false,"boss_relics":[],"items_purged_floors":[],"is_endless":false,"potions_floor_spawned":[11,12,14],"killed_by":"The Guardian","ascension_level":15}