{"path_per_floor":["M","?","?","M","?","E","M","E","T","$","M","R","M","?","R"],"character_chosen":"THE_SILENT","items_purchased":["Calculated Gamble"],"gold_per_floor":[112,112,82,98,98,131,155,198,198,41,59,59,73,73,73],"floor_reached":16,"campfire_rested":2,"playtime":598,"current_hp_per_floor":[69,62,62,61,61,37,25,19,19,19,11,32,13,13,34],"items_purged":["Injury"],"gold":73,"score":132,"play_id":"f462cc33-fed5-4d7a-8b7e-c70bcd236d0e","is_prod":false,"is_daily":false,"is_ascension_mode":true,"campfire_upgraded":0,"path_taken":["M","?","?","?","?","E","M","E","T","$","M","R","?","?","R","BOSS"],"build_version":"2018-02-12-PROD1","purchased_purges":1,"victory":false,"master_deck":["Defend_G","Defend_G","Defend_G","Defend_G","Defend_G","Strike_G","Strike_G","Strike_G","Strike_G","Survivor","Neutralize","Dagger Throw","Noxious Fumes","Dagger Throw","Endless Agony","Dagger Throw","Prepared+1","Calculated Gamble","PiercingWail","Acrobatics"],"max_hp_per_floor":[70,70,70,70,70,70,70,70,70,70,70,70,70,70,70],"relics":["Ring of the Snake","Golden Idol","Bottled Lightning","Letter Opener","Peace Pipe"],"card_choices":[{"not_picked":["Heel Hook","Deflect"],"picked":"Dagger Throw"},{"not_picked":["Slice","Poisoned Stab"],"picked":"Noxious Fumes"},{"not_picked":["PiercingWail","Crippling Poison"],"picked":"Dagger Throw"},{"not_picked":["Eviscerate","Poisoned Stab"],"picked":"Endless Agony"},{"not_picked":["PiercingWail","Leg Sweep"],"picked":"Dagger Throw"},{"not_picked":["Flechettes","Endless Agony"],"picked":"Prepared"},{"not_picked":["Outmaneuver","Choke"],"picked":"PiercingWail"},{"not_picked":["Dagger Spray","Slice"],"picked":"Acrobatics"}],"player_experience":115245,"potions_floor_usage":[8,8,8,13,16],"damage_taken":[{"damage":1,"enemies":"Cultist","floor":1,"turns":3},{"damage":1,"enemies":"Jaw Worm","floor":4,"turns":4},{"damage":24,"enemies":"Gremlin Nob","floor":6,"turns":5},{"damage":12,"enemies":"Small Slimes","floor":7,"turns":4},{"damage":15,"enemies":"Lagavulin","floor":8,"turns":5},{"damage":8,"enemies":"3 Louse","floor":11,"turns":2},{"damage":19,"enemies":"Exordium Thugs","floor":13,"turns":6},{"damage":31,"enemies":"Slime Boss","floor":16,"turns":8}],"event_choices":[{"event_name":"Golden Wing","player_choice":"Card Removal","floor":2,"damage_taken":0},{"event_name":"The Woman in Blue","player_choice":"Bought 2 Potions","floor":3,"damage_taken":0},{"event_name":"Golden Idol","player_choice":"Take Wound","floor":5,"damage_taken":0},{"event_name":"Living Wall","player_choice":"Grow","floor":14,"damage_taken":0}],"boss_relics":[],"potions_floor_spawned":[1,11,13],"seed_played":"3244415903443864236","killed_by":"Slime Boss","ascension_level":4,"is_trial":false}