{"gold_per_floor":[114,124,135,100,115,115,150,168,246,281,281,281,300,4,4,76,76,91,103,113,113,13,48,14,14,14,47,47,97,126,139,139,216,216,229,239,114,114,7,7,39,39,39,65,65,27,53,53],"floor_reached":48,"playtime":1610,"items_purged":["Strike_R","Flex"],"score":1110,"play_id":"66293e39-6ae7-4982-9004-58b36dde599d","local_time":"20181023175909","is_ascension_mode":true,"campfire_choices":[{"data":"1","floor":6.0,"key":"LIFT"},{"data":"2","floor":12.0,"key":"LIFT"},{"floor":15.0,"key":"REST"},{"floor":25.0,"key":"REST"},{"data":"3","floor":32,"key":"LIFT"},{"data":"Double Tap","floor":40,"key":"SMITH"},{"floor":42,"key":"REST"}],"neow_cost":"PERCENT_DAMAGE","seed_source_timestamp":0,"circlet_count":0,"master_deck":["Bash","AscendersBane","Thunderclap","Twin Strike","Rampage","Double Tap","Infernal Blade","Warcry","Burning Pact","Armaments","Reaper","Cleave","Searing Blow+1","Ghostly Armor","Inflame","Uppercut","Perfected Strike","Battle Trance+1","True Grit","Demon Form","Clash","Pommel Strike","Hemokinesis","True Grit","Corruption","Pommel Strike","Dropkick","Double Tap+1","Heavy Blade+1","Spot Weakness","Metallicize","Spot Weakness","Disarm"],"special_seed":0,"relics":["Burning Blood","Girya","Pen Nib","Darkstone Periapt","Incense Burner","Blood Vial","Snecko Eye","Dream Catcher","Letter Opener","Art of War","Blue Candle","Pandora\u0027s Box","Oddly Smooth Stone","Bottled Lightning","Juzu Bracelet","Lantern","Nunchaku"],"potions_floor_usage":[30,31,36,41,48],"damage_taken":[{"damage":4.0,"enemies":"Small Slimes","floor":1.0,"turns":4.0},{"damage":15.0,"enemies":"Cultist","floor":2.0,"turns":5.0},{"damage":6.0,"enemies":"2 Louse","floor":3.0,"turns":2.0},{"damage":4.0,"enemies":"Large Slime","floor":5.0,"turns":4.0},{"damage":40.0,"enemies":"Lagavulin","floor":7.0,"turns":4.0},{"damage":20.0,"enemies":"3 Louse","floor":8.0,"turns":3.0},{"damage":3.0,"enemies":"3 Sentries","floor":10.0,"turns":7.0},{"damage":14.0,"enemies":"Red Slaver","floor":13.0,"turns":2.0},{"damage":33.0,"enemies":"The Guardian","floor":16.0,"turns":10.0},{"damage":12.0,"enemies":"2 Thieves","floor":18.0,"turns":3.0},{"damage":30.0,"enemies":"Shell Parasite","floor":19.0,"turns":3.0},{"damage":40.0,"enemies":"Cultist and Chosen","floor":20.0,"turns":6.0},{"damage":39.0,"enemies":"Book of Stabbing","floor":23.0,"turns":4.0},{"damage":0.0,"enemies":"Gremlin Leader","floor":27.0,"turns":4.0},{"damage":46,"enemies":"Slavers","floor":30,"turns":6},{"damage":22,"enemies":"Sentry and Sphere","floor":31,"turns":4},{"damage":49,"enemies":"Automaton","floor":33,"turns":8},{"damage":7,"enemies":"Orb Walker","floor":35,"turns":2},{"damage":25,"enemies":"3 Shapes","floor":36,"turns":4},{"damage":52,"enemies":"Nemesis","floor":41,"turns":5},{"damage":2,"enemies":"Giant Head","floor":44,"turns":5},{"damage":40,"enemies":"Reptomancer","floor":47,"turns":3},{"damage":27,"enemies":"Writhing Mass","floor":48,"turns":2}],"seed_played":"3069965314902330461","potions_obtained":[{"floor":1.0,"key":"Energy Potion"},{"floor":5.0,"key":"FairyPotion"},{"floor":8.0,"key":"EssenceOfSteel"},{"floor":16.0,"key":"Regen Potion"},{"floor":20.0,"key":"AttackPotion"},{"floor":23.0,"key":"SteroidPotion"},{"floor":31,"key":"Ancient Potion"},{"floor":33,"key":"AttackPotion"},{"floor":44,"key":"Weak Potion"},{"floor":47,"key":"Energy Potion"}],"is_trial":false,"path_per_floor":["M","M","M","?","M","R","E","M","T","E","?","R","M","$","R","B",null,"M","M","M","?","$","E","$","R","T","E","?","?","E","M","R","B",null,"M","M","$","?","?","R","E","R","T","E","?","$","E"],"character_chosen":"IRONCLAD","items_purchased":["Blood Vial","Armaments","Energy Potion","Inflame","Double Tap","AttackPotion","Spot Weakness"],"campfire_rested":3,"item_purchase_floors":[14,14,14,24,37,37,46],"current_hp_per_floor":[52,43,43,61,63,63,29,15,15,18,11,11,13,13,35,10,59,61,39,22,22,22,9,9,31,31,62,62,62,65,51,51,32,64,65,66,66,66,66,66,22,44,44,50,50,50,18,0],"gold":53,"neow_bonus":"ONE_RARE_RELIC","is_prod":false,"is_daily":false,"chose_seed":false,"campfire_upgraded":1,"win_rate":0,"timestamp":1540342749,"path_taken":["M","M","M","?","M","R","E","M","T","E","?","R","M","$","R","BOSS","M","?","M","?","?","E","$","R","T","E","?","?","E","?","R","BOSS","M","M","$","?","?","R","E","R","T","E","?","?","E","M"],"build_version":"2018-10-18","purchased_purges":2,"victory":false,"max_hp_per_floor":[75,75,75,75,75,75,75,75,75,75,75,75,75,75,75,75,75,75,75,75,75,75,75,75,75,75,75,75,75,75,75,75,75,75,75,75,75,75,75,75,75,75,75,75,75,75,75,75],"card_choices":[{"not_picked":["Corruption","Havoc"],"picked":"Flex","floor":1.0},{"not_picked":["Armaments","Perfected Strike"],"picked":"Thunderclap","floor":2.0},{"not_picked":["Perfected Strike","Anger"],"picked":"Twin Strike","floor":3.0},{"not_picked":["Sword Boomerang","Thunderclap"],"picked":"Rampage","floor":5.0},{"not_picked":["Spot Weakness","Power Through"],"picked":"Double Tap","floor":7.0},{"not_picked":["Heavy Blade","Clothesline"],"picked":"Infernal Blade","floor":8.0},{"not_picked":["Second Wind","Wild Strike"],"picked":"Warcry","floor":10.0},{"not_picked":["Clash","True Grit"],"picked":"Burning Pact","floor":13.0},{"not_picked":["Juggernaut","Exhume"],"picked":"Reaper","floor":16.0},{"not_picked":["Pummel","Dropkick","Havoc"],"picked":"SKIP","floor":18.0},{"not_picked":["True Grit","Fire Breathing"],"picked":"Cleave","floor":19.0},{"not_picked":["Cleave","Armaments"],"picked":"Searing Blow","floor":20.0},{"not_picked":["Clothesline","Wild Strike"],"picked":"Ghostly Armor","floor":23.0},{"not_picked":["Sentinel","Rage"],"picked":"Uppercut","floor":25.0},{"not_picked":["True Grit","Thunderclap+1"],"picked":"Perfected Strike","floor":27.0},{"not_picked":["Fire Breathing","Whirlwind"],"picked":"Battle Trance+1","floor":30},{"not_picked":["Body Slam","Barricade"],"picked":"True Grit","floor":31},{"not_picked":["Brutality","Fiend Fire"],"picked":"Demon Form","floor":33},{"not_picked":["Headbutt","Cleave"],"picked":"Pommel Strike","floor":35},{"not_picked":["Thunderclap","Rage"],"picked":"Dropkick","floor":36},{"not_picked":["Armaments","Berserk","Wild Strike"],"picked":"SKIP","floor":41},{"not_picked":["Shrug It Off","Sentinel"],"picked":"Heavy Blade+1","floor":42},{"not_picked":["Rampage","Sever Soul+1"],"picked":"Spot Weakness","floor":44},{"not_picked":["Battle Trance+1","Inflame"],"picked":"Disarm","floor":47}],"player_experience":625486,"relics_obtained":[{"floor":7.0,"key":"Pen Nib"},{"floor":9.0,"key":"Darkstone Periapt"},{"floor":10.0,"key":"Incense Burner"},{"floor":23.0,"key":"Dream Catcher"},{"floor":26.0,"key":"Letter Opener"},{"floor":27.0,"key":"Art of War"},{"floor":30,"key":"Blue Candle"},{"floor":41,"key":"Bottled Lightning"},{"floor":43,"key":"Juzu Bracelet"},{"floor":44,"key":"Lantern"},{"floor":47,"key":"Nunchaku"}],"event_choices":[{"damage_healed":18.0,"max_hp_gain":0.0,"max_hp_loss":0.0,"gold_gain":0.0,"event_name":"The Cleric","player_choice":"Healed","floor":4.0,"gold_loss":35.0,"damage_taken":0.0},{"cards_removed":["Strike_R"],"damage_healed":0.0,"max_hp_gain":0.0,"max_hp_loss":0.0,"gold_gain":0.0,"event_name":"Golden Wing","player_choice":"Card Removal","floor":11.0,"gold_loss":0.0,"damage_taken":7.0},{"damage_healed":0.0,"max_hp_gain":0.0,"max_hp_loss":0.0,"gold_gain":0.0,"event_name":"Upgrade Shrine","player_choice":"Upgraded","floor":21.0,"gold_loss":0.0,"damage_taken":0.0,"cards_upgraded":["Searing Blow"]},{"damage_healed":0.0,"max_hp_gain":0.0,"max_hp_loss":0.0,"gold_gain":0.0,"event_name":"Ghosts","player_choice":"Ignored","floor":28.0,"gold_loss":0.0,"damage_taken":0.0},{"damage_healed":0,"gold_gain":50,"player_choice":"Stole From Cult","damage_taken":0,"max_hp_gain":0,"max_hp_loss":0,"event_name":"Nest","floor":29,"gold_loss":0},{"cards_removed":["Body Slam"],"damage_healed":0,"gold_gain":0,"player_choice":"Removed Attack","damage_taken":0,"max_hp_gain":0,"max_hp_loss":0,"event_name":"Falling","floor":38,"gold_loss":0},{"damage_healed":0,"gold_gain":0,"player_choice":"Paid Gold","damage_taken":0,"relics_obtained":["Oddly Smooth Stone"],"max_hp_gain":0,"max_hp_loss":0,"event_name":"WeMeetAgain","floor":39,"gold_loss":107},{"damage_healed":0,"gold_gain":0,"cards_transformed":["Carnage"],"player_choice":"Transformed","damage_taken":0,"max_hp_gain":0,"max_hp_loss":0,"event_name":"Transmorgrifier","floor":45,"gold_loss":0,"cards_obtained":["Metallicize"]}],"is_beta":false,"boss_relics":[{"not_picked":["Coffee Dripper","Velvet Choker"],"picked":"Snecko Eye"},{"not_picked":["Fusion Hammer","Busted Crown"],"picked":"Pandora\u0027s Box"}],"items_purged_floors":[14,22],"is_endless":false,"potions_floor_spawned":[1,5,8,16,19,20,23,31,33,35,44,47],"killed_by":"Writhing Mass","ascension_level":15}