{"gold_per_floor":[109,109,123,123,123,158,158,170,170,170,213,69,90,90,90,216,216,237,256,256,171,86,86,126,139,139,139,162,162,181,280,280,404,467,492,175,175,85,106,147,147,161,213,213,55,79,93,106,106,106],"floor_reached":51,"playtime":3007,"items_purged":["Strike_R","Strike_R","True Grit"],"score":875,"play_id":"e299946b-5804-4258-9bfd-34f4d2c2abfc","local_time":"20190417024923","is_ascension_mode":true,"campfire_choices":[{"data":"Battle Trance","floor":7.0,"key":"SMITH"},{"data":"Flex","floor":15.0,"key":"SMITH"},{"data":"Shrug It Off","floor":23.0,"key":"SMITH"},{"data":"Searing Blow","floor":27.0,"key":"SMITH"},{"floor":32.0,"key":"REST"},{"data":"Searing Blow+2","floor":41.0,"key":"SMITH"},{"data":"Heavy Blade","floor":44.0,"key":"SMITH"},{"floor":49,"key":"REST"}],"neow_cost":"NONE","seed_source_timestamp":2244479655815,"circlet_count":0,"master_deck":["Defend_R","Defend_R+1","Defend_R+1","Defend_R","Bash+1","Heavy Blade+1","Battle Trance+1","Corruption","Twin Strike","Flex+1","Pommel Strike","Thunderclap","Pummel","Shrug It Off+1","Feel No Pain","Searing Blow+3","Disarm","Fiend Fire","Flex+1","Purity","Inflame+1","Shrug It Off","Sword Boomerang","Clash+1","Demon Form","Intimidate+1"],"special_seed":0,"relics":["Burning Blood","NeowsBlessing","Unceasing Top","Charon\u0027s Ashes","Pear","Golden Idol","Oddly Smooth Stone","Velvet Choker","Prayer Wheel","Mummified Hand","The Courier","Tiny House","HandDrill","Kunai","Bag of Marbles"],"potions_floor_usage":[48,50],"damage_taken":[{"damage":0.0,"enemies":"Jaw Worm","floor":1.0,"turns":1.0},{"damage":0.0,"enemies":"Small Slimes","floor":3.0,"turns":1.0},{"damage":0.0,"enemies":"Gremlin Nob","floor":6.0,"turns":1.0},{"damage":0.0,"enemies":"Cultist","floor":8.0,"turns":3.0},{"damage":17.0,"enemies":"3 Sentries","floor":11.0,"turns":8.0},{"damage":15.0,"enemies":"3 Louse","floor":13.0,"turns":3.0},{"damage":15.0,"enemies":"Slime Boss","floor":16.0,"turns":7.0},{"damage":28.0,"enemies":"Shell Parasite","floor":18.0,"turns":5.0},{"damage":0.0,"enemies":"Spheric Guardian","floor":19.0,"turns":3.0},{"damage":28.0,"enemies":"Book of Stabbing","floor":24.0,"turns":6.0},{"damage":9.0,"enemies":"Centurion and Healer","floor":25.0,"turns":5.0},{"damage":22.0,"enemies":"3 Cultists","floor":28.0,"turns":6.0},{"damage":21.0,"enemies":"Sentry and Sphere","floor":30.0,"turns":7.0},{"damage":28.0,"enemies":"Collector","floor":33.0,"turns":7.0},{"damage":12.0,"enemies":"Orb Walker","floor":35.0,"turns":5.0},{"damage":6.0,"enemies":"3 Darklings","floor":39.0,"turns":4.0},{"damage":44.0,"enemies":"Giant Head","floor":40.0,"turns":7.0},{"damage":16.0,"enemies":"Transient","floor":42.0,"turns":5.0},{"damage":6.0,"enemies":"Spire Growth","floor":46.0,"turns":3.0},{"damage":19,"enemies":"Sphere and 2 Shapes","floor":47,"turns":4},{"damage":0,"enemies":"Jaw Worm Horde","floor":48,"turns":2},{"damage":39,"enemies":"Time Eater","floor":50,"turns":6}],"seed_played":"-8418087945398125233","potions_obtained":[{"floor":6.0,"key":"Regen Potion"},{"floor":11.0,"key":"BloodPotion"},{"floor":16.0,"key":"Poison Potion"},{"floor":18.0,"key":"Block Potion"},{"floor":24.0,"key":"Block Potion"},{"floor":25.0,"key":"Regen Potion"},{"floor":30.0,"key":"FearPotion"},{"floor":34.0,"key":"BloodPotion"},{"floor":35.0,"key":"SkillPotion"},{"floor":40.0,"key":"EntropicBrew"},{"floor":47,"key":"AttackPotion"},{"floor":48,"key":"LiquidBronze"}],"is_trial":false,"path_per_floor":["M","?","M","?","?","E","R","M","T","?","E","$","M","?","R","B",null,"M","M","?","?","$","R","E","M","T","R","M","?","M","?","R","B",null,"M","$","?","?","M","E","R","M","T","R","$","M","M","M","R","B",null],"character_chosen":"IRONCLAD","items_purchased":["Flex","Pommel Strike","Shrug It Off","Feel No Pain","Purity","HandDrill","GamblersBrew"],"campfire_rested":2,"item_purchase_floors":[12,12,22,22,36,36,45],"current_hp_per_floor":[80,64,70,45,37,43,43,49,59,59,48,48,39,39,39,42,73,51,57,57,57,57,57,35,32,32,32,38,38,23,23,47,25,74,68,68,68,68,68,38,38,28,28,28,28,28,15,21,47,14],"gold":106,"neow_bonus":"THREE_ENEMY_KILL","is_prod":false,"is_daily":false,"chose_seed":false,"campfire_upgraded":6,"win_rate":0,"timestamp":1555440563,"path_taken":["M","?","M","?","?","E","R","?","T","?","E","?","M","?","R","BOSS","M","M","?","?","$","R","E","M","T","R","M","?","M","?","R","BOSS","M","$","?","?","M","E","R","M","T","R","$","?","M","M","R","BOSS"],"build_version":"2019-01-23","purchased_purges":3,"victory":true,"max_hp_per_floor":[80,80,80,80,80,80,80,80,90,83,83,83,83,83,83,83,83,83,83,83,83,83,83,83,83,83,83,83,83,83,83,83,83,88,88,88,88,88,88,88,88,88,88,88,88,88,88,88,88,88],"card_choices":[{"not_picked":["Armaments","Intimidate","Carnage"],"picked":"SKIP","floor":1.0},{"not_picked":["Clothesline","Flex"],"picked":"Heavy Blade","floor":3.0},{"not_picked":["Headbutt","Havoc"],"picked":"Battle Trance","floor":6.0},{"not_picked":["Sword Boomerang","Twin Strike"],"picked":"Corruption","floor":8.0},{"not_picked":["Juggernaut","Warcry"],"picked":"Twin Strike","floor":11.0},{"not_picked":["Whirlwind","Iron Wave"],"picked":"Thunderclap","floor":13.0},{"not_picked":["Havoc","Shockwave"],"picked":"True Grit","floor":18.0},{"not_picked":["Armaments","Clothesline+1"],"picked":"Pummel","floor":19.0},{"not_picked":["Clothesline","Uppercut","Havoc"],"picked":"SKIP","floor":24.0},{"not_picked":["Dual Wield","Havoc"],"picked":"Searing Blow","floor":25.0},{"not_picked":["Clothesline","True Grit+1","Fiend Fire"],"picked":"SKIP","floor":25.0},{"not_picked":["Second Wind","Whirlwind","Thunderclap+1"],"picked":"SKIP","floor":28.0},{"not_picked":["Armaments","Intimidate","Evolve"],"picked":"SKIP","floor":28.0},{"not_picked":["Feel No Pain","Clothesline"],"picked":"Disarm","floor":30.0},{"not_picked":["Dropkick","Anger","Clothesline"],"picked":"SKIP","floor":30.0},{"not_picked":["Offering","Double Tap"],"picked":"Fiend Fire","floor":33.0},{"not_picked":["Rupture+1","Rage+1"],"picked":"Flex+1","floor":35.0},{"not_picked":["Infernal Blade+1","Rage","Wild Strike"],"picked":"SKIP","floor":35.0},{"not_picked":["Shockwave+1","Reckless Charge+1"],"picked":"Inflame+1","floor":39.0},{"not_picked":["Searing Blow+1","Clothesline+1"],"picked":"Shrug It Off","floor":39.0},{"not_picked":["Pummel","Perfected Strike+1","Barricade"],"picked":"SKIP","floor":40.0},{"not_picked":["Clothesline","Wild Strike"],"picked":"Sword Boomerang","floor":42.0},{"not_picked":["Anger+1","Cleave+1","Dual Wield"],"picked":"SKIP","floor":42.0},{"not_picked":["Sword Boomerang","Metallicize"],"picked":"Clash+1","floor":46.0},{"not_picked":["Bloodletting+1","Iron Wave+1","Second Wind+1"],"picked":"SKIP","floor":46.0},{"not_picked":["Whirlwind+1","Wild Strike"],"picked":"Demon Form","floor":47},{"not_picked":["Headbutt+1","Warcry","Flame Barrier"],"picked":"SKIP","floor":47},{"not_picked":["Intimidate+1","Wild Strike","Anger"],"picked":"SKIP","floor":48},{"not_picked":["Intimidate","True Grit+1","Cleave"],"picked":"SKIP","floor":48},{"not_picked":["Wild Strike","Anger"],"picked":"Intimidate+1","floor":48},{"not_picked":["Intimidate","True Grit+1","Cleave"],"picked":"SKIP","floor":48}],"player_experience":131207,"relics_obtained":[{"floor":6.0,"key":"Charon\u0027s Ashes"},{"floor":9.0,"key":"Pear"},{"floor":11.0,"key":"Oddly Smooth Stone"},{"floor":24.0,"key":"Mummified Hand"},{"floor":26.0,"key":"The Courier"},{"floor":40.0,"key":"Kunai"},{"floor":43.0,"key":"Bag of Marbles"}],"event_choices":[{"damage_healed":0.0,"max_hp_gain":0.0,"max_hp_loss":0.0,"gold_gain":0.0,"event_name":"Shining Light","player_choice":"Entered Light","floor":2.0,"gold_loss":0.0,"damage_taken":16.0,"cards_upgraded":["Defend_R","Bash"]},{"damage_healed":0.0,"max_hp_gain":0.0,"max_hp_loss":0.0,"gold_gain":0.0,"event_name":"Scrap Ooze","player_choice":"Success","floor":4.0,"gold_loss":0.0,"damage_taken":25.0,"relics_obtained":["Unceasing Top"]},{"damage_healed":0.0,"max_hp_gain":0.0,"max_hp_loss":0.0,"gold_gain":0.0,"event_name":"Wheel of Change","player_choice":"Damaged","floor":5.0,"gold_loss":0.0,"damage_taken":8.0},{"damage_healed":0.0,"max_hp_gain":0.0,"max_hp_loss":7.0,"gold_gain":0.0,"event_name":"Golden Idol","player_choice":"Lose Max HP","floor":10.0,"gold_loss":0.0,"damage_taken":0.0,"relics_obtained":["Golden Idol"]},{"cards_removed":["Strike_R"],"damage_healed":0.0,"max_hp_gain":0.0,"max_hp_loss":0.0,"gold_gain":0.0,"event_name":"Living Wall","player_choice":"Forget","floor":14.0,"gold_loss":0.0,"damage_taken":0.0},{"damage_healed":0.0,"max_hp_gain":0.0,"max_hp_loss":0.0,"gold_gain":0.0,"event_name":"Vampires","player_choice":"Ignored","floor":20.0,"gold_loss":0.0,"damage_taken":0.0},{"damage_healed":0.0,"max_hp_gain":0.0,"max_hp_loss":0.0,"gold_gain":0.0,"event_name":"Addict","player_choice":"Obtained Relic","floor":21.0,"gold_loss":85.0,"damage_taken":0.0,"relics_obtained":["Prayer Wheel"]},{"cards_removed":["Strike_R"],"damage_healed":0.0,"max_hp_gain":0.0,"max_hp_loss":0.0,"gold_gain":0.0,"event_name":"Back to Basics","player_choice":"Elegance","floor":29.0,"gold_loss":0.0,"damage_taken":0.0},{"damage_healed":0.0,"max_hp_gain":0.0,"max_hp_loss":0.0,"gold_gain":99.0,"event_name":"Nest","player_choice":"Stole From Cult","floor":31.0,"gold_loss":0.0,"damage_taken":0.0},{"damage_healed":0.0,"max_hp_gain":0.0,"max_hp_loss":0.0,"gold_gain":0.0,"event_name":"Tomb of Lord Red Mask","player_choice":"Ignored","floor":37.0,"gold_loss":0.0,"damage_taken":0.0},{"cards_removed":["Strike_R"],"damage_healed":0.0,"max_hp_gain":0.0,"max_hp_loss":0.0,"gold_gain":0.0,"event_name":"Designer","player_choice":"Upgrade and Remove","floor":38.0,"gold_loss":90.0,"damage_taken":0.0,"cards_upgraded":["Searing Blow"]}],"is_beta":false,"boss_relics":[{"not_picked":["Fusion Hammer","Runic Dome"],"picked":"Velvet Choker"},{"not_picked":["Cursed Key","White Beast Statue"],"picked":"Tiny House"}],"items_purged_floors":[12,36,45],"is_endless":false,"potions_floor_spawned":[6,11,16,18,24,25,30,35,40,47,48],"ascension_level":5}