{"gold_per_floor":[16,91,102,120,140,140,171,183,195,232,262,307,319,331,343,453,465,496,525,103,115,127,127],"floor_reached":23,"playtime":2610,"items_purged":["Strike_B"],"score":341,"play_id":"c754fcf0-5d83-4101-8dc3-9ca7cc55c0cd","local_time":"20190401172813","is_ascension_mode":true,"campfire_choices":[{"data":"Zap","floor":6,"key":"SMITH"},{"data":"Self Repair","floor":8,"key":"SMITH"},{"data":"Conserve Battery","floor":15,"key":"SMITH"}],"neow_cost":"NO_GOLD","seed_source_timestamp":0,"circlet_count":0,"master_deck":["AscendersBane","Strike_B","Strike_B","Strike_B","Defend_B","Defend_B+1","Defend_B","Defend_B","Zap+1","Dualcast+1","Self Repair+1","Capacitor","Conserve Battery+1","Double Energy","BootSequence","Cold Snap","Self Repair","Tempest","Biased Cognition","Chill","Storm","Compile Driver","Undo"],"special_seed":0,"relics":["Cracked Core","Incense Burner","MawBank","Strawberry","Bottled Tornado","War Paint","Pantograph","Philosopher\u0027s Stone","Sling","Vajra"],"potions_floor_usage":[4,5,7,21],"damage_taken":[{"damage":0.0,"enemies":"2 Louse","floor":1.0,"turns":2.0},{"damage":1,"enemies":"Cultist","floor":3,"turns":4},{"damage":0,"enemies":"Jaw Worm","floor":4,"turns":4},{"damage":0,"enemies":"2 Fungi Beasts","floor":5,"turns":3},{"damage":36,"enemies":"Gremlin Nob","floor":7,"turns":5},{"damage":33,"enemies":"Lagavulin","floor":10,"turns":10},{"damage":1,"enemies":"Looter","floor":11,"turns":3},{"damage":31,"enemies":"3 Sentries","floor":12,"turns":10},{"damage":45,"enemies":"Hexaghost","floor":16,"turns":13},{"damage":14,"enemies":"Shell Parasite","floor":18,"turns":7},{"damage":12,"enemies":"Spheric Guardian","floor":19,"turns":3},{"damage":17,"enemies":"Centurion and Healer","floor":21,"turns":9},{"damage":18,"enemies":"Chosen and Byrds","floor":22,"turns":6},{"damage":85,"enemies":"Gremlin Leader","floor":23,"turns":4}],"seed_played":"-1488457492252140854","potions_obtained":[{"floor":1,"key":"SteroidPotion"},{"floor":3,"key":"EssenceOfSteel"},{"floor":4,"key":"AttackPotion"},{"floor":18,"key":"Regen Potion"}],"is_trial":false,"path_per_floor":["M","?","M","M","M","R","E","R","T","E","M","E","$","T","R","B",null,"M","M","$","M","M","E"],"character_chosen":"DEFECT","items_purchased":["Sling","Vajra"],"campfire_rested":0,"item_purchase_floors":[20,20],"current_hp_per_floor":[68,61,67,74,75,75,46,46,53,30,39,25,25,25,25,22,67,70,58,58,73,72,0],"gold":127,"neow_bonus":"ONE_RARE_RELIC","is_prod":false,"is_daily":false,"chose_seed":false,"campfire_upgraded":3,"win_rate":0,"timestamp":1554136093,"path_taken":["M","?","M","?","M","R","E","R","T","E","M","E","$","?","R","BOSS","M","M","$","M","M","E"],"build_version":"2019-01-23","purchased_purges":1,"victory":false,"max_hp_per_floor":[75,75,75,75,75,75,75,75,82,82,82,82,82,82,82,82,82,82,82,82,82,82,82],"card_choices":[{"not_picked":["Reinforced Body","Streamline"],"picked":"Self Repair","floor":1},{"not_picked":["Barrage","Gash"],"picked":"Capacitor","floor":3},{"not_picked":["Turbo","Darkness"],"picked":"Conserve Battery","floor":4},{"not_picked":["Conserve Battery","Beam Cell"],"picked":"Double Energy","floor":5},{"not_picked":["Doom and Gloom","Beam Cell"],"picked":"BootSequence","floor":7},{"not_picked":["Gash","Beam Cell"],"picked":"Cold Snap","floor":10},{"not_picked":["BootSequence","Hologram"],"picked":"Self Repair","floor":11},{"not_picked":["Amplify","Hello World"],"picked":"Tempest","floor":12},{"not_picked":["Fission","Amplify"],"picked":"Biased Cognition","floor":16},{"not_picked":["Auto Shields","Gash"],"picked":"Chill","floor":18},{"not_picked":["Reinforced Body","Conserve Battery"],"picked":"Storm","floor":19},{"not_picked":["Conserve Battery","Leap"],"picked":"Compile Driver","floor":21},{"not_picked":["Fission","Rebound"],"picked":"Undo","floor":22}],"player_experience":855768,"relics_obtained":[{"floor":7,"key":"MawBank"},{"floor":9,"key":"Strawberry"},{"floor":10,"key":"Bottled Tornado"},{"floor":12,"key":"War Paint"},{"floor":14,"key":"Pantograph"}],"event_choices":[{"damage_healed":0,"gold_gain":75,"player_choice":"Touch","damage_taken":7,"max_hp_gain":0,"max_hp_loss":0,"event_name":"FaceTrader","floor":2,"gold_loss":0}],"is_beta":false,"boss_relics":[{"not_picked":["Calling Bell","Runic Pyramid"],"picked":"Philosopher\u0027s Stone"}],"items_purged_floors":[20],"is_endless":false,"potions_floor_spawned":[1,3,4,18],"killed_by":"Gremlin Leader","ascension_level":12}