{"gold_per_floor":[111,111,111,111,127,127,161,173,196,196,210,235,235,246,246,320,320,334,59,71,71,91,91,120,120,120,137,148,148,148,182,182,255,255,272,272,282,16,35,68,68,102,129,129,44,44],"floor_reached":46,"playtime":4466,"items_purged":["Strike_B"],"score":1102,"play_id":"adafad48-cda7-487e-b682-19e5d3d4f80c","local_time":"20190404221239","is_ascension_mode":true,"campfire_choices":[{"data":"Go for the Eyes","floor":6.0,"key":"SMITH"},{"data":"Cold Snap","floor":10.0,"key":"SMITH"},{"data":"Buffer","floor":13.0,"key":"SMITH"},{"data":"Loop","floor":15.0,"key":"SMITH"},{"data":"Machine Learning","floor":23.0,"key":"SMITH"},{"data":"Recycle","floor":25.0,"key":"SMITH"},{"data":"Hologram","floor":29.0,"key":"SMITH"},{"data":"Hologram","floor":32.0,"key":"SMITH"},{"floor":41,"key":"REST"},{"floor":44,"key":"RECALL"}],"neow_cost":"NONE","seed_source_timestamp":1048204165811554,"circlet_count":0,"master_deck":["AscendersBane","Strike_B","Strike_B","Strike_B","Defend_B+1","Defend_B","Defend_B+1","Defend_B","Zap+1","Dualcast+1","All For One","Gash","Go for the Eyes+1","Cold Snap+1","Seek","Loop+1","Buffer+1","Recycle+1","Machine Learning+1","Coolheaded","Coolheaded","Gash","Turbo","Hologram+1","Hologram+1","Seek","Turbo+1","Gash","Panache","Hologram","Echo Form","Coolheaded+1","Self Repair"],"special_seed":0,"relics":["Cracked Core","War Paint","Boot","Girya","Inserter","Kunai","Gremlin Horn","Potion Belt","Question Card","Incense Burner","Philosopher\u0027s Stone","Bronze Scales","Happy Flower"],"potions_floor_usage":[40],"damage_taken":[{"damage":13.0,"enemies":"Small Slimes","floor":1.0,"turns":4.0},{"damage":5.0,"enemies":"2 Louse","floor":5.0,"turns":3.0},{"damage":15.0,"enemies":"Lagavulin","floor":7.0,"turns":6.0},{"damage":0.0,"enemies":"Cultist","floor":8.0,"turns":3.0},{"damage":1.0,"enemies":"Red Slaver","floor":11.0,"turns":2.0},{"damage":8.0,"enemies":"3 Sentries","floor":12.0,"turns":5.0},{"damage":0.0,"enemies":"2 Fungi Beasts","floor":14.0,"turns":2.0},{"damage":7.0,"enemies":"The Guardian","floor":16.0,"turns":14.0},{"damage":0.0,"enemies":"Chosen","floor":18.0,"turns":5.0},{"damage":9.0,"enemies":"3 Byrds","floor":20.0,"turns":6.0},{"damage":7.0,"enemies":"Snecko","floor":22.0,"turns":7.0},{"damage":20.0,"enemies":"Gremlin Leader","floor":24.0,"turns":6.0},{"damage":11.0,"enemies":"Shelled Parasite and Fungi","floor":27.0,"turns":6.0},{"damage":3.0,"enemies":"Sentry and Sphere","floor":28.0,"turns":6.0},{"damage":25.0,"enemies":"Book of Stabbing","floor":31.0,"turns":6.0},{"damage":6.0,"enemies":"Automaton","floor":33.0,"turns":11.0},{"damage":21,"enemies":"3 Darklings","floor":35,"turns":6},{"damage":0,"enemies":"3 Shapes","floor":37,"turns":8},{"damage":0,"enemies":"Maw","floor":39,"turns":7},{"damage":31,"enemies":"Reptomancer","floor":40,"turns":4},{"damage":0,"enemies":"Giant Head","floor":42,"turns":7},{"damage":39,"enemies":"Jaw Worm Horde","floor":46,"turns":3}],"seed_played":"-3048738536814917220","potions_obtained":[{"floor":7.0,"key":"FairyPotion"},{"floor":8.0,"key":"PowerPotion"},{"floor":16.0,"key":"Regen Potion"},{"floor":20.0,"key":"SteroidPotion"},{"floor":22.0,"key":"PowerPotion"},{"floor":24.0,"key":"Poison Potion"},{"floor":28.0,"key":"Explosive Potion"},{"floor":35,"key":"FearPotion"},{"floor":42,"key":"Explosive Potion"}],"is_trial":false,"path_per_floor":["M","?","?","?","M","R","E","M","T","R","M","E","R","M","R","B",null,"M","$","M","T","M","R","E","R","T","M","M","R","?","E","R","B",null,"M","?","M","$","M","E","R","E","T","R","$","M"],"character_chosen":"DEFECT","items_purchased":["Kunai","Panache","Self Repair"],"campfire_rested":1,"item_purchase_floors":[19,38,45],"current_hp_per_floor":[51,56,56,56,51,51,36,36,36,36,35,27,27,27,27,20,62,62,62,53,53,46,46,41,41,41,30,27,27,76,51,51,45,68,47,47,47,47,47,16,38,38,38,38,38,0],"gold":44,"neow_bonus":"ONE_RANDOM_RARE_CARD","is_prod":false,"is_daily":false,"chose_seed":false,"campfire_upgraded":8,"win_rate":0,"timestamp":1554437559,"path_taken":["M","?","?","?","M","R","E","M","T","R","?","E","R","M","R","BOSS","M","$","M","?","M","R","E","R","T","M","M","R","?","E","R","BOSS","M","?","?","$","M","E","R","E","T","R","$","M"],"build_version":"2019-03-15","purchased_purges":1,"victory":false,"max_hp_per_floor":[71,76,76,76,76,76,76,76,76,76,76,76,76,76,76,76,76,76,76,76,76,76,76,76,76,76,76,76,76,76,76,76,76,76,76,76,76,76,76,76,76,76,76,76,76,76],"card_choices":[{"not_picked":["Capacitor","White Noise"],"picked":"Gash","floor":1.0},{"not_picked":["Cold Snap","Barrage"],"picked":"Go for the Eyes","floor":5.0},{"not_picked":["Go for the Eyes","Barrage"],"picked":"Cold Snap","floor":7.0},{"not_picked":["Cold Snap","Sunder"],"picked":"Seek","floor":8.0},{"not_picked":["Steam Power","Ball Lightning"],"picked":"Loop","floor":11.0},{"not_picked":["Stack","Beam Cell"],"picked":"Buffer","floor":12.0},{"not_picked":["Go for the Eyes","Beam Cell"],"picked":"Recycle","floor":14.0},{"not_picked":["Hyperbeam","Fission"],"picked":"Machine Learning","floor":16.0},{"not_picked":["Stack","Streamline"],"picked":"Coolheaded","floor":18.0},{"not_picked":["Rebound","Stack"],"picked":"Undo","floor":20.0},{"not_picked":["Barrage","Steam"],"picked":"Coolheaded","floor":22.0},{"not_picked":["Auto Shields","Rip and Tear"],"picked":"Gash","floor":24.0},{"not_picked":["Lockon","Chill","FTL"],"picked":"Turbo","floor":27.0},{"not_picked":["Melter+1","Conserve Battery","Rainbow"],"picked":"Hologram","floor":28.0},{"not_picked":["Sunder","Double Energy","Chill"],"picked":"Hologram","floor":31.0},{"not_picked":["Fission","Hyperbeam","Thunder Strike"],"picked":"Seek","floor":33.0},{"not_picked":["Coolheaded+1","Rebound","Cold Snap+1"],"picked":"Turbo+1","floor":35},{"not_picked":["Recycle","BootSequence+1","Leap"],"picked":"Gash","floor":37},{"not_picked":["Capacitor","Thunder Strike","Rebound"],"picked":"Hologram","floor":39},{"not_picked":["Ball Lightning","Coolheaded+1","Beam Cell"],"picked":"Echo Form","floor":40},{"not_picked":["Ball Lightning","Static Discharge","Hologram"],"picked":"Coolheaded+1","floor":42}],"player_experience":2750565,"relics_obtained":[{"floor":7.0,"key":"War Paint"},{"floor":9.0,"key":"Boot"},{"floor":12.0,"key":"Girya"},{"floor":21.0,"key":"Gremlin Horn"},{"floor":24.0,"key":"Potion Belt"},{"floor":26.0,"key":"Question Card"},{"floor":31.0,"key":"Incense Burner"},{"floor":40,"key":"Bronze Scales"},{"floor":42,"key":"Happy Flower"}],"event_choices":[{"damage_healed":0.0,"max_hp_gain":5.0,"max_hp_loss":0.0,"gold_gain":0.0,"event_name":"Big Fish","player_choice":"Donut","floor":2.0,"gold_loss":0.0,"damage_taken":0.0},{"damage_healed":0.0,"max_hp_gain":0.0,"max_hp_loss":0.0,"gold_gain":0.0,"event_name":"Living Wall","player_choice":"Grow","floor":3.0,"gold_loss":0.0,"damage_taken":0.0,"cards_upgraded":["Zap"]},{"damage_healed":0.0,"max_hp_gain":0.0,"max_hp_loss":0.0,"gold_gain":0.0,"event_name":"Accursed Blacksmith","player_choice":"Forge","floor":4.0,"gold_loss":0.0,"damage_taken":0.0,"cards_upgraded":["Dualcast"]},{"cards_removed":["Undo"],"damage_healed":49.0,"max_hp_gain":0.0,"max_hp_loss":0.0,"gold_gain":0.0,"event_name":"Bonfire Elementals","player_choice":"Offered Uncommon","floor":30.0,"gold_loss":0.0,"damage_taken":0.0},{"damage_healed":0,"gold_gain":0,"player_choice":"Ignored","damage_taken":0,"max_hp_gain":0,"max_hp_loss":0,"event_name":"SecretPortal","floor":36,"gold_loss":0}],"is_beta":true,"boss_relics":[{"not_picked":["FrozenCore","Orrery"],"picked":"Inserter"},{"not_picked":["Lizard Tail","Velvet Choker"],"picked":"Philosopher\u0027s Stone"}],"items_purged_floors":[38],"is_endless":false,"potions_floor_spawned":[7,8,16,20,22,24,28,35,42],"killed_by":"Jaw Worm Horde","ascension_level":20}