{"path_per_floor":["M","M","?","?","$","R","E","R","T","M","M","M","?","?","R","B",null,"M","M","?","?","?","E","R","E","T","M","$","T","M","M","R","B",null,"M","M","?","?","M","R","E","R","T","?","E","?","$","E","R","B"],"character_chosen":"THE_SILENT","items_purchased":["Poison Potion","Bird Faced Urn","Noxious Fumes","Dramatic Entrance","Blur","Gremlin Horn","Ornamental Fan","Well Laid Plans"],"gold_per_floor":[118,136,136,136,10,10,49,49,76,96,110,123,298,368,368,496,496,520,545,545,460,460,496,496,529,529,550,4,4,22,38,38,157,157,170,188,521,576,593,593,623,623,671,671,705,705,48,81,81,81],"floor_reached":51,"campfire_rested":4,"playtime":3197,"current_hp_per_floor":[70,68,54,37,37,58,26,26,26,26,23,23,23,17,41,15,80,60,53,80,80,80,46,46,34,34,46,46,46,52,49,49,33,80,57,61,61,62,48,48,24,48,48,48,46,36,36,52,76,46],"items_purged":["Strike_G","Pain"],"gold":81,"score":785,"play_id":"3dfd69b6-93ec-4607-bbfe-2783871b70d7","is_prod":false,"is_daily":false,"is_ascension_mode":true,"campfire_upgraded":3,"path_taken":["M","M","?","?","?","R","E","R","T","M","?","?","?","?","R","BOSS","M","M","?","?","?","E","R","E","T","?","?","?","M","M","R","BOSS","M","M","?","?","M","R","E","R","T","?","E","?","$","E","R","BOSS"],"build_version":"2018-02-12-PROD1","purchased_purges":2,"victory":true,"master_deck":["Defend_G","Defend_G","Defend_G+1","Defend_G","Defend_G","Strike_G","Strike_G","Strike_G+1","Strike_G","Neutralize","Backflip","Sucker Punch+1","Prepared","Dagger Throw","Sucker Punch","Doubt","Crippling Poison+1","Unload","Endless Agony+1","Poisoned Stab","Endless Agony+1","Backstab","Poisoned Stab","Slice","Noxious Fumes","Dramatic Entrance","Blur","Doubt","Tactician+1","Backstab+1","Night Terror","Dagger Spray+1","Die Die Die","Prepared","Poisoned Stab+1","Slice+1","Parasite","Dodge and Roll+1","Madness","Madness","Well Laid Plans","Caltrops"],"max_hp_per_floor":[70,70,70,70,70,70,80,80,80,80,80,80,80,80,80,80,80,80,80,80,80,80,80,80,80,80,80,80,80,80,80,80,80,80,80,80,80,80,80,80,80,80,80,80,80,80,80,80,80,80],"relics":["Ring of the Snake","Pear","Snake Skull","Paper Crane","Cursed Key","Bag of Marbles","Vajra","Bag of Preparation","Meat on the Bone","Bird Faced Urn","Toolbox","The Specimen","Girya","Kunai","Happy Flower","Shuriken","Gremlin Horn","Ornamental Fan","Orichalcum"],"card_choices":[{"not_picked":["Riddle With Holes","Bane"],"picked":"Backflip"},{"not_picked":["Choke","Deadly Poison"],"picked":"Sucker Punch"},{"not_picked":["Eviscerate","Cloak And Dagger"],"picked":"Prepared"},{"not_picked":["Dodge and Roll","Slice"],"picked":"Dagger Throw"},{"not_picked":["Expertise","Terror"],"picked":"Sucker Punch"},{"not_picked":["Outmaneuver","Masterful Stab"],"picked":"Malaise"},{"not_picked":["Malaise","Slice"],"picked":"Crippling Poison"},{"not_picked":["A Thousand Cuts","Venomology"],"picked":"Unload"},{"not_picked":["Blur","Bane"],"picked":"Endless Agony"},{"not_picked":["Quick Slash","Endless Agony"],"picked":"Poisoned Stab"},{"not_picked":["Terror","Footwork"],"picked":"Backstab"},{"not_picked":["Bane","Predator"],"picked":"Poisoned Stab"},{"not_picked":["Acrobatics","Outmaneuver"],"picked":"Slice"},{"not_picked":["Acrobatics","Expertise"],"picked":"Tactician"},{"not_picked":["Outmaneuver","Deadly Poison"],"picked":"Backstab"},{"not_picked":["Wraith Form","A Thousand Cuts"],"picked":"Night Terror"},{"not_picked":["Dodge and Roll","Dagger Throw"],"picked":"Dagger Spray"},{"not_picked":["Endless Agony","Dodge and Roll"],"picked":"Die Die Die"},{"not_picked":["Bane","Dodge and Roll"],"picked":"Prepared"},{"not_picked":["Bane","Cloak And Dagger"],"picked":"Poisoned Stab"},{"not_picked":["Bane","Riddle With Holes"],"picked":"Slice"},{"not_picked":["Wraith Form","Terror"],"picked":"Dodge and Roll"},{"not_picked":["Bane","Leg Sweep"],"picked":"Caltrops"}],"player_experience":98412,"potions_floor_usage":[14,14,33,33,33,38,39,45],"damage_taken":[{"damage":0,"enemies":"Small Slimes","floor":1,"turns":4},{"damage":2,"enemies":"Jaw Worm","floor":2,"turns":5},{"damage":42,"enemies":"Gremlin Nob","floor":7,"turns":6},{"damage":0,"enemies":"Cultist","floor":10,"turns":3},{"damage":3,"enemies":"Red Slaver","floor":11,"turns":3},{"damage":0,"enemies":"Looter","floor":12,"turns":4},{"damage":21,"enemies":"Lagavulin Event","floor":14,"turns":8},{"damage":26,"enemies":"The Guardian","floor":16,"turns":14},{"damage":20,"enemies":"3 Byrds","floor":18,"turns":6},{"damage":7,"enemies":"Chosen","floor":19,"turns":5},{"damage":34,"enemies":"Book of Stabbing","floor":23,"turns":7},{"damage":12,"enemies":"Slavers","floor":25,"turns":6},{"damage":0,"enemies":"Snake Plant","floor":27,"turns":3},{"damage":8,"enemies":"Centurion and Healer","floor":30,"turns":3},{"damage":9,"enemies":"3 Cultists","floor":31,"turns":4},{"damage":45,"enemies":"Collector","floor":33,"turns":10},{"damage":23,"enemies":"3 Shapes","floor":35,"turns":2},{"damage":0,"enemies":"3 Darklings","floor":36,"turns":1},{"damage":16,"enemies":"Mysterious Sphere","floor":38,"turns":6},{"damage":28,"enemies":"4 Shapes","floor":39,"turns":7},{"damage":38,"enemies":"Nemesis","floor":41,"turns":7},{"damage":4,"enemies":"2 Orb Walkers","floor":45,"turns":3},{"damage":0,"enemies":"Giant Head","floor":48,"turns":6},{"damage":36,"enemies":"Awakened One","floor":50,"turns":13}],"event_choices":[{"event_name":"Shining Light","player_choice":"Entered Light","floor":3,"damage_taken":0},{"event_name":"Golden Idol","player_choice":"Take Damage","floor":4,"damage_taken":0},{"event_name":"Liars Game","player_choice":"agreed","floor":13,"damage_taken":0},{"event_name":"Dead Adventurer","player_choice":"Searched \u00271\u0027 times","floor":14,"damage_taken":0},{"event_name":"Bonfire Elementals","player_choice":"UNCOMMON","floor":20,"damage_taken":0},{"event_name":"Addict","player_choice":"Obtained Relic","floor":21,"damage_taken":0},{"event_name":"Duplicator","player_choice":"One dupe","floor":22,"damage_taken":0},{"event_name":"The Moai Head","player_choice":"Gave Idol","floor":37,"damage_taken":0},{"event_name":"Mysterious Sphere","player_choice":"Fight","floor":38,"damage_taken":0},{"event_name":"Winding Halls","player_choice":"Embrace Madness","floor":46,"damage_taken":0}],"boss_relics":[{"not_picked":["Snecko Eye","Sozu"],"picked":"Cursed Key"},{"not_picked":["Tiny House","Eternal Feather"],"picked":"The Specimen"}],"potions_floor_spawned":[1,10,11,14,16,23,25,27,33,36,39],"seed_played":"-3468053051817527986","ascension_level":3,"is_trial":false}