{"gold_per_floor":[115,115,134,149,161,161,188,188,188,188,91,106,121,150,150,249,249,261,351,361,361],"floor_reached":21,"playtime":2188,"items_purged":["Strike_R"],"score":229,"play_id":"c43817a5-165a-4b12-a16e-aa3743414d63","local_time":"20190404172123","is_ascension_mode":true,"campfire_choices":[{"data":"True Grit","floor":6.0,"key":"SMITH"},{"data":"Uppercut","floor":8.0,"key":"SMITH"},{"data":"Whirlwind","floor":10.0,"key":"SMITH"},{"data":"Armaments","floor":15.0,"key":"SMITH"}],"neow_cost":"TEN_PERCENT_HP_LOSS","seed_source_timestamp":0,"circlet_count":0,"master_deck":["Strike_R","Defend_R","Defend_R","Defend_R","Defend_R","Bash","Shrug It Off","Whirlwind+1","Iron Wave","True Grit+1","Uppercut+1","Armaments+1","Dropkick","Demon Form","Ghostly Armor+1","Uppercut+1","Perfected Strike+1","Pommel Strike","Sword Boomerang+1"],"special_seed":0,"relics":["Burning Blood","Du-Vu Doll","Lantern","Anchor","Question Card","Astrolabe"],"potions_floor_usage":[21],"damage_taken":[{"damage":9.0,"enemies":"2 Louse","floor":1.0,"turns":2.0},{"damage":0.0,"enemies":"Cultist","floor":3.0,"turns":4.0},{"damage":8.0,"enemies":"Small Slimes","floor":4.0,"turns":2.0},{"damage":4.0,"enemies":"Looter","floor":5.0,"turns":4.0},{"damage":31.0,"enemies":"Gremlin Nob","floor":7.0,"turns":5.0},{"damage":0.0,"enemies":"Blue Slaver","floor":12.0,"turns":2.0},{"damage":0.0,"enemies":"2 Fungi Beasts","floor":13.0,"turns":3.0},{"damage":4.0,"enemies":"Lagavulin","floor":14.0,"turns":8.0},{"damage":33.0,"enemies":"The Guardian","floor":16.0,"turns":13.0},{"damage":24.0,"enemies":"Spheric Guardian","floor":18.0,"turns":5.0},{"damage":10.0,"enemies":"Shell Parasite","floor":20.0,"turns":5.0},{"damage":41,"enemies":"Sentry and Sphere","floor":21,"turns":11}],"seed_played":"1415186799563032614","potions_obtained":[{"floor":3.0,"key":"BloodPotion"},{"floor":5.0,"key":"Poison Potion"},{"floor":12.0,"key":"LiquidBronze"},{"floor":13.0,"key":"EssenceOfSteel"},{"floor":18.0,"key":"Strength Potion"},{"floor":20.0,"key":"Ancient Potion"}],"is_trial":false,"path_per_floor":["M","?","M","M","M","R","E","R","T","R","$","M","M","E","R","B",null,"M","?","M","M"],"character_chosen":"IRONCLAD","items_purchased":["Armaments"],"campfire_rested":0,"item_purchase_floors":[11],"current_hp_per_floor":[69,69,72,70,72,72,47,47,47,47,47,53,59,68,68,41,72,54,40,36,0],"gold":361,"neow_bonus":"ONE_RARE_RELIC","is_prod":false,"is_daily":false,"chose_seed":false,"campfire_upgraded":4,"win_rate":0,"timestamp":1554394883,"path_taken":["M","?","M","M","M","R","E","R","T","R","$","M","M","E","R","BOSS","M","?","?","M"],"build_version":"2019-01-23","purchased_purges":1,"victory":false,"max_hp_per_floor":[72,72,72,72,72,72,72,72,72,72,72,72,72,72,72,72,72,72,72,72,72],"card_choices":[{"not_picked":["Sword Boomerang","Clash"],"picked":"Shrug It Off","floor":1.0},{"not_picked":["Hemokinesis","Cleave"],"picked":"Iron Wave","floor":3.0},{"not_picked":["Warcry","Burning Pact"],"picked":"True Grit","floor":4.0},{"not_picked":["Havoc","Infernal Blade","Clash"],"picked":"SKIP","floor":5.0},{"not_picked":["Wild Strike","Bloodletting"],"picked":"Uppercut","floor":7.0},{"not_picked":["Pummel","Flex","Iron Wave"],"picked":"SKIP","floor":12.0},{"not_picked":["Thunderclap","Burning Pact","Anger"],"picked":"SKIP","floor":13.0},{"not_picked":["Double Tap","Berserk"],"picked":"Dropkick","floor":14.0},{"not_picked":["Fiend Fire","Feed","Reaper"],"picked":"Demon Form","floor":16.0},{"not_picked":["Body Slam","Fire Breathing","Carnage"],"picked":"Pommel Strike","floor":18.0},{"not_picked":["Juggernaut","Flex","Second Wind"],"picked":"Sword Boomerang+1","floor":20.0}],"player_experience":906347,"relics_obtained":[{"floor":7.0,"key":"Lantern"},{"floor":9.0,"key":"Anchor"},{"floor":14.0,"key":"Question Card"}],"event_choices":[{"damage_healed":0.0,"max_hp_gain":0.0,"max_hp_loss":0.0,"gold_gain":0.0,"event_name":"Match and Keep!","player_choice":"1 cards matched","floor":2.0,"gold_loss":0.0,"damage_taken":0.0,"cards_obtained":["Whirlwind"]},{"damage_healed":0.0,"max_hp_gain":0.0,"max_hp_loss":0.0,"gold_gain":90.0,"event_name":"Knowing Skull","player_choice":"GOLD ","floor":19.0,"potions_obtained":[],"gold_loss":0.0,"damage_taken":14.0,"cards_obtained":[]}],"is_beta":false,"boss_relics":[{"not_picked":["Runic Pyramid","Lizard Tail"],"picked":"Astrolabe"}],"items_purged_floors":[11],"is_endless":false,"potions_floor_spawned":[3,5,12,13,18,20],"killed_by":"Sentry and Sphere","ascension_level":4}