{"gold_per_floor":[117,135,100,117,130,130,7,25,51,99,99,7,21,53,53,128,128,146,166,66,84,84,116,116,41,41,41,53,53],"floor_reached":29,"playtime":772,"items_purged":["Defend_R","Regret"],"score":417,"play_id":"196f635b-4a6a-48f8-8b42-82281ade8484","local_time":"20181023121925","is_ascension_mode":true,"campfire_choices":[{"data":"Flame Barrier","floor":6,"key":"SMITH"},{"floor":15,"key":"REST"},{"floor":24,"key":"REST"}],"neow_cost":"NONE","seed_source_timestamp":1102695756144654,"circlet_count":0,"master_deck":["Strike_R","Strike_R","Strike_R","Strike_R","Strike_R","Defend_R","Defend_R","Defend_R","Bash","AscendersBane","Wild Strike","Iron Wave","Flame Barrier+1","Shrug It Off","Spot Weakness","Flex","Shrug It Off","Good Instincts","Twin Strike","Double Tap","Immolate","Bloodletting+1","Body Slam+1","Headbutt","Normality","Seeing Red"],"relics":["Burning Blood","Vajra","Ancient Tea Set","Regal Pillow","Orichalcum","PreservedInsect","Cursed Key","Question Card","Juzu Bracelet"],"potions_floor_usage":[14,16,21,21,29],"damage_taken":[{"damage":1,"enemies":"Cultist","floor":1,"turns":3},{"damage":7,"enemies":"Small Slimes","floor":2,"turns":4},{"damage":0,"enemies":"Jaw Worm","floor":4,"turns":3},{"damage":11,"enemies":"Large Slime","floor":5,"turns":8},{"damage":4,"enemies":"3 Louse","floor":8,"turns":4},{"damage":24,"enemies":"Exordium Thugs","floor":13,"turns":7},{"damage":25,"enemies":"Gremlin Nob","floor":14,"turns":4},{"damage":43,"enemies":"The Guardian","floor":16,"turns":9},{"damage":12,"enemies":"Shell Parasite","floor":18,"turns":4},{"damage":8,"enemies":"Spheric Guardian","floor":19,"turns":3},{"damage":14,"enemies":"3 Cultists","floor":21,"turns":5},{"damage":44,"enemies":"Book of Stabbing","floor":23,"turns":5},{"damage":37,"enemies":"Snake Plant","floor":28,"turns":4},{"damage":10,"enemies":"Gremlin Leader","floor":29,"turns":4}],"seed_played":"-8663169362177761163","potions_obtained":[{"floor":8,"key":"Strength Potion"},{"floor":13,"key":"Strength Potion"},{"floor":14,"key":"LiquidBronze"},{"floor":16,"key":"Explosive Potion"},{"floor":28,"key":"Explosive Potion"}],"is_trial":false,"path_per_floor":["M","M","$","M","M","R","$","M","T","T","?","$","M","E","R","B",null,"M","M","$","M","?","E","R","?","T","?","M"],"character_chosen":"IRONCLAD","items_purchased":["Flame Barrier","Flex","Good Instincts"],"campfire_rested":2,"item_purchase_floors":[3,7,12],"current_hp_per_floor":[73,72,72,75,70,70,70,72,72,72,72,72,54,35,72,35,65,59,57,57,49,49,11,48,48,48,48,17,7],"gold":53,"neow_bonus":"RANDOM_COMMON_RELIC","is_prod":false,"is_daily":false,"chose_seed":false,"campfire_upgraded":1,"win_rate":0,"timestamp":1540322365,"path_taken":["M","?","?","M","M","R","$","M","T","?","?","$","M","E","R","BOSS","M","M","$","M","?","E","R","?","T","?","M","E"],"build_version":"2018-10-18","purchased_purges":2,"victory":false,"max_hp_per_floor":[75,75,75,75,75,75,75,75,75,75,75,75,75,75,75,75,75,75,75,75,75,75,75,75,75,75,75,75,75],"card_choices":[{"not_picked":["Twin Strike","Body Slam"],"picked":"Wild Strike","floor":1},{"not_picked":["Fire Breathing","Armaments"],"picked":"Iron Wave","floor":2},{"not_picked":["Rampage","Sever Soul"],"picked":"Shrug It Off","floor":4},{"not_picked":["Whirlwind","Inflame"],"picked":"Spot Weakness","floor":5},{"not_picked":["Power Through","Anger"],"picked":"Shrug It Off","floor":8},{"not_picked":["Wild Strike","Havoc"],"picked":"Twin Strike","floor":13},{"not_picked":["Cleave","Power Through"],"picked":"Double Tap","floor":14},{"not_picked":["Brutality","Barricade"],"picked":"Immolate","floor":16},{"not_picked":["Thunderclap","Clothesline"],"picked":"Bloodletting+1","floor":18},{"not_picked":["Clash","Dual Wield","Dropkick"],"picked":"SKIP","floor":19},{"not_picked":["Sever Soul","Evolve"],"picked":"Body Slam+1","floor":21},{"not_picked":["Armaments","Twin Strike"],"picked":"Headbutt","floor":23},{"not_picked":["Blood for Blood","Headbutt","Hemokinesis"],"picked":"Seeing Red","floor":28}],"player_experience":620706,"relics_obtained":[{"floor":9,"key":"Ancient Tea Set"},{"floor":10,"key":"Regal Pillow"},{"floor":14,"key":"PreservedInsect"},{"floor":23,"key":"Question Card"},{"floor":26,"key":"Juzu Bracelet"}],"event_choices":[{"damage_healed":0,"gold_gain":0,"player_choice":"Box","damage_taken":0,"relics_obtained":["Orichalcum"],"max_hp_gain":0,"max_hp_loss":0,"event_name":"Big Fish","floor":11,"gold_loss":0,"cards_obtained":["Regret"]},{"damage_healed":0,"gold_gain":0,"player_choice":"Smashed Altar","damage_taken":0,"max_hp_gain":0,"max_hp_loss":0,"event_name":"Forgotten Altar","floor":22,"gold_loss":0,"cards_obtained":["Decay"]},{"cards_removed":["Decay"],"damage_healed":0,"gold_gain":0,"player_choice":"Gave Gold","damage_taken":0,"max_hp_gain":0,"max_hp_loss":0,"event_name":"Beggar","floor":25,"gold_loss":75},{"damage_healed":0,"gold_gain":0,"player_choice":"Ignored","damage_taken":0,"max_hp_gain":0,"max_hp_loss":0,"event_name":"Vampires","floor":27,"gold_loss":0}],"is_beta":false,"boss_relics":[{"not_picked":["Lizard Tail","Orrery"],"picked":"Cursed Key"}],"items_purged_floors":[7,20],"is_endless":false,"potions_floor_spawned":[8,13,14,16,28],"killed_by":"Gremlin Leader","ascension_level":14}