{"gold_per_floor":[216,88,88,104,114,144,144,155,155,155,169,33,65,84,84,84],"floor_reached":16,"playtime":468,"items_purged":["Strike_R","Regret"],"score":190,"play_id":"57612cb5-9559-4d07-b6a9-2d301aa9f50c","local_time":"20181022144240","is_ascension_mode":true,"campfire_choices":[{"data":"1","floor":7,"key":"LIFT"},{"data":"Infernal Blade","floor":10,"key":"SMITH"},{"floor":15,"key":"REST"}],"neow_cost":"NONE","seed_source_timestamp":1025195330407020,"circlet_count":0,"master_deck":["Strike_R","Strike_R","Strike_R","Strike_R","Defend_R","Defend_R","Defend_R","Defend_R","Bash","AscendersBane","Havoc","Pommel Strike","Bloodletting","Infernal Blade+1","Flex","Flame Barrier","Shrug It Off","Dropkick","Immolate","Dropkick"],"relics":["Burning Blood","Girya","Question Card","Bottled Lightning","Self Forming Clay"],"potions_floor_usage":[8,8,11,16],"damage_taken":[{"damage":7,"enemies":"Small Slimes","floor":1,"turns":4},{"damage":11,"enemies":"Cultist","floor":4,"turns":4},{"damage":17,"enemies":"Jaw Worm","floor":5,"turns":4},{"damage":29,"enemies":"Lagavulin","floor":6,"turns":3},{"damage":3,"enemies":"2 Fungi Beasts","floor":8,"turns":2},{"damage":6,"enemies":"Exordium Thugs","floor":11,"turns":5},{"damage":27,"enemies":"3 Sentries","floor":13,"turns":7},{"damage":8,"enemies":"Blue Slaver","floor":14,"turns":2},{"damage":36,"enemies":"Slime Boss","floor":16,"turns":7}],"seed_played":"382889231527378993","potions_obtained":[{"floor":4,"key":"SteroidPotion"},{"floor":6,"key":"Strength Potion"},{"floor":8,"key":"Block Potion"},{"floor":14,"key":"Regen Potion"}],"is_trial":false,"path_per_floor":["M","$","?","M","M","E","R","M","T","R","M","$","E","M","R"],"character_chosen":"IRONCLAD","items_purchased":["Pommel Strike","Dropkick"],"campfire_rested":1,"item_purchase_floors":[2,12],"current_hp_per_floor":[67,67,67,62,51,28,28,31,31,31,31,31,10,8,30,0],"gold":84,"neow_bonus":"HUNDRED_GOLD","is_prod":false,"is_daily":false,"chose_seed":false,"campfire_upgraded":1,"win_rate":0,"timestamp":1540244560,"path_taken":["M","$","?","?","M","E","R","M","T","R","M","$","E","M","R","BOSS"],"build_version":"2018-10-18","purchased_purges":2,"victory":false,"max_hp_per_floor":[75,75,75,75,75,75,75,75,75,75,75,75,75,75,75,75],"card_choices":[{"not_picked":["Second Wind","Evolve"],"picked":"Havoc","floor":1},{"not_picked":["Pommel Strike","Whirlwind"],"picked":"Bloodletting","floor":4},{"not_picked":["Thunderclap","Armaments"],"picked":"Infernal Blade","floor":5},{"not_picked":["Blood for Blood","True Grit"],"picked":"Flex","floor":6},{"not_picked":["Pommel Strike","Metallicize","Iron Wave"],"picked":"Flame Barrier","floor":8},{"not_picked":["Reckless Charge","Sword Boomerang","Iron Wave"],"picked":"Shrug It Off","floor":11},{"not_picked":["Sever Soul","Berserk","Iron Wave"],"picked":"Immolate","floor":13},{"not_picked":["Dual Wield","Feel No Pain","Body Slam"],"picked":"Dropkick","floor":14}],"player_experience":617711,"relics_obtained":[{"floor":6,"key":"Question Card"},{"floor":9,"key":"Bottled Lightning"},{"floor":13,"key":"Self Forming Clay"}],"event_choices":[{"damage_healed":0,"gold_gain":0,"player_choice":"Box","damage_taken":0,"relics_obtained":["Girya"],"max_hp_gain":0,"max_hp_loss":0,"event_name":"Big Fish","floor":3,"gold_loss":0,"cards_obtained":["Regret"]}],"is_beta":false,"boss_relics":[],"items_purged_floors":[2,12],"is_endless":false,"potions_floor_spawned":[4,6,8,14],"killed_by":"Slime Boss","ascension_level":14}