{"gold_per_floor":[110,11,11,11,28,28,59,59,59,59,21,21,52,62,62,160,160],"floor_reached":17,"playtime":401,"items_purged":["Strike_R"],"score":214,"play_id":"08db1d83-8167-4c3a-95c6-86b408c50be9","local_time":"20190314205619","is_ascension_mode":true,"campfire_choices":[{"data":"Bash","floor":6,"key":"SMITH"},{"data":"Uppercut","floor":12,"key":"SMITH"},{"data":"Armaments","floor":15,"key":"SMITH"}],"neow_cost":"NONE","seed_source_timestamp":16668760442800,"circlet_count":0,"master_deck":["Defend_R","Defend_R","Defend_R","Defend_R","Bash+1","Fire Breathing","Anger+1","Regret","True Grit","Seeing Red","Body Slam","Uppercut+1","Armaments+1","Dropkick","Limit Break"],"relics":["Burning Blood","NeowsBlessing","Dodecahedron","Charon\u0027s Ashes","Pen Nib","Sundial","Empty Cage"],"potions_floor_usage":[13,16,16],"damage_taken":[{"damage":0,"enemies":"Jaw Worm","floor":1,"turns":1},{"damage":0,"enemies":"Small Slimes","floor":5,"turns":1},{"damage":0,"enemies":"Lagavulin","floor":7,"turns":1},{"damage":9,"enemies":"Gremlin Nob","floor":13,"turns":3},{"damage":0,"enemies":"Cultist","floor":14,"turns":2},{"damage":36,"enemies":"Slime Boss","floor":16,"turns":10}],"seed_played":"-9095804658863198964","potions_obtained":[{"floor":1,"key":"AttackPotion"},{"floor":13,"key":"SkillPotion"},{"floor":14,"key":"Poison Potion"},{"floor":16,"key":"SkillPotion"}],"is_trial":false,"path_per_floor":["M","$","?","?","M","R","E","?","T","?","$","R","E","M","R","B",null],"character_chosen":"IRONCLAD","items_purchased":["Anger","Uppercut"],"campfire_rested":0,"item_purchase_floors":[2,11],"current_hp_per_floor":[80,80,73,73,79,79,80,80,80,80,80,80,77,80,80,50,80],"gold":160,"neow_bonus":"THREE_ENEMY_KILL","is_prod":false,"is_daily":false,"chose_seed":false,"campfire_upgraded":3,"win_rate":0,"timestamp":1552622179,"path_taken":["M","$","?","?","M","R","E","?","T","?","$","R","E","M","R","BOSS"],"build_version":"2019-02-06","purchased_purges":1,"victory":false,"max_hp_per_floor":[80,80,80,80,80,80,80,80,80,80,80,80,80,80,80,80,80],"card_choices":[{"not_picked":["Rupture","Heavy Blade"],"picked":"Fire Breathing","floor":1},{"not_picked":["Heavy Blade","Headbutt"],"picked":"True Grit","floor":5},{"not_picked":["Brutality","Clash"],"picked":"Seeing Red","floor":7},{"not_picked":["Reckless Charge","Clash"],"picked":"Armaments","floor":13},{"not_picked":["Anger","Armaments"],"picked":"Dropkick","floor":14},{"not_picked":["Impervious","Reaper"],"picked":"Limit Break","floor":16}],"player_experience":565200,"relics_obtained":[{"floor":7,"key":"Charon\u0027s Ashes"},{"floor":9,"key":"Pen Nib"},{"floor":13,"key":"Sundial"}],"event_choices":[{"cards_removed":["Strike_R"],"damage_healed":0,"gold_gain":0,"player_choice":"Card Removal","damage_taken":7,"max_hp_gain":0,"max_hp_loss":0,"event_name":"Golden Wing","floor":3,"gold_loss":0},{"damage_healed":0,"gold_gain":0,"player_choice":"Box","damage_taken":0,"relics_obtained":["Dodecahedron"],"max_hp_gain":0,"max_hp_loss":0,"event_name":"Big Fish","floor":4,"gold_loss":0,"cards_obtained":["Regret"]},{"damage_healed":0,"gold_gain":0,"player_choice":"Grow","damage_taken":0,"max_hp_gain":0,"max_hp_loss":0,"event_name":"Living Wall","floor":8,"gold_loss":0,"cards_upgraded":["Anger"]},{"damage_healed":0,"gold_gain":0,"cards_transformed":["Strike_R"],"player_choice":"Transformed","damage_taken":0,"max_hp_gain":0,"max_hp_loss":0,"event_name":"Transmorgrifier","floor":10,"gold_loss":0,"cards_obtained":["Body Slam"]}],"is_beta":true,"boss_relics":[{"not_picked":["Tiny House","Black Star"],"picked":"Empty Cage"}],"items_purged_floors":[2],"is_endless":false,"potions_floor_spawned":[1,13,14,16],"ascension_level":3}