{"gold_per_floor":[109,128,1,1,14,14,49,49,119,145,156,187,217,10,10,10],"floor_reached":16,"playtime":494,"items_purged":["Strike_G","Defend_G"],"score":212,"play_id":"540c9cd5-c103-4f7b-8b2d-273c23c0333f","local_time":"20190105154405","is_ascension_mode":true,"campfire_choices":[{"data":"Backstab","floor":6,"key":"SMITH"},{"floor":15,"key":"REST"}],"neow_cost":"NONE","seed_source_timestamp":1340353454350806,"circlet_count":0,"master_deck":["AscendersBane","Defend_G","Defend_G","Defend_G","Strike_G","Strike_G","Strike_G","Strike_G","Survivor","Neutralize","Endless Agony","Dash+1","Backstab+1","Blur","PiercingWail","Bouncing Flask","Burst"],"relics":["Ring of the Snake","Smiling Mask","Strawberry","Singing Bowl","Potion Belt","Juzu Bracelet","Odd Mushroom","Boot"],"potions_floor_usage":[7,10,13],"damage_taken":[{"damage":1,"enemies":"2 Louse","floor":1,"turns":3},{"damage":5,"enemies":"Cultist","floor":2,"turns":5},{"damage":2,"enemies":"Jaw Worm","floor":5,"turns":2},{"damage":11,"enemies":"Gremlin Nob","floor":7,"turns":4},{"damage":29,"enemies":"Lagavulin","floor":10,"turns":7},{"damage":0,"enemies":"3 Louse","floor":11,"turns":3},{"damage":14,"enemies":"3 Sentries","floor":12,"turns":10},{"damage":5,"enemies":"The Mushroom Lair","floor":13,"turns":6},{"damage":42,"enemies":"Slime Boss","floor":16,"turns":11}],"seed_played":"8201815156770447328","potions_obtained":[{"floor":1,"key":"FairyPotion"},{"floor":2,"key":"PowerPotion"},{"floor":7,"key":"Block Potion"},{"floor":12,"key":"FearPotion"}],"is_trial":false,"path_per_floor":["M","M","$","?","M","R","E","?","T","E","M","E","?","$","R","B"],"character_chosen":"THE_SILENT","items_purchased":["Backstab","Boot"],"campfire_rested":1,"item_purchase_floors":[3,14],"current_hp_per_floor":[58,53,53,53,51,51,47,47,47,18,20,8,3,3,26,0],"gold":10,"neow_bonus":"RANDOM_COMMON_RELIC","is_prod":false,"is_daily":false,"chose_seed":false,"campfire_upgraded":1,"win_rate":0,"timestamp":1546731845,"path_taken":["M","M","$","?","?","R","E","?","T","E","?","E","?","$","R","BOSS"],"build_version":"2019-01-03v4","purchased_purges":2,"victory":false,"max_hp_per_floor":[66,66,66,66,66,66,73,73,73,73,75,77,77,77,77,77],"card_choices":[{"not_picked":["Eviscerate","Acrobatics"],"picked":"Endless Agony","floor":1},{"not_picked":["Finisher","Outmaneuver"],"picked":"Dash","floor":2},{"not_picked":["All Out Attack","Acrobatics"],"picked":"Blur","floor":5},{"not_picked":["Expertise","Bane"],"picked":"PiercingWail","floor":7},{"not_picked":["A Thousand Cuts","Tools of the Trade"],"picked":"Bouncing Flask","floor":10},{"not_picked":["Masterful Stab","Prepared","PiercingWail"],"picked":"Singing Bowl","floor":11},{"not_picked":["Deflect","Prepared","Masterful Stab"],"picked":"Singing Bowl","floor":12},{"not_picked":["PiercingWail","Bouncing Flask"],"picked":"Burst","floor":13}],"player_experience":1053042,"relics_obtained":[{"floor":7,"key":"Strawberry"},{"floor":9,"key":"Singing Bowl"},{"floor":10,"key":"Potion Belt"},{"floor":12,"key":"Juzu Bracelet"},{"floor":13,"key":"Odd Mushroom"}],"event_choices":[{"cards_removed":["Defend_G"],"damage_healed":0,"gold_gain":0,"player_choice":"Purged","damage_taken":0,"max_hp_gain":0,"max_hp_loss":0,"event_name":"Purifier","floor":4,"gold_loss":0},{"damage_healed":0,"gold_gain":0,"player_choice":"Upgraded","damage_taken":0,"max_hp_gain":0,"max_hp_loss":0,"event_name":"Upgrade Shrine","floor":8,"gold_loss":0,"cards_upgraded":["Dash"]},{"damage_healed":0,"gold_gain":0,"player_choice":"Fought Mushrooms","damage_taken":0,"max_hp_gain":0,"max_hp_loss":0,"event_name":"Mushrooms","floor":13,"gold_loss":0}],"is_beta":false,"boss_relics":[],"items_purged_floors":[3,14],"is_endless":false,"potions_floor_spawned":[1,2,7,12],"killed_by":"Slime Boss","ascension_level":16}