{"gold_per_floor":[119,194,25,40,40,40,67,67,67,101,101,111,111,122,122,218,218,218,100,40,40,0,0,0,0,0,0],"floor_reached":27,"playtime":809,"items_purged":[],"score":254,"play_id":"9b952d17-fe74-4511-93bf-fc67ff8fc64c","local_time":"20190201154455","is_ascension_mode":true,"campfire_choices":[{"data":"Rampage","floor":6,"key":"SMITH"},{"floor":8,"key":"REST"},{"floor":13,"key":"REST"},{"floor":15,"key":"RECALL"},{"floor":23,"key":"REST"}],"neow_cost":"NONE","seed_source_timestamp":5412347185800,"circlet_count":0,"master_deck":["Strike_R","Strike_R","Strike_R","Strike_R","Strike_R","Defend_R","Defend_R","Defend_R","Defend_R","Bash","Rampage+1","Thunderclap+1","Flex","Fire Breathing+1","Uppercut","True Grit","Iron Wave","Juggernaut+1","Warcry+1","Shame","Infernal Blade+1"],"relics":["Burning Blood","Orichalcum","Matryoshka","Potion Belt","Frozen Egg 2","The Courier","Ectoplasm","Pen Nib","Dream Catcher","Lantern"],"potions_floor_usage":[7,10,14,21,27],"damage_taken":[{"damage":8,"enemies":"2 Louse","floor":1,"turns":3},{"damage":6,"enemies":"Small Slimes","floor":4,"turns":3},{"damage":28,"enemies":"3 Sentries","floor":7,"turns":8},{"damage":22,"enemies":"Gremlin Nob","floor":10,"turns":4},{"damage":0,"enemies":"Cultist","floor":12,"turns":3},{"damage":21,"enemies":"Exordium Thugs","floor":14,"turns":4},{"damage":41,"enemies":"Slime Boss","floor":16,"turns":12},{"damage":17,"enemies":"Spheric Guardian","floor":18,"turns":4},{"damage":34,"enemies":"2 Thieves","floor":20,"turns":4},{"damage":29,"enemies":"Centurion and Healer","floor":21,"turns":5},{"damage":31,"enemies":"Snecko","floor":25,"turns":5},{"damage":10,"enemies":"Snake Plant","floor":27,"turns":4}],"seed_played":"8608611539559145695","potions_obtained":[{"floor":4,"key":"Poison Potion"},{"floor":7,"key":"LiquidBronze"},{"floor":10,"key":"SpeedPotion"},{"floor":12,"key":"BloodPotion"},{"floor":18,"key":"FearPotion"},{"floor":25,"key":"SpeedPotion"}],"is_trial":false,"path_per_floor":["M","?","$","M","$","R","E","R","T","E","?","M","R","M","R","B",null,"M","$","M","M","?","R","?","M","T","M"],"character_chosen":"IRONCLAD","items_purchased":["Orichalcum","Flex","Pen Nib"],"campfire_rested":3,"item_purchase_floors":[3,3,19],"current_hp_per_floor":[78,67,67,67,67,67,45,69,69,53,37,43,67,60,60,25,80,69,69,41,18,18,42,42,17,17,7],"gold":0,"neow_bonus":"THREE_CARDS","is_prod":false,"is_daily":false,"chose_seed":false,"campfire_upgraded":1,"win_rate":0,"timestamp":1549064695,"path_taken":["M","?","$","M","$","R","E","R","T","E","?","M","R","M","R","BOSS","M","$","M","M","?","R","?","M","T","M"],"build_version":"2019-01-23","purchased_purges":0,"victory":false,"max_hp_per_floor":[80,80,80,80,80,80,80,80,80,80,80,80,80,80,80,80,80,80,80,80,80,80,80,80,80,80,80],"card_choices":[{"not_picked":["True Grit","Iron Wave"],"picked":"Rampage","floor":0},{"not_picked":["Sword Boomerang","Clothesline"],"picked":"Thunderclap","floor":1},{"not_picked":["Clothesline","Twin Strike"],"picked":"Fire Breathing","floor":4},{"not_picked":["Second Wind","Bludgeon"],"picked":"Uppercut","floor":7},{"not_picked":["Ghostly Armor","Body Slam"],"picked":"True Grit","floor":10},{"not_picked":["True Grit","Dropkick","Seeing Red"],"picked":"SKIP","floor":12},{"not_picked":["Clash","Combust+1"],"picked":"Iron Wave","floor":14},{"not_picked":["Feed","Offering"],"picked":"Juggernaut+1","floor":16},{"not_picked":["Evolve+1","Flex"],"picked":"Warcry+1","floor":18},{"not_picked":["Fire Breathing+1","Sword Boomerang","Perfected Strike"],"picked":"SKIP","floor":20},{"not_picked":["Perfected Strike","Intimidate","Warcry+1"],"picked":"SKIP","floor":21},{"not_picked":["True Grit+1","Rage+1"],"picked":"Infernal Blade+1","floor":25}],"player_experience":435996,"relics_obtained":[{"floor":7,"key":"Matryoshka"},{"floor":9,"key":"Potion Belt"},{"floor":9,"key":"Frozen Egg 2"},{"floor":10,"key":"The Courier"},{"floor":26,"key":"Lantern"}],"event_choices":[{"damage_healed":0,"gold_gain":75,"player_choice":"Gather Gold","damage_taken":11,"max_hp_gain":0,"max_hp_loss":0,"event_name":"World of Goop","floor":2,"gold_loss":0},{"damage_healed":0,"gold_gain":0,"player_choice":"Entered Light","damage_taken":16,"max_hp_gain":0,"max_hp_loss":0,"event_name":"Shining Light","floor":11,"gold_loss":0,"cards_upgraded":["Thunderclap","Fire Breathing"]},{"damage_healed":0,"gold_gain":0,"player_choice":"Paid Fearfully","damage_taken":0,"max_hp_gain":0,"max_hp_loss":0,"event_name":"Masked Bandits","floor":22,"gold_loss":40},{"damage_healed":0,"gold_gain":0,"player_choice":"Stole Relic","damage_taken":0,"relics_obtained":["Dream Catcher"],"max_hp_gain":0,"max_hp_loss":0,"event_name":"Addict","floor":24,"gold_loss":0,"cards_obtained":["Shame"]}],"is_beta":true,"boss_relics":[{"not_picked":["Runic Cube","Mark of Pain"],"picked":"Ectoplasm"}],"items_purged_floors":[],"is_endless":false,"potions_floor_spawned":[4,7,10,12,18,25],"killed_by":"Snake Plant","ascension_level":3}