{"gold_per_floor":[113,113,129,129,143,168,185,197,276,294,294,319,23,35,35,132,132,146,46,146,146,161,186,203,230,253,263,188,188,201,201,201,300,300,312,312,360,360,360,360,375,409,409,49,49,49,83,33,33,33,33,33,33,61,61],"floor_reached":55,"playtime":3862,"items_purged":["Strike_G","Strike_G","Doubt","Strike_G"],"score":940,"play_id":"cec41806-5ea5-4932-ab6e-0348f5ced6f7","local_time":"20190305035934","is_ascension_mode":true,"campfire_choices":[{"floor":11,"key":"REST"},{"floor":15,"key":"REST"},{"data":"A Thousand Cuts","floor":29,"key":"SMITH"},{"floor":32,"key":"REST"},{"floor":40,"key":"RECALL"},{"floor":45,"key":"REST"},{"floor":49,"key":"REST"},{"data":"After Image","floor":52,"key":"SMITH"}],"neow_cost":"NONE","seed_source_timestamp":303360867589900,"circlet_count":0,"master_deck":["Defend_G","Defend_G","Defend_G","Defend_G","Defend_G","Survivor","Neutralize","After Image+1","Footwork","Infinite Blades","Deadly Poison","Corpse Explosion+1","Blade Dance","Dodge and Roll","Venomology","Accuracy","Skewer","Venomology","Backflip","PiercingWail+1","A Thousand Cuts+1","Cloak And Dagger+1","Bullet Time","Crippling Poison+1","Decay","Mayhem","Poisoned Stab","Bouncing Flask+1","Well Laid Plans+1"],"relics":["Ring of the Snake","Mango","Mummified Hand","Thread and Needle","TwistedFunnel","Black Star","StoneCalendar","Singing Bowl","Potion Belt","Juzu Bracelet","Shuriken","Blood Vial","Smiling Mask","Cursed Key","Peace Pipe","Pen Nib","Ornamental Fan","Dodecahedron","Snake Skull","Oddly Smooth Stone","Anchor","Centennial Puzzle","Sundial","War Paint"],"potions_floor_usage":[6,16,16,20,20,20,20,22,23,23,23,24,25,25,27,33,33,33,33,35,37,47,47,47,47,47,50,50,55,55,55,55,55],"damage_taken":[{"damage":2,"enemies":"Small Slimes","floor":1,"turns":6},{"damage":9,"enemies":"Cultist","floor":3,"turns":5},{"damage":0,"enemies":"2 Louse","floor":5,"turns":3},{"damage":45,"enemies":"Lagavulin","floor":6,"turns":19},{"damage":2,"enemies":"Looter","floor":7,"turns":4},{"damage":10,"enemies":"Exordium Wildlife","floor":8,"turns":11},{"damage":1,"enemies":"Blue Slaver","floor":10,"turns":6},{"damage":16,"enemies":"3 Sentries","floor":12,"turns":9},{"damage":0,"enemies":"Gremlin Gang","floor":14,"turns":3},{"damage":0,"enemies":"Slime Boss","floor":16,"turns":10},{"damage":3,"enemies":"Spheric Guardian","floor":18,"turns":5},{"damage":5,"enemies":"Colosseum Slavers","floor":20,"turns":3},{"damage":4,"enemies":"Colosseum Nobs","floor":20,"turns":4},{"damage":0,"enemies":"Shell Parasite","floor":22,"turns":4},{"damage":0,"enemies":"Slavers","floor":23,"turns":2},{"damage":0,"enemies":"Snecko","floor":24,"turns":6},{"damage":20,"enemies":"Book of Stabbing","floor":25,"turns":7},{"damage":9,"enemies":"Centurion and Healer","floor":27,"turns":6},{"damage":9,"enemies":"3 Cultists","floor":30,"turns":3},{"damage":37,"enemies":"Automaton","floor":33,"turns":13},{"damage":31,"enemies":"3 Darklings","floor":35,"turns":4},{"damage":34,"enemies":"2 Orb Walkers","floor":37,"turns":5},{"damage":0,"enemies":"3 Shapes","floor":41,"turns":2},{"damage":0,"enemies":"Reptomancer","floor":42,"turns":5},{"damage":25,"enemies":"Giant Head","floor":47,"turns":8},{"damage":29,"enemies":"Awakened One","floor":50,"turns":9},{"damage":49,"enemies":"Shield and Spear","floor":54,"turns":6},{"damage":59,"enemies":"The Heart","floor":55,"turns":9}],"seed_played":"-3668716441365401930","potions_obtained":[{"floor":1,"key":"SkillPotion"},{"floor":7,"key":"Energy Potion"},{"floor":8,"key":"Poison Potion"},{"floor":12,"key":"GhostInAJar"},{"floor":18,"key":"PowerPotion"},{"floor":20,"key":"Strength Potion"},{"floor":25,"key":"Dexterity Potion"},{"floor":30,"key":"Fire Potion"},{"floor":33,"key":"SpeedPotion"},{"floor":41,"key":"Block Potion"}],"is_trial":false,"path_per_floor":["M","?","M","?","M","E","M","M","T","M","R","E","$","M","R","B",null,"M","$","?","?","M","E","M","E","T","M","?","R","M","?","R","B",null,"M","?","?","T","?","R","M","E","T","$","R","?","E","$","R","B",null,"R","$","E","B"],"character_chosen":"THE_SILENT","items_purchased":["TwistedFunnel","Blade Dance","Snake Skull","Oddly Smooth Stone"],"campfire_rested":5,"item_purchase_floors":[13,13,44,44],"current_hp_per_floor":[68,68,59,59,59,28,26,16,16,15,40,24,24,24,49,49,84,81,81,72,72,72,74,74,54,54,47,47,47,42,42,68,33,88,57,57,27,27,27,27,29,31,31,31,58,58,35,35,60,33,85,85,85,38,0],"gold":61,"neow_bonus":"ONE_RANDOM_RARE_CARD","is_prod":false,"is_daily":false,"chose_seed":false,"campfire_upgraded":2,"win_rate":0,"timestamp":1551787174,"path_taken":["M","?","?","?","M","E","M","M","T","?","R","E","?","?","R","BOSS","M","?","?","?","?","E","M","E","T","M","?","R","M","?","R","BOSS","M","?","?","?","?","R","M","E","T","$","R","?","E","?","R","BOSS","R","$","E","BOSS"],"build_version":"2019-01-23","purchased_purges":4,"victory":false,"max_hp_per_floor":[70,70,70,70,70,84,84,84,84,84,84,84,84,84,84,84,84,84,84,84,84,84,86,86,86,86,86,86,86,88,88,88,88,88,88,88,90,90,90,90,90,90,90,90,90,85,85,85,85,85,85,85,85,87,87],"card_choices":[{"not_picked":["Blade Dance","Accuracy"],"picked":"Footwork","floor":1},{"not_picked":["Cloak And Dagger","Leg Sweep"],"picked":"Poisoned Stab","floor":3},{"not_picked":["Reflex","Outmaneuver","Flying Knee"],"picked":"SKIP","floor":5},{"not_picked":["Bane","Blade Dance"],"picked":"Infinite Blades","floor":6},{"not_picked":["Tactician","Escape Plan","Finisher"],"picked":"SKIP","floor":7},{"not_picked":["Dash","Blur"],"picked":"Deadly Poison","floor":8},{"not_picked":["Terror","Slice","Dagger Throw"],"picked":"SKIP","floor":10},{"not_picked":["Endless Agony","Eviscerate"],"picked":"Corpse Explosion","floor":12},{"not_picked":["Cloak And Dagger","Outmaneuver"],"picked":"Dodge and Roll","floor":14},{"not_picked":["Doppelganger","Malaise"],"picked":"Venomology","floor":16},{"not_picked":["Underhanded Strike+1","Outmaneuver+1"],"picked":"Accuracy","floor":18},{"not_picked":["All Out Attack+1","Dodge and Roll"],"picked":"Skewer","floor":20},{"not_picked":["Flying Knee","Prepared"],"picked":"Backflip","floor":22},{"not_picked":["Blur+1","Masterful Stab","Poisoned Stab"],"picked":"Singing Bowl","floor":23},{"not_picked":["Backflip","Bane"],"picked":"PiercingWail","floor":24},{"not_picked":["Acrobatics","Dagger Throw"],"picked":"A Thousand Cuts","floor":25},{"not_picked":["Dagger Spray","Leg Sweep"],"picked":"Cloak And Dagger+1","floor":27},{"not_picked":["Dagger Spray","Dagger Throw","Blur"],"picked":"Singing Bowl","floor":30},{"not_picked":["Unload","After Image"],"picked":"Bullet Time","floor":33},{"not_picked":["Well Laid Plans","Quick Slash+1"],"picked":"Crippling Poison+1","floor":35},{"not_picked":["Prepared+1","Outmaneuver+1","Dagger Spray+1"],"picked":"Singing Bowl","floor":37},{"not_picked":["Mind Blast","Flash of Steel"],"picked":"Mayhem","floor":39},{"not_picked":["Dagger Throw","Finisher+1"],"picked":"Poisoned Stab","floor":41},{"not_picked":["Blade Dance","Acrobatics"],"picked":"Bouncing Flask+1","floor":42},{"not_picked":["Flying Knee","Riddle With Holes"],"picked":"Well Laid Plans+1","floor":47},{"not_picked":["Calculated Gamble+1","Dagger Throw","Tactician+1"],"picked":"Singing Bowl","floor":54}],"player_experience":100634,"relics_obtained":[{"floor":6,"key":"Mango"},{"floor":9,"key":"Mummified Hand"},{"floor":12,"key":"Thread and Needle"},{"floor":20,"key":"StoneCalendar"},{"floor":20,"key":"Singing Bowl"},{"floor":23,"key":"Potion Belt"},{"floor":23,"key":"Juzu Bracelet"},{"floor":25,"key":"Shuriken"},{"floor":25,"key":"Blood Vial"},{"floor":26,"key":"Smiling Mask"},{"floor":37,"key":"Peace Pipe"},{"floor":42,"key":"Pen Nib"},{"floor":42,"key":"Ornamental Fan"},{"floor":43,"key":"Dodecahedron"},{"floor":47,"key":"Anchor"},{"floor":47,"key":"Centennial Puzzle"},{"floor":54,"key":"Sundial"},{"floor":54,"key":"War Paint"}],"event_choices":[{"damage_healed":0,"gold_gain":0,"player_choice":"Bought 0 Potions","damage_taken":0,"max_hp_gain":0,"max_hp_loss":0,"event_name":"The Woman in Blue","floor":2,"gold_loss":0},{"cards_removed":["Strike_G"],"damage_healed":0,"gold_gain":0,"player_choice":"Offered Basic","damage_taken":0,"max_hp_gain":0,"max_hp_loss":0,"event_name":"Bonfire Elementals","floor":4,"gold_loss":0},{"damage_healed":0,"gold_gain":0,"player_choice":"Fight","damage_taken":0,"max_hp_gain":0,"max_hp_loss":0,"event_name":"Colosseum","floor":20,"gold_loss":0},{"damage_healed":0,"gold_gain":0,"player_choice":"Fought Nobs","damage_taken":0,"max_hp_gain":0,"max_hp_loss":0,"event_name":"Colosseum","floor":20,"gold_loss":0},{"damage_healed":0,"gold_gain":0,"player_choice":"Copied","damage_taken":0,"max_hp_gain":0,"max_hp_loss":0,"event_name":"Duplicator","floor":21,"gold_loss":0,"cards_obtained":["Venomology"]},{"cards_removed":["Strike_G"],"damage_healed":0,"gold_gain":0,"player_choice":"Gave Gold","damage_taken":0,"max_hp_gain":0,"max_hp_loss":0,"event_name":"Beggar","floor":28,"gold_loss":75},{"damage_healed":0,"gold_gain":0,"player_choice":"Ignored","damage_taken":0,"max_hp_gain":0,"max_hp_loss":0,"event_name":"Ghosts","floor":31,"gold_loss":0},{"cards_removed":["Poisoned Stab"],"damage_healed":0,"gold_gain":0,"player_choice":"Removed Attack","damage_taken":0,"max_hp_gain":0,"max_hp_loss":0,"event_name":"Falling","floor":36,"gold_loss":0},{"damage_healed":0,"gold_gain":0,"player_choice":"Fight","damage_taken":0,"max_hp_gain":0,"max_hp_loss":0,"event_name":"Mysterious Sphere","floor":37,"gold_loss":0},{"damage_healed":0,"gold_gain":0,"player_choice":"Memory 1","damage_taken":0,"max_hp_gain":0,"max_hp_loss":0,"event_name":"SensoryStone","floor":39,"gold_loss":0},{"damage_healed":0,"gold_gain":0,"player_choice":"Max HP","damage_taken":0,"max_hp_gain":0,"max_hp_loss":5,"event_name":"Winding Halls","floor":46,"gold_loss":0}],"is_beta":false,"boss_relics":[{"not_picked":["Eternal Feather","Calling Bell"],"picked":"Black Star"},{"not_picked":["Astrolabe","HoveringKite"],"picked":"Cursed Key"}],"items_purged_floors":[13,19,44,48],"is_endless":false,"potions_floor_spawned":[1,7,8,12,14,18,20,25,30,33,41,42],"killed_by":"The Heart","ascension_level":1}