{"gold_per_floor":[117,18,18,31,43,43,43,43,43,82,82,101,101,139,139,139],"floor_reached":16,"playtime":577,"items_purged":["Strike_G"],"score":176,"play_id":"ef02f734-d018-45af-84f8-c7ff328ed1a5","local_time":"20190112151320","is_ascension_mode":true,"campfire_choices":[{"data":"Terror","floor":6.0,"key":"SMITH"},{"floor":11.0,"key":"REST"},{"data":"Deadly Poison","floor":15,"key":"SMITH"}],"neow_cost":"NONE","seed_source_timestamp":301308535417018,"circlet_count":0,"master_deck":["AscendersBane","Defend_G","Defend_G","Defend_G","Defend_G","Strike_G","Strike_G","Strike_G+1","Strike_G","Survivor+1","Neutralize","Terror+1","Sucker Punch+1","Corpse Explosion","Deflect","Dodge and Roll","Backflip","Escape Plan","Deadly Poison+1"],"special_seed":0,"relics":["Ring of the Snake","NeowsBlessing","Golden Idol","Unceasing Top","Gremlin Horn","Odd Mushroom"],"potions_floor_usage":[],"damage_taken":[{"damage":0.0,"enemies":"Cultist","floor":1.0,"turns":1.0},{"damage":0.0,"enemies":"Jaw Worm","floor":4.0,"turns":1.0},{"damage":0.0,"enemies":"Small Slimes","floor":5.0,"turns":1.0},{"damage":29.0,"enemies":"Gremlin Nob","floor":10.0,"turns":6.0},{"damage":0.0,"enemies":"Exordium Wildlife","floor":12.0,"turns":3.0},{"damage":0,"enemies":"The Mushroom Lair","floor":14,"turns":2},{"damage":28,"enemies":"The Guardian","floor":16,"turns":5}],"seed_played":"-5556285231323519408","potions_obtained":[{"floor":1.0,"key":"Weak Potion"}],"is_trial":false,"path_per_floor":["M","$","?","M","M","R","?","?","T","E","R","M","?","?","R","B"],"character_chosen":"THE_SILENT","items_purchased":["Sucker Punch"],"campfire_rested":1,"item_purchase_floors":[2],"current_hp_per_floor":[59,59,59,59,59,59,39,39,39,10,28,28,28,28,28,0],"gold":139,"neow_bonus":"THREE_ENEMY_KILL","is_prod":false,"is_daily":false,"chose_seed":false,"campfire_upgraded":2,"win_rate":0,"timestamp":1547334800,"path_taken":["M","$","?","M","?","R","?","?","T","E","R","M","?","?","R","BOSS"],"build_version":"2019-01-10","purchased_purges":1,"victory":false,"max_hp_per_floor":[66,66,66,66,66,66,66,60,60,60,60,60,60,60,60,60],"card_choices":[{"not_picked":["Finisher","Cloak And Dagger"],"picked":"Terror","floor":1.0},{"not_picked":["Tactician","Sucker Punch"],"picked":"Deflect","floor":4.0},{"not_picked":["Accuracy","Choke"],"picked":"Dodge and Roll","floor":5.0},{"not_picked":["Flechettes","Deflect"],"picked":"Backflip","floor":10.0},{"not_picked":["Backflip","Deadly Poison"],"picked":"Escape Plan","floor":12.0},{"not_picked":["Dagger Spray","Acrobatics"],"picked":"Deadly Poison","floor":14}],"player_experience":1064726,"relics_obtained":[{"floor":9.0,"key":"Unceasing Top"},{"floor":10.0,"key":"Gremlin Horn"},{"floor":14,"key":"Odd Mushroom"}],"event_choices":[{"damage_healed":0.0,"max_hp_gain":0.0,"max_hp_loss":0.0,"gold_gain":0.0,"cards_transformed":["Defend_G"],"event_name":"Transmorgrifier","player_choice":"Transformed","floor":3.0,"gold_loss":0.0,"damage_taken":0.0,"cards_obtained":["Corpse Explosion"]},{"damage_healed":0.0,"max_hp_gain":0.0,"max_hp_loss":0.0,"gold_gain":0.0,"event_name":"Shining Light","player_choice":"Entered Light","floor":7.0,"gold_loss":0.0,"damage_taken":20.0,"cards_upgraded":["Survivor","Strike_G"]},{"damage_healed":0.0,"max_hp_gain":0.0,"max_hp_loss":6.0,"gold_gain":0.0,"event_name":"Golden Idol","player_choice":"Lose Max HP","floor":8.0,"gold_loss":0.0,"damage_taken":0.0,"relics_obtained":["Golden Idol"]},{"damage_healed":0.0,"max_hp_gain":0.0,"max_hp_loss":0.0,"gold_gain":0.0,"event_name":"Living Wall","player_choice":"Grow","floor":13.0,"gold_loss":0.0,"damage_taken":0.0,"cards_upgraded":["Sucker Punch"]},{"damage_healed":0,"gold_gain":0,"player_choice":"Fought Mushrooms","damage_taken":0,"max_hp_gain":0,"max_hp_loss":0,"event_name":"Mushrooms","floor":14,"gold_loss":0}],"is_beta":false,"boss_relics":[],"items_purged_floors":[2],"is_endless":false,"potions_floor_spawned":[1],"killed_by":"The Guardian","ascension_level":16}