{"gold_per_floor":[119,69,244,308,0,0,10,41,119,119,150,167,178,178,178,255,255,272,15,32,42,0,0,0],"floor_reached":24,"playtime":1575,"items_purged":["Doubt","Strike_B"],"score":389,"play_id":"6a8c2a1e-f323-4774-a1ef-9674f0ba5a5d","local_time":"20190409120042","is_ascension_mode":true,"campfire_choices":[{"data":"Sunder","floor":6,"key":"SMITH"},{"floor":10,"key":"REST"},{"data":"Zap","floor":15,"key":"SMITH"},{"floor":23,"key":"REST"}],"neow_cost":"NONE","seed_source_timestamp":449201882233955,"circlet_count":0,"master_deck":["AscendersBane","Strike_B","Strike_B","Defend_B","Defend_B","Defend_B","Defend_B","Zap+1","Dualcast","Sunder+1","Consume","White Noise","Conserve Battery","Streamline","Conserve Battery","Meteor Strike","Fusion","Chill","Madness","Defragment","Steam","Chill"],"relics":["Cracked Core","NeowsBlessing","Membership Card","Blue Candle","Dodecahedron","Mercury Hourglass","Nuclear Battery","ClockworkSouvenir"],"potions_floor_usage":[11,11,16,21],"damage_taken":[{"damage":0,"enemies":"Jaw Worm","floor":1,"turns":1},{"damage":0,"enemies":"Small Slimes","floor":7,"turns":1},{"damage":0,"enemies":"3 Sentries","floor":8,"turns":1},{"damage":8,"enemies":"Gremlin Nob","floor":11,"turns":3},{"damage":0,"enemies":"Cultist","floor":12,"turns":4},{"damage":8,"enemies":"Large Slime","floor":13,"turns":4},{"damage":58,"enemies":"Hexaghost","floor":16,"turns":11},{"damage":28,"enemies":"Chosen","floor":18,"turns":5},{"damage":14,"enemies":"Spheric Guardian","floor":20,"turns":4},{"damage":10,"enemies":"3 Cultists","floor":21,"turns":6},{"damage":29,"enemies":"Book of Stabbing","floor":24,"turns":3}],"seed_played":"8805921395334139381","potions_obtained":[{"floor":1,"key":"Strength Potion"},{"floor":12,"key":"Swift Potion"},{"floor":20,"key":"PowerPotion"},{"floor":21,"key":"Energy Potion"}],"is_trial":false,"path_per_floor":["M","?","?","?","$","R","M","E","T","R","E","M","M","?","R","B",null,"M","$","M","M","?","R","E"],"character_chosen":"DEFECT","items_purchased":["Membership Card","AttackPotion","ClockworkSouvenir","Chill","Madness","Defragment"],"campfire_rested":2,"item_purchase_floors":[5,5,19,19,19,19],"current_hp_per_floor":[64,64,64,64,64,64,64,64,64,71,63,63,55,60,60,2,58,30,30,16,6,6,28,0],"gold":0,"neow_bonus":"THREE_ENEMY_KILL","is_prod":false,"is_daily":false,"chose_seed":false,"campfire_upgraded":2,"win_rate":0,"timestamp":1554807642,"path_taken":["M","?","?","?","$","R","?","E","T","R","E","?","M","?","R","BOSS","M","$","M","M","?","R","E"],"build_version":"2019-01-23","purchased_purges":2,"victory":false,"max_hp_per_floor":[71,71,71,71,71,71,71,71,71,71,71,71,71,76,76,76,76,76,76,76,76,76,76,76],"card_choices":[{"not_picked":["Storm","Steam Power"],"picked":"Sunder","floor":1},{"not_picked":["Storm","Leap"],"picked":"Consume","floor":7},{"not_picked":["Steam","Leap"],"picked":"White Noise","floor":8},{"not_picked":["Steam","Chill"],"picked":"Conserve Battery","floor":11},{"not_picked":["Hello World","Stack"],"picked":"Streamline","floor":12},{"not_picked":["Streamline","Lockon"],"picked":"Conserve Battery","floor":13},{"not_picked":["Rainbow","Buffer"],"picked":"Meteor Strike","floor":16},{"not_picked":["Cold Snap","FTL"],"picked":"Fusion","floor":18},{"not_picked":["Blizzard","Turbo"],"picked":"Steam","floor":20},{"not_picked":["Beam Cell","Genetic Algorithm"],"picked":"Chill","floor":21}],"player_experience":963308,"relics_obtained":[{"floor":8,"key":"Blue Candle"},{"floor":9,"key":"Dodecahedron"},{"floor":11,"key":"Mercury Hourglass"}],"event_choices":[{"cards_removed":["Strike_B"],"damage_healed":0,"gold_gain":0,"player_choice":"Card Removal","damage_taken":0,"max_hp_gain":0,"max_hp_loss":0,"event_name":"The Cleric","floor":2,"gold_loss":50},{"damage_healed":0,"gold_gain":175,"player_choice":"AGREE","damage_taken":0,"max_hp_gain":0,"max_hp_loss":0,"event_name":"Liars Game","floor":3,"gold_loss":0,"cards_obtained":["Doubt"]},{"damage_healed":0,"gold_gain":64,"player_choice":"Gained Gold","damage_taken":0,"max_hp_gain":0,"max_hp_loss":0,"event_name":"Golden Wing","floor":4,"gold_loss":0},{"damage_healed":0,"gold_gain":0,"player_choice":"Donut","damage_taken":0,"max_hp_gain":5,"max_hp_loss":0,"event_name":"Big Fish","floor":14,"gold_loss":0},{"damage_healed":0,"gold_gain":0,"player_choice":"Paid Fearfully","damage_taken":0,"max_hp_gain":0,"max_hp_loss":0,"event_name":"Masked Bandits","floor":22,"gold_loss":42}],"is_beta":false,"boss_relics":[{"not_picked":["Coffee Dripper","Runic Pyramid"],"picked":"Nuclear Battery"}],"items_purged_floors":[5,19],"is_endless":false,"potions_floor_spawned":[1,8,12,20,21],"killed_by":"Book of Stabbing","ascension_level":14}