{"path_per_floor":["M","$","?","M","M","R","E","R","T","?","M","R","$","T","R","B",null,"M","?","M","?","M","E","R","M","T","R","E","M","M","E","R","B",null,"M","M","?","?","M","$","R","M","T","?","?","?","?","E","R"],"character_chosen":"THE_SILENT","items_purchased":["Mercury Hourglass","Prepared","Escape Plan","Regen Potion","Shuriken","Prepared","Noxious Fumes"],"gold_per_floor":[367,8,8,22,36,36,67,67,117,82,97,97,10,10,10,105,105,120,70,80,80,90,123,123,140,140,140,171,185,204,236,236,334,334,345,362,462,508,528,36,36,52,52,52,52,52,0,26,26],"floor_reached":50,"campfire_rested":3,"playtime":3238,"current_hp_per_floor":[69,69,69,69,60,60,49,49,49,66,63,63,63,63,63,20,70,70,70,70,70,46,20,56,49,49,49,49,47,42,35,70,36,70,70,65,65,52,52,52,52,52,52,43,43,43,43,15,51],"items_purged":["Injury","Doubt"],"gold":26,"score":603,"play_id":"34113d84-1b05-49db-b32b-32e787e10ac3","is_prod":false,"is_daily":false,"is_ascension_mode":true,"campfire_upgraded":6,"path_taken":["M","$","?","M","M","R","E","R","T","?","M","R","?","?","R","BOSS","M","?","?","?","?","E","R","M","T","R","E","M","M","E","R","BOSS","M","M","?","?","M","$","R","M","T","?","?","?","?","E","R","BOSS"],"build_version":"2018-02-12-PROD1","purchased_purges":2,"victory":false,"master_deck":["Defend_G","Defend_G","Defend_G","Defend_G","Defend_G","Strike_G","Strike_G","Strike_G","Strike_G","Strike_G","Survivor+1","Neutralize+1","Prepared+1","Poisoned Stab","Endless Agony","Tactician+1","Sucker Punch+1","Escape Plan","Tools of the Trade+1","Injury","Injury","Acrobatics","Eviscerate","Finisher","Poisoned Stab","Backflip+1","Slice","Acrobatics","Adrenaline","Deflect","Deflect+1","Tactician+1","Acrobatics+1","Backflip+1","Prepared+1","Prepared+1","Noxious Fumes","Eviscerate+1","Underhanded Strike+1","Madness","Madness","Neutralize","Good Instincts","Bouncing Flask","Noxious Fumes"],"max_hp_per_floor":[70,70,70,70,70,70,70,70,70,70,70,70,70,70,70,70,70,70,70,70,70,70,70,70,70,70,70,70,70,70,70,70,70,70,70,70,70,70,70,70,70,70,70,70,70,70,70,70,70],"relics":["Ring of the Snake","Mercury Hourglass","Centennial Puzzle","Vajra","Bag of Preparation","Calling Bell","Prayer Wheel","Tingsha","Snake Skull","Bag of Marbles","Regal Pillow","Ginger","Juzu Bracelet","Thread and Needle","The Specimen","Unceasing Top","Shuriken","Sundial","Red Mask","Bird Faced Urn"],"card_choices":[{"not_picked":["Malaise","Footwork"],"picked":"Poisoned Stab"},{"not_picked":["All Out Attack","Reflex"],"picked":"Endless Agony"},{"not_picked":["Acrobatics","Backflip"],"picked":"Tactician"},{"not_picked":["Deadly Poison","Outmaneuver"],"picked":"Sucker Punch"},{"not_picked":["Burst","Glass Knife"],"picked":"Tools of the Trade"},{"not_picked":["Well Laid Plans","Poisoned Stab"],"picked":"Acrobatics"},{"not_picked":["All Out Attack","Well Laid Plans"],"picked":"Eviscerate"},{"not_picked":["Quick Slash","Bane"],"picked":"Finisher"},{"not_picked":["Expertise","Phantasmal Killer"],"picked":"Poisoned Stab"},{"not_picked":["PiercingWail","Deadly Poison"],"picked":"Backflip"},{"not_picked":["Leg Sweep","Riddle With Holes"],"picked":"Slice"},{"not_picked":["Outmaneuver","Deadly Poison"],"picked":"Acrobatics"},{"not_picked":["Prepared","Terror"],"picked":"Adrenaline"},{"not_picked":["Caltrops","Deadly Poison"],"picked":"Deflect"},{"not_picked":["Poisoned Stab","Blade Dance"],"picked":"Deflect"},{"not_picked":["Burst","Bullet Time"],"picked":"Tactician"},{"not_picked":["Backflip","Dagger Spray"],"picked":"Acrobatics"},{"not_picked":["Finisher","Well Laid Plans"],"picked":"Backflip"},{"not_picked":["Poisoned Stab","Phantasmal Killer"],"picked":"Prepared"},{"not_picked":["Acrobatics","Masterful Stab"],"picked":"Eviscerate"},{"not_picked":["Endless Agony","Flechettes"],"picked":"Underhanded Strike"},{"not_picked":["Poisoned Stab","Caltrops"],"picked":"Noxious Fumes"}],"player_experience":84747,"potions_floor_usage":[16,22,23,23,28,33,35,48,48,50],"damage_taken":[{"damage":1,"enemies":"Small Slimes","floor":1,"turns":4},{"damage":0,"enemies":"Blue Slaver","floor":4,"turns":5},{"damage":9,"enemies":"Jaw Worm","floor":5,"turns":4},{"damage":11,"enemies":"3 Sentries","floor":7,"turns":7},{"damage":3,"enemies":"Exordium Thugs","floor":11,"turns":5},{"damage":52,"enemies":"Hexaghost","floor":16,"turns":14},{"damage":0,"enemies":"3 Byrds","floor":18,"turns":4},{"damage":0,"enemies":"Chosen","floor":20,"turns":3},{"damage":24,"enemies":"Slaver and Parasite","floor":22,"turns":6},{"damage":26,"enemies":"Gremlin Leader","floor":23,"turns":7},{"damage":7,"enemies":"Snake Plant","floor":25,"turns":2},{"damage":0,"enemies":"Slavers","floor":28,"turns":3},{"damage":2,"enemies":"Cultist and Chosen","floor":29,"turns":3},{"damage":5,"enemies":"Snecko","floor":30,"turns":3},{"damage":7,"enemies":"Book of Stabbing","floor":31,"turns":4},{"damage":34,"enemies":"Automaton","floor":33,"turns":10},{"damage":0,"enemies":"Orb Walker","floor":35,"turns":3},{"damage":5,"enemies":"3 Darklings","floor":36,"turns":4},{"damage":13,"enemies":"Mysterious Sphere","floor":38,"turns":6},{"damage":0,"enemies":"Sphere and 2 Shapes","floor":39,"turns":3},{"damage":0,"enemies":"4 Shapes","floor":42,"turns":3},{"damage":40,"enemies":"Nemesis","floor":48,"turns":7},{"damage":58,"enemies":"Awakened One","floor":50,"turns":7}],"event_choices":[{"event_name":"Accursed Blacksmith","player_choice":"Forge","floor":3,"damage_taken":0},{"event_name":"The Cleric","player_choice":"Healed","floor":10,"damage_taken":0},{"event_name":"The Joust","player_choice":"Bet on Owner","floor":19,"damage_taken":0},{"event_name":"The Mausoleum","player_choice":"Yes","floor":21,"damage_taken":0},{"event_name":"Golden Shrine","player_choice":"Pray","floor":37,"damage_taken":0},{"event_name":"Mysterious Sphere","player_choice":"Fight","floor":38,"damage_taken":0},{"event_name":"Winding Halls","player_choice":"Embrace Madness","floor":44,"damage_taken":0},{"event_name":"Match and Keep!","player_choice":"3 cards matched","floor":45,"damage_taken":0},{"event_name":"Upgrade Shrine","player_choice":"Upgraded","floor":46,"damage_taken":0},{"event_name":"Tomb of Lord Red Mask","player_choice":"Paid","floor":47,"damage_taken":0}],"boss_relics":[{"not_picked":["Lizard Tail","Tiny House"],"picked":"Calling Bell"},{"not_picked":["White Beast Statue","Runic Dome"],"picked":"The Specimen"}],"potions_floor_spawned":[7,11,18,25,28,29,30,35,38,39],"seed_played":"7440050025976937204","killed_by":"Awakened One","ascension_level":2,"is_trial":false}