{"gold_per_floor":[110,121,144,158,174,200,212,212,212,212,230,262,277,277,277,375,375,390,90,90,90,108,108,108],"floor_reached":24,"playtime":937,"items_purged":["Strike_B"],"score":208,"play_id":"ae554de5-28eb-4ce2-9f88-c90f1be9f798","local_time":"20190227213927","is_ascension_mode":false,"campfire_choices":[{"floor":8,"key":"REST"},{"data":"Lockon","floor":10,"key":"SMITH"},{"floor":15,"key":"REST"},{"floor":23,"key":"REST"}],"neow_cost":"NONE","seed_source_timestamp":375664124739500,"circlet_count":0,"master_deck":["Strike_B","Strike_B","Strike_B","Defend_B","Defend_B","Defend_B","Defend_B","Zap","Dualcast","BootSequence","Lockon+1","Darkness","Heatsinks","Loop","Hologram","Force Field","Storm","Coolheaded","Creative AI","Static Discharge","Necronomicurse","Writhe","Lockon+1"],"relics":["Cracked Core","Potion Belt","Happy Flower","Pantograph","PreservedInsect","Molten Egg 2","Nuclear Battery","Art of War","Necronomicon","Shuriken"],"potions_floor_usage":[5,12,16],"damage_taken":[{"damage":1,"enemies":"Cultist","floor":1,"turns":3},{"damage":0,"enemies":"2 Louse","floor":2,"turns":3},{"damage":7,"enemies":"Small Slimes","floor":4,"turns":3},{"damage":6,"enemies":"Gremlin Gang","floor":5,"turns":3},{"damage":45,"enemies":"Lagavulin","floor":6,"turns":7},{"damage":5,"enemies":"Looter","floor":7,"turns":3},{"damage":0,"enemies":"Blue Slaver","floor":11,"turns":2},{"damage":32,"enemies":"Gremlin Nob","floor":12,"turns":5},{"damage":2,"enemies":"2 Fungi Beasts","floor":13,"turns":4},{"damage":25,"enemies":"The Guardian","floor":16,"turns":10},{"damage":33,"enemies":"3 Byrds","floor":18,"turns":6},{"damage":18,"enemies":"Spheric Guardian","floor":22,"turns":5},{"damage":45,"enemies":"Slavers","floor":24,"turns":3}],"seed_played":"3569244688056730899","potions_obtained":[{"floor":1,"key":"AttackPotion"},{"floor":2,"key":"Ancient Potion"},{"floor":6,"key":"EssenceOfSteel"},{"floor":12,"key":"SneckoOil"},{"floor":13,"key":"SpeedPotion"},{"floor":18,"key":"Block Potion"}],"is_trial":false,"path_per_floor":["M","M","T","M","M","E","M","R","T","R","M","E","M","?","R","B",null,"M","$","?","?","M","R","E"],"character_chosen":"DEFECT","items_purchased":["Art of War","Static Discharge"],"campfire_rested":3,"item_purchase_floors":[19,19],"current_hp_per_floor":[81,81,81,74,68,23,18,42,42,42,42,10,8,8,32,32,82,49,49,33,33,15,39,0],"gold":108,"neow_bonus":"TEN_PERCENT_HP_BONUS","is_prod":false,"is_daily":false,"chose_seed":false,"campfire_upgraded":1,"win_rate":0,"timestamp":1551332367,"path_taken":["M","?","?","?","M","E","M","R","T","R","M","E","M","?","R","BOSS","M","$","?","?","M","R","E"],"build_version":"2019-01-23","purchased_purges":1,"victory":false,"max_hp_per_floor":[82,82,82,82,82,82,82,82,82,82,82,82,82,82,82,82,82,82,82,82,82,82,82,82],"card_choices":[{"not_picked":["Darkness","Rebound"],"picked":"BootSequence","floor":1},{"not_picked":["Scrape","BootSequence"],"picked":"Lockon","floor":2},{"not_picked":["Compile Driver","Recycle"],"picked":"Darkness","floor":4},{"not_picked":["Conserve Battery","Streamline"],"picked":"Heatsinks","floor":5},{"not_picked":["Hologram","Core Surge"],"picked":"Loop","floor":6},{"not_picked":["Leap","Beam Cell"],"picked":"Hologram","floor":7},{"not_picked":["Gash","Stack"],"picked":"Force Field","floor":11},{"not_picked":["BootSequence","Defragment"],"picked":"Storm","floor":12},{"not_picked":["Rebound","Cold Snap"],"picked":"Coolheaded","floor":13},{"not_picked":["Buffer","Electrodynamics"],"picked":"Creative AI","floor":16},{"not_picked":["BootSequence","Stack","Go for the Eyes+1"],"picked":"SKIP","floor":18},{"not_picked":["Undo","Aggregate+1"],"picked":"Lockon+1","floor":22}],"player_experience":86055,"relics_obtained":[{"floor":3,"key":"Potion Belt"},{"floor":6,"key":"Happy Flower"},{"floor":9,"key":"Pantograph"},{"floor":12,"key":"PreservedInsect"},{"floor":20,"key":"Necronomicon"}],"event_choices":[{"damage_healed":0,"gold_gain":0,"player_choice":"Gave Potion","damage_taken":0,"relics_obtained":["Molten Egg 2"],"max_hp_gain":0,"max_hp_loss":0,"event_name":"WeMeetAgain","floor":14,"gold_loss":0},{"damage_healed":0,"gold_gain":0,"player_choice":"Obtained Book","damage_taken":16,"max_hp_gain":0,"max_hp_loss":0,"event_name":"Cursed Tome","floor":20,"gold_loss":0},{"damage_healed":0,"gold_gain":0,"player_choice":"Opened","damage_taken":0,"relics_obtained":["Shuriken"],"max_hp_gain":0,"max_hp_loss":0,"event_name":"The Mausoleum","floor":21,"gold_loss":0,"cards_obtained":["Writhe"]}],"is_beta":false,"boss_relics":[{"not_picked":["Sozu","Inserter"],"picked":"Nuclear Battery"}],"items_purged_floors":[19],"is_endless":false,"potions_floor_spawned":[1,2,6,12,13,18],"killed_by":"Slavers","ascension_level":0}