{"path_per_floor":["M","M","?","$","?","R","E","R","T","$","E","?","E","?","R","B",null,"M","?","$","?","M"],"character_chosen":"THE_SILENT","items_purchased":["Dash","Mind Blast","Oddly Smooth Stone"],"gold_per_floor":[111,122,122,45,45,45,107,107,107,7,38,38,68,18,18,116,116,134,134,19,19,35],"floor_reached":23,"campfire_rested":0,"playtime":701,"current_hp_per_floor":[63,57,57,57,57,57,43,43,43,43,42,42,37,37,37,18,52,52,52,52,52,52],"items_purged":[],"gold":35,"score":254,"play_id":"593613bd-c7f3-4f05-9bf8-4dfdc371480c","is_prod":false,"is_daily":false,"is_ascension_mode":true,"campfire_upgraded":3,"path_taken":["M","?","?","$","?","R","E","R","T","?","E","?","E","?","R","BOSS","M","?","$","?","M","E"],"build_version":"2018-02-15-PROD1","purchased_purges":0,"victory":false,"master_deck":["Defend_G+1","Defend_G+1","Defend_G+1","Strike_G+1","Strike_G+1","Strike_G+1","Survivor","Neutralize+1","Glass Knife+1","Dagger Throw","Acrobatics","Dash","Endless Agony+1","Deflect","Mind Blast+1","Dagger Spray","Prepared","Doppelganger","Dash+1","Slice+1","Caltrops+1","Noxious Fumes+1","Blur"],"max_hp_per_floor":[63,63,63,63,63,63,63,63,63,63,63,63,63,63,63,63,63,63,63,63,63,63],"relics":["Ring of the Snake","Tiny Chest","Dead Branch","The Courier","Astrolabe","Oddly Smooth Stone","Nloth\u0027s Gift"],"card_choices":[{"not_picked":["Wraith Form","Night Terror"],"picked":"Glass Knife"},{"not_picked":["Heel Hook","Backflip"],"picked":"Dagger Throw"},{"not_picked":["Accuracy","Well Laid Plans"],"picked":"Acrobatics"},{"not_picked":["Eviscerate","Bouncing Flask"],"picked":"Deflect"},{"not_picked":["Phantasmal Killer","Flying Knee"],"picked":"Dagger Spray"},{"not_picked":["Concentrate","Sucker Punch"],"picked":"Prepared"},{"not_picked":["Corpse Explosion","Grand Finale"],"picked":"Doppelganger"},{"not_picked":["Well Laid Plans","Endless Agony"],"picked":"Noxious Fumes"},{"not_picked":["Leg Sweep","Acrobatics"],"picked":"Blur"}],"player_experience":192292,"potions_floor_usage":[11,13,16],"damage_taken":[{"damage":0,"enemies":"Cultist","floor":1,"turns":3},{"damage":6,"enemies":"2 Louse","floor":2,"turns":2},{"damage":14,"enemies":"Lagavulin","floor":7,"turns":7},{"damage":13,"enemies":"3 Sentries","floor":11,"turns":5},{"damage":20,"enemies":"Lagavulin","floor":13,"turns":6},{"damage":19,"enemies":"Slime Boss","floor":16,"turns":7},{"damage":0,"enemies":"Spheric Guardian","floor":18,"turns":3},{"damage":0,"enemies":"Chosen","floor":22,"turns":2},{"damage":53,"enemies":"Gremlin Leader","floor":23,"turns":7}],"event_choices":[{"event_name":"Living Wall","player_choice":"Grow","floor":3,"damage_taken":0},{"event_name":"Match and Keep!","player_choice":"1 cards matched","floor":5,"damage_taken":0},{"event_name":"Dead Adventurer","player_choice":"Searched \u00271\u0027 times","floor":12,"damage_taken":0},{"event_name":"The Cleric","player_choice":"Card Removal","floor":14,"damage_taken":0},{"event_name":"Back to Basics","player_choice":"Simplicity","floor":19,"damage_taken":0},{"event_name":"N\u0027loth","player_choice":"Traded a Juzu Bracelet","floor":21,"damage_taken":0}],"boss_relics":[{"not_picked":["Lizard Tail","Runic Dome"],"picked":"Astrolabe"}],"potions_floor_spawned":[1,7,11,18],"seed_played":"-4619537388273372613","killed_by":"Gremlin Leader","ascension_level":5,"is_trial":false}