{"gold_per_floor":[115,127,105,105,24,24,40,66,91,103,144,168,180,202,214,304,316,343,270,293,305,317,329,367,379,391,120,133,133,147,174,174,174],"floor_reached":33,"playtime":1018,"items_purged":[],"score":498,"play_id":"0476bc8f-c3ca-42e3-a6ce-3ae5cbf56ccf","local_time":"20181019171906","is_ascension_mode":true,"campfire_choices":[{"data":"Cleave","floor":6,"key":"SMITH"},{"data":"Offering","floor":10,"key":"SMITH"},{"data":"Disarm","floor":15,"key":"SMITH"},{"floor":23,"key":"REST"},{"floor":29,"key":"REST"},{"floor":32,"key":"REST"}],"neow_cost":"NONE","seed_source_timestamp":774832940767975,"circlet_count":0,"master_deck":["Strike_R","Strike_R","Strike_R","Strike_R","Defend_R","Defend_R","Defend_R","Defend_R","Bash","AscendersBane","Thunderclap","Flame Barrier+1","Cleave+1","Shrug It Off","Offering+1","Clothesline","Headbutt","Metallicize","Disarm+1","Twin Strike","Juggernaut","Dual Wield","Inflame","Entrench","Anger","Iron Wave","Cleave","Blood for Blood"],"relics":["Burning Blood","Bag of Preparation","MawBank","Bag of Marbles","Mark of Pain","Paper Frog","Calipers","Blue Candle","Mango","Ornamental Fan","Blood Vial"],"potions_floor_usage":[7,20,28,28,31],"damage_taken":[{"damage":10,"enemies":"2 Louse","floor":1,"turns":4},{"damage":2,"enemies":"Jaw Worm","floor":2,"turns":5},{"damage":6,"enemies":"Cultist","floor":7,"turns":3},{"damage":23,"enemies":"3 Sentries","floor":8,"turns":6},{"damage":18,"enemies":"Gremlin Nob","floor":11,"turns":3},{"damage":0,"enemies":"Lots of Slimes","floor":12,"turns":1},{"damage":0,"enemies":"3 Louse","floor":14,"turns":3},{"damage":50,"enemies":"The Guardian","floor":16,"turns":12},{"damage":21,"enemies":"Shell Parasite","floor":18,"turns":4},{"damage":7,"enemies":"Chosen","floor":20,"turns":4},{"damage":39,"enemies":"Slavers","floor":24,"turns":5},{"damage":9,"enemies":"Snake Plant","floor":28,"turns":4},{"damage":19,"enemies":"Shelled Parasite and Fungi","floor":30,"turns":4},{"damage":53,"enemies":"Gremlin Leader","floor":31,"turns":8},{"damage":51,"enemies":"Champ","floor":33,"turns":9}],"seed_played":"-8629411403186820665","potions_obtained":[{"floor":2,"key":"SkillPotion"},{"floor":8,"key":"EssenceOfSteel"},{"floor":11,"key":"Swift Potion"},{"floor":24,"key":"AttackPotion"},{"floor":30,"key":"SkillPotion"}],"is_trial":false,"path_per_floor":["M","M","$","?","$","R","M","E","T","R","E","M","?","M","R","B",null,"M","?","M","$","?","R","E","T","T","$","M","R","M","E","R"],"character_chosen":"IRONCLAD","items_purchased":["Shrug It Off","Offering","Ornamental Fan","Anger"],"campfire_rested":3,"item_purchase_floors":[3,5,27,27],"current_hp_per_floor":[64,68,68,68,68,68,68,51,51,51,39,45,70,75,75,31,64,49,49,48,48,48,70,37,37,51,51,48,74,61,14,40,0],"gold":174,"neow_bonus":"TRANSFORM_CARD","is_prod":false,"is_daily":false,"chose_seed":false,"campfire_upgraded":3,"win_rate":0,"timestamp":1539994746,"path_taken":["M","M","$","?","$","R","?","E","T","R","E","M","?","M","R","BOSS","M","?","M","?","?","R","E","?","T","$","?","R","M","E","R","BOSS"],"build_version":"2018-10-18","purchased_purges":0,"victory":false,"max_hp_per_floor":[75,75,75,75,75,75,75,75,75,75,75,75,75,75,75,75,75,75,75,75,75,75,75,75,75,89,89,89,89,89,89,89,89],"card_choices":[{"not_picked":["Iron Wave","Twin Strike"],"picked":"Flame Barrier","floor":1},{"not_picked":["Armaments","Second Wind"],"picked":"Cleave","floor":2},{"not_picked":["Body Slam","Havoc"],"picked":"Clothesline","floor":7},{"not_picked":["Anger","Heavy Blade"],"picked":"Headbutt","floor":8},{"not_picked":["Heavy Blade","Juggernaut"],"picked":"Metallicize","floor":11},{"not_picked":["Clothesline","Clash"],"picked":"Disarm","floor":12},{"not_picked":["Dropkick","Armaments"],"picked":"Twin Strike","floor":14},{"not_picked":["Berserk","Brutality"],"picked":"Juggernaut","floor":16},{"not_picked":["Twin Strike","Heavy Blade"],"picked":"Dual Wield","floor":18},{"not_picked":["Spot Weakness","Thunderclap"],"picked":"Inflame","floor":20},{"not_picked":["Anger+1","Heavy Blade"],"picked":"Entrench","floor":24},{"not_picked":["Pommel Strike","Cleave"],"picked":"Iron Wave","floor":28},{"not_picked":["Berserk","Thunderclap"],"picked":"Cleave","floor":30},{"not_picked":["Evolve","Perfected Strike"],"picked":"Blood for Blood","floor":31}],"player_experience":562808,"relics_obtained":[{"floor":8,"key":"Bag of Preparation"},{"floor":9,"key":"MawBank"},{"floor":11,"key":"Bag of Marbles"},{"floor":24,"key":"Calipers"},{"floor":25,"key":"Blue Candle"},{"floor":26,"key":"Mango"},{"floor":31,"key":"Blood Vial"}],"event_choices":[{"damage_healed":0,"gold_gain":0,"player_choice":"Grow","damage_taken":0,"max_hp_gain":0,"max_hp_loss":0,"event_name":"Living Wall","floor":4,"gold_loss":0,"cards_upgraded":["Flame Barrier"]},{"damage_healed":25,"gold_gain":0,"player_choice":"Banana","damage_taken":0,"max_hp_gain":0,"max_hp_loss":0,"event_name":"Big Fish","floor":13,"gold_loss":0},{"damage_healed":0,"gold_gain":0,"player_choice":"Obtained Relic","damage_taken":0,"relics_obtained":["Paper Frog"],"max_hp_gain":0,"max_hp_loss":0,"event_name":"Addict","floor":19,"gold_loss":85},{"damage_healed":0,"gold_gain":0,"player_choice":"Ignored","damage_taken":0,"max_hp_gain":0,"max_hp_loss":0,"event_name":"Vampires","floor":22,"gold_loss":0}],"is_beta":false,"boss_relics":[{"not_picked":["Eternal Feather","Astrolabe"],"picked":"Mark of Pain"}],"items_purged_floors":[],"is_endless":false,"potions_floor_spawned":[2,8,11,16,24,30],"killed_by":"Champ","ascension_level":14}