{"gold_per_floor":[112,123,133,133,133,133,160,160,183,212,237,237,237,237,237,312,312,329,329,77,87,187,219,219,249,323,323,333,348,381,395,395,469,469,479,198,198,55,55,85,100,112,136,151,151,3,3,38,38,38],"floor_reached":51,"playtime":5164,"items_purged":["Pain","Strike_B","Defend_B"],"score":1350,"play_id":"ba5298aa-e731-45d5-8709-ff8463e5a459","local_time":"20190409133720","is_ascension_mode":true,"campfire_choices":[{"data":"Zap","floor":6.0,"key":"SMITH"},{"data":"Static Discharge","floor":8.0,"key":"SMITH"},{"data":"Biased Cognition","floor":12.0,"key":"SMITH"},{"floor":15.0,"key":"REST"},{"data":"Creative AI","floor":24.0,"key":"SMITH"},{"data":"Dualcast","floor":27,"key":"SMITH"},{"data":"Recycle","floor":32,"key":"SMITH"},{"floor":45,"key":"REST"},{"floor":47,"key":"RECALL"},{"floor":49,"key":"REST"}],"neow_cost":"NONE","seed_source_timestamp":0,"circlet_count":0,"master_deck":["AscendersBane","Strike_B+1","Defend_B","Defend_B","Defend_B","Zap+1","Dualcast+1","Ball Lightning","Cold Snap","Recycle+1","Static Discharge+1","Biased Cognition+1","Electrodynamics","Reinforced Body","Self Repair","Panacea","Cold Snap","Creative AI+1","Glacier","Turbo","Secret Technique","Madness","Madness","Coolheaded","FTL+1","Parasite","Conserve Battery","Go for the Eyes+1"],"special_seed":0,"relics":["FrozenCore","Vajra","Mummified Hand","Boot","Orichalcum","Bag of Marbles","Cables","WarpedTongs","DataDisk","Ancient Tea Set","Bottled Tornado","Molten Egg 2","Fusion Hammer","Centennial Puzzle","Shuriken","Art of War","Kunai"],"potions_floor_usage":[30,42,50],"damage_taken":[{"damage":1.0,"enemies":"Cultist","floor":1.0,"turns":4.0},{"damage":7.0,"enemies":"Jaw Worm","floor":2.0,"turns":2.0},{"damage":0.0,"enemies":"2 Louse","floor":3.0,"turns":3.0},{"damage":18.0,"enemies":"Lagavulin","floor":7.0,"turns":7.0},{"damage":8.0,"enemies":"3 Sentries","floor":10.0,"turns":6.0},{"damage":6.0,"enemies":"Hexaghost","floor":16.0,"turns":7.0},{"damage":0.0,"enemies":"Chosen","floor":18.0,"turns":3.0},{"damage":2.0,"enemies":"2 Thieves","floor":21.0,"turns":2.0},{"damage":7.0,"enemies":"Slavers","floor":23.0,"turns":4.0},{"damage":6,"enemies":"Book of Stabbing","floor":25,"turns":3},{"damage":11,"enemies":"Snake Plant","floor":28,"turns":3},{"damage":0,"enemies":"Cultist and Chosen","floor":29,"turns":5},{"damage":5,"enemies":"Slavers","floor":30,"turns":3},{"damage":12,"enemies":"Shelled Parasite and Fungi","floor":31,"turns":8},{"damage":0,"enemies":"Automaton","floor":33,"turns":6},{"damage":0,"enemies":"3 Shapes","floor":35,"turns":2},{"damage":2,"enemies":"Reptomancer","floor":40,"turns":6},{"damage":10,"enemies":"Orb Walker","floor":41,"turns":4},{"damage":7,"enemies":"Writhing Mass","floor":42,"turns":6},{"damage":0,"enemies":"Maw","floor":44,"turns":11},{"damage":1,"enemies":"Giant Head","floor":48,"turns":11},{"damage":13,"enemies":"Awakened One","floor":50,"turns":15}],"seed_played":"-8342680243568599305","potions_obtained":[{"floor":3.0,"key":"SteroidPotion"},{"floor":10.0,"key":"AttackPotion"},{"floor":25,"key":"SteroidPotion"},{"floor":28,"key":"Swift Potion"},{"floor":29,"key":"GamblersBrew"},{"floor":30,"key":"SteroidPotion"},{"floor":44,"key":"Energy Potion"},{"floor":48,"key":"SkillPotion"}],"is_trial":false,"path_per_floor":["M","M","M","?","?","R","E","R","T","E","T","R","T","?","R","B",null,"M","?","$","M","?","E","R","E","T","R","M","M","E","M","R","B",null,"M","$","?","$","?","E","M","M","T","M","R","$","R","E","R","B",null],"character_chosen":"DEFECT","items_purchased":["Self Repair","Panacea","Secret Technique","Centennial Puzzle","Conserve Battery"],"campfire_rested":3,"item_purchase_floors":[20,20,36,38,46],"current_hp_per_floor":[70,63,63,56,49,49,31,31,31,23,23,23,23,7,30,24,65,65,65,65,63,63,66,66,67,67,67,56,66,61,56,56,66,75,75,75,75,75,65,70,67,67,67,74,78,78,78,78,78,75],"gold":38,"neow_bonus":"TEN_PERCENT_HP_BONUS","is_prod":false,"is_daily":false,"chose_seed":false,"campfire_upgraded":6,"win_rate":0,"timestamp":1554813440,"path_taken":["M","M","M","?","?","R","E","R","T","E","?","R","?","?","R","BOSS","M","?","$","?","?","E","R","E","T","R","?","M","E","M","R","BOSS","M","$","?","$","?","E","M","M","T","M","R","?","R","E","R","BOSS"],"build_version":"2019-01-23","purchased_purges":3,"victory":true,"max_hp_per_floor":[78,78,78,78,78,78,78,78,78,78,78,78,78,78,78,78,78,78,78,78,78,78,78,78,78,78,78,78,78,78,78,78,78,78,78,78,78,78,78,78,78,78,78,78,78,78,78,78,78,78],"card_choices":[{"not_picked":["Auto Shields","Rip and Tear"],"picked":"Ball Lightning","floor":1.0},{"not_picked":["Consume","Capacitor"],"picked":"Cold Snap","floor":2.0},{"not_picked":["Gash","Capacitor"],"picked":"Recycle","floor":3.0},{"not_picked":["Skim","Heatsinks"],"picked":"Static Discharge","floor":7.0},{"not_picked":["Aggregate","Steam"],"picked":"Biased Cognition","floor":10.0},{"not_picked":["Amplify","Hyperbeam"],"picked":"Electrodynamics","floor":16.0},{"not_picked":["Ball Lightning","Blizzard"],"picked":"Reinforced Body","floor":18.0},{"not_picked":["Static Discharge","Aggregate+1"],"picked":"Cold Snap","floor":21.0},{"not_picked":["Gash","Steam"],"picked":"Creative AI","floor":23.0},{"not_picked":["Stack","Gash","Barrage"],"picked":"SKIP","floor":25},{"not_picked":["Consume","Steam"],"picked":"Glacier","floor":28},{"not_picked":["Rebound+1","Beam Cell","Genetic Algorithm+1"],"picked":"SKIP","floor":29},{"not_picked":["Gash+1","Genetic Algorithm","Redo"],"picked":"SKIP","floor":30},{"not_picked":["Recycle+1","Storm","Stack"],"picked":"SKIP","floor":31},{"not_picked":["Ball Lightning+1","Auto Shields"],"picked":"Turbo","floor":35},{"not_picked":["Auto Shields","Consume+1"],"picked":"Coolheaded","floor":40},{"not_picked":["Barrage+1","Compile Driver+1"],"picked":"FTL+1","floor":41},{"not_picked":["Rebound+1","Redo","Steam"],"picked":"SKIP","floor":42},{"not_picked":["Leap","Cold Snap+1","Beam Cell+1"],"picked":"SKIP","floor":44},{"not_picked":["Steam","Thunder Strike+1"],"picked":"Go for the Eyes+1","floor":48}],"player_experience":965410,"relics_obtained":[{"floor":7.0,"key":"Mummified Hand"},{"floor":9.0,"key":"Boot"},{"floor":10.0,"key":"Orichalcum"},{"floor":11.0,"key":"Bag of Marbles"},{"floor":13.0,"key":"Cables"},{"floor":23.0,"key":"DataDisk"},{"floor":25,"key":"Ancient Tea Set"},{"floor":26,"key":"Bottled Tornado"},{"floor":30,"key":"Molten Egg 2"},{"floor":40,"key":"Shuriken"},{"floor":43,"key":"Art of War"},{"floor":48,"key":"Kunai"}],"event_choices":[{"cards_removed":["Strike_B"],"damage_healed":0.0,"max_hp_gain":0.0,"max_hp_loss":0.0,"gold_gain":0.0,"event_name":"Golden Wing","player_choice":"Card Removal","floor":4.0,"gold_loss":0.0,"damage_taken":7.0},{"damage_healed":0.0,"max_hp_gain":0.0,"max_hp_loss":0.0,"gold_gain":0.0,"event_name":"Scrap Ooze","player_choice":"Success","floor":5.0,"gold_loss":0.0,"damage_taken":7.0,"relics_obtained":["Vajra"]},{"damage_healed":0.0,"max_hp_gain":0.0,"max_hp_loss":0.0,"gold_gain":0.0,"event_name":"Shining Light","player_choice":"Entered Light","floor":14.0,"gold_loss":0.0,"damage_taken":16.0,"cards_upgraded":["Strike_B","Strike_B"]},{"damage_healed":0.0,"max_hp_gain":0.0,"max_hp_loss":0.0,"gold_gain":0.0,"event_name":"Accursed Blacksmith","player_choice":"Rummage","floor":19.0,"gold_loss":0.0,"damage_taken":0.0,"relics_obtained":["WarpedTongs"],"cards_obtained":["Pain"]},{"damage_healed":0.0,"max_hp_gain":0.0,"max_hp_loss":0.0,"gold_gain":100.0,"event_name":"Golden Shrine","player_choice":"Pray","floor":22.0,"gold_loss":0.0,"damage_taken":0.0},{"cards_removed":["Strike_B"],"damage_healed":0,"gold_gain":0,"player_choice":"Removed Attack","damage_taken":0,"max_hp_gain":0,"max_hp_loss":0,"event_name":"Falling","floor":37,"gold_loss":0},{"damage_healed":0,"gold_gain":0,"player_choice":"Embrace Madness","damage_taken":10,"max_hp_gain":0,"max_hp_loss":0,"event_name":"Winding Halls","floor":39,"gold_loss":0,"cards_obtained":["Madness","Madness"]}],"is_beta":false,"boss_relics":[{"not_picked":["Runic Pyramid","Calling Bell"],"picked":"FrozenCore"},{"not_picked":["Pandora\u0027s Box","Lizard Tail"],"picked":"Fusion Hammer"}],"items_purged_floors":[20,36,46],"is_endless":false,"potions_floor_spawned":[3,10,25,28,29,30,44,48],"ascension_level":14}