{"gold_per_floor":[114,114,124,124,142,142,169,169,169,179,179,209,56,91,91,168,168,182,182,182,9,23,23,33,33,33,53,68,68,68,78,78,152,152,168,168,168,185,205,205,232,232,255,281,281,16,116,144,144,144,144,144,144,66,100,100],"floor_reached":57,"playtime":3517,"items_purged":["Strike_R","Strike_R"],"score":2762,"play_id":"f8a214d3-a3b5-4833-b1f9-8bf5aeaebf23","local_time":"20190416001214","is_ascension_mode":true,"campfire_choices":[{"data":"Inflame","floor":6.0,"key":"SMITH"},{"data":"Bash","floor":8.0,"key":"SMITH"},{"floor":11.0,"key":"REST"},{"data":"Sword Boomerang","floor":15,"key":"SMITH"},{"floor":23,"key":"REST"},{"floor":25,"key":"REST"},{"floor":30,"key":"REST"},{"floor":32,"key":"REST"},{"data":"Disarm","floor":40,"key":"SMITH"},{"data":"Uppercut","floor":42,"key":"SMITH"},{"floor":45,"key":"RECALL"},{"data":"Pummel","floor":49,"key":"SMITH"},{"data":"Dark Shackles","floor":53,"key":"SMITH"}],"neow_cost":"NONE","seed_source_timestamp":0,"circlet_count":0,"master_deck":["AscendersBane","Defend_R","Defend_R","Defend_R","Defend_R","Bash+1","Sword Boomerang+1","Anger+1","Inflame+1","Headbutt+1","Feel No Pain+1","Pummel+1","Reaper","Disarm+1","Necronomicurse","Inflame+1","Inflame+1","Metallicize+1","Demon Form+1","Feed","Iron Wave+1","Dark Shackles+1","Uppercut+1","Feel No Pain+1","Reaper+1","Uppercut+1","Exhume","Shrug It Off+1"],"special_seed":0,"relics":["Burning Blood","Pantograph","Frozen Egg 2","Bag of Marbles","Velvet Choker","Necronomicon","Omamori","Self Forming Clay","Cursed Key","Blue Candle","Bag of Preparation","Mango","Nunchaku","Whetstone","Pen Nib"],"potions_floor_usage":[18,22,27,29,41,56],"damage_taken":[{"damage":4.0,"enemies":"Jaw Worm","floor":1.0,"turns":5.0},{"damage":8.0,"enemies":"Small Slimes","floor":3.0,"turns":5.0},{"damage":8.0,"enemies":"2 Louse","floor":5.0,"turns":3.0},{"damage":30.0,"enemies":"Lagavulin","floor":7.0,"turns":6.0},{"damage":12.0,"enemies":"Looter","floor":10.0,"turns":3.0},{"damage":0.0,"enemies":"Gremlin Nob","floor":12.0,"turns":2.0},{"damage":13.0,"enemies":"3 Sentries","floor":14.0,"turns":8.0},{"damage":50,"enemies":"The Guardian","floor":16,"turns":7},{"damage":15,"enemies":"Spheric Guardian","floor":18,"turns":4},{"damage":31,"enemies":"Shell Parasite","floor":22,"turns":4},{"damage":35,"enemies":"3 Cultists","floor":24,"turns":5},{"damage":44,"enemies":"Shelled Parasite and Fungi","floor":27,"turns":4},{"damage":33,"enemies":"Snake Plant","floor":28,"turns":5},{"damage":21,"enemies":"Colosseum Slavers","floor":29,"turns":3},{"damage":9,"enemies":"3 Cultists","floor":31,"turns":3},{"damage":35,"enemies":"Champ","floor":33,"turns":8},{"damage":36,"enemies":"3 Darklings","floor":35,"turns":4},{"damage":22,"enemies":"3 Shapes","floor":38,"turns":14},{"damage":43,"enemies":"Spire Growth","floor":39,"turns":5},{"damage":31,"enemies":"Reptomancer","floor":41,"turns":4},{"damage":11,"enemies":"Nemesis","floor":44,"turns":3},{"damage":0,"enemies":"Mind Bloom Boss Battle","floor":47,"turns":4},{"damage":22,"enemies":"Giant Head","floor":48,"turns":5},{"damage":61,"enemies":"Time Eater","floor":50,"turns":8},{"damage":35,"enemies":"Donu and Deca","floor":51,"turns":8},{"damage":74,"enemies":"Shield and Spear","floor":55,"turns":7},{"damage":53,"enemies":"The Heart","floor":56,"turns":8}],"seed_played":"1241225245978226730","potions_obtained":[{"floor":5.0,"key":"Ancient Potion"},{"floor":10.0,"key":"SteroidPotion"},{"floor":14.0,"key":"Block Potion"},{"floor":20,"key":"AttackPotion"},{"floor":28,"key":"PowerPotion"},{"floor":31,"key":"Strength Potion"},{"floor":33,"key":"Poison Potion"},{"floor":39,"key":"SpeedPotion"},{"floor":44,"key":"BloodPotion"},{"floor":47,"key":"AttackPotion"},{"floor":55,"key":"PowerPotion"}],"is_trial":false,"path_per_floor":["M","?","M","?","M","R","E","R","T","M","R","E","$","E","R","B",null,"M","?","?","$","M","R","M","R","T","M","M","?","R","M","R","B",null,"M","?","?","M","M","R","E","R","T","E","R","$","?","E","R","B","B",null,"R","$","E","B",null],"character_chosen":"IRONCLAD","items_purchased":["Feel No Pain+1","Omamori","Reaper","Exhume"],"campfire_rested":5,"item_purchase_floors":[13,21,46,54],"current_hp_per_floor":[70,63,61,61,59,59,35,35,35,29,51,57,57,50,50,31,64,62,41,41,41,28,50,30,52,52,36,19,28,50,47,69,75,75,75,75,65,78,78,78,78,78,78,92,92,92,95,98,98,98,98,98,98,98,95,95],"gold":100,"neow_bonus":"REMOVE_CARD","is_prod":false,"is_daily":false,"chose_seed":false,"campfire_upgraded":7,"win_rate":0,"timestamp":1555395134,"path_taken":["M","?","M","?","M","R","E","R","T","M","R","E","$","E","R","BOSS","M","?","?","$","M","R","M","R","T","?","M","?","R","M","R","BOSS","M","?","?","M","M","R","E","R","T","E","R","$","?","E","R","BOSS","BOSS","R","$","E","BOSS"],"build_version":"2019-04-04","purchased_purges":2,"victory":true,"max_hp_per_floor":[75,75,75,75,75,75,75,75,75,75,75,75,75,75,75,75,75,75,75,75,75,75,75,75,75,75,75,75,75,75,75,75,75,75,75,75,75,78,78,78,78,78,78,92,92,92,95,98,98,98,98,98,98,98,98,98],"card_choices":[{"not_picked":["Thunderclap","Heavy Blade"],"picked":"Sword Boomerang","floor":1.0},{"not_picked":["Ghostly Armor","Clothesline"],"picked":"Anger","floor":3.0},{"not_picked":["Clothesline","Anger"],"picked":"Inflame","floor":5.0},{"not_picked":["Fire Breathing","Havoc","Rupture"],"picked":"SKIP","floor":7.0},{"not_picked":["Armaments","Dark Embrace"],"picked":"Headbutt","floor":10.0},{"not_picked":["Cleave","Body Slam","Clothesline"],"picked":"SKIP","floor":12.0},{"not_picked":["Reckless Charge","True Grit"],"picked":"Pummel","floor":14.0},{"not_picked":["Juggernaut+1","Brutality+1"],"picked":"Reaper","floor":16},{"not_picked":["Blood for Blood","Perfected Strike"],"picked":"Disarm","floor":18},{"not_picked":["Warcry","Iron Wave","Fire Breathing+1"],"picked":"SKIP","floor":22},{"not_picked":["Clash","Clothesline"],"picked":"Inflame+1","floor":24},{"not_picked":["Anger","Shrug It Off"],"picked":"Inflame+1","floor":27},{"not_picked":["Heavy Blade","Warcry+1"],"picked":"Metallicize+1","floor":28},{"not_picked":["Havoc","Infernal Blade"],"picked":"Demon Form+1","floor":31},{"not_picked":["Demon Form+1","Impervious"],"picked":"Feed","floor":33},{"not_picked":["Intimidate","Searing Blow"],"picked":"Iron Wave+1","floor":35},{"not_picked":["Secret Weapon","Good Instincts"],"picked":"Dark Shackles","floor":37},{"not_picked":["Wild Strike","Perfected Strike+1","Iron Wave+1"],"picked":"SKIP","floor":38},{"not_picked":["Spot Weakness","Carnage","Fire Breathing+1"],"picked":"SKIP","floor":39},{"not_picked":["Cleave+1","Iron Wave+1"],"picked":"Uppercut","floor":41},{"not_picked":["Body Slam","Rage+1"],"picked":"Feel No Pain+1","floor":44},{"not_picked":["Thunderclap","Cleave"],"picked":"Uppercut+1","floor":47},{"not_picked":["Anger","Immolate","Havoc"],"picked":"SKIP","floor":48},{"not_picked":["Blood for Blood+1","Fire Breathing+1"],"picked":"Shrug It Off+1","floor":55}],"player_experience":2898147,"relics_obtained":[{"floor":7.0,"key":"Pantograph"},{"floor":12.0,"key":"Frozen Egg 2"},{"floor":14.0,"key":"Bag of Marbles"},{"floor":19,"key":"Necronomicon"},{"floor":26,"key":"Self Forming Clay"},{"floor":41,"key":"Blue Candle"},{"floor":43,"key":"Bag of Preparation"},{"floor":44,"key":"Mango"},{"floor":47,"key":"Nunchaku"},{"floor":48,"key":"Whetstone"},{"floor":55,"key":"Pen Nib"}],"event_choices":[{"cards_removed":["Strike_R"],"damage_healed":0.0,"max_hp_gain":0.0,"max_hp_loss":0.0,"gold_gain":0.0,"event_name":"Golden Wing","player_choice":"Card Removal","floor":2.0,"gold_loss":0.0,"damage_taken":7.0},{"damage_healed":0.0,"max_hp_gain":0.0,"max_hp_loss":0.0,"gold_gain":0.0,"event_name":"Living Wall","player_choice":"Grow","floor":4.0,"gold_loss":0.0,"damage_taken":0.0,"cards_upgraded":["Anger"]},{"damage_healed":0,"gold_gain":0,"player_choice":"Obtained Book","damage_taken":21,"max_hp_gain":0,"max_hp_loss":0,"event_name":"Cursed Tome","floor":19,"gold_loss":0},{"damage_healed":0,"gold_gain":0,"player_choice":"Got Potions","damage_taken":0,"max_hp_gain":0,"max_hp_loss":0,"event_name":"Lab","floor":20,"gold_loss":0},{"damage_healed":0,"gold_gain":0,"player_choice":"Fight","damage_taken":0,"max_hp_gain":0,"max_hp_loss":0,"event_name":"Colosseum","floor":29,"gold_loss":0},{"damage_healed":0,"gold_gain":0,"player_choice":"Fled From Nobs","damage_taken":0,"max_hp_gain":0,"max_hp_loss":0,"event_name":"Colosseum","floor":29,"gold_loss":0},{"cards_removed":["Strike_R"],"damage_healed":0,"gold_gain":0,"player_choice":"Removed Attack","damage_taken":0,"max_hp_gain":0,"max_hp_loss":0,"event_name":"Falling","floor":36,"gold_loss":0},{"damage_healed":0,"gold_gain":0,"player_choice":"Memory 3","damage_taken":10,"max_hp_gain":0,"max_hp_loss":0,"event_name":"SensoryStone","floor":37,"gold_loss":0},{"damage_healed":0,"gold_gain":0,"player_choice":"Fight","damage_taken":0,"max_hp_gain":0,"max_hp_loss":0,"event_name":"MindBloom","floor":47,"gold_loss":0}],"is_beta":true,"boss_relics":[{"not_picked":["White Beast Statue","Calling Bell"],"picked":"Velvet Choker"},{"not_picked":["Black Blood","Runic Dome"],"picked":"Cursed Key"}],"items_purged_floors":[13,46],"is_endless":false,"potions_floor_spawned":[5,10,14,16,28,29,31,33,39,44,47,55],"ascension_level":20}