{"gold_per_floor":[209,226,226,3,14,14,43,59,111,131,131,31,58,73,73,146,146,162,37,55,81,81,99,99,132,184,214,214,231,257,8,8,82,82,93,315,368,368,381,381,481,25,51,51,51,78,78,103,103,103],"floor_reached":51,"playtime":10804,"items_purged":["Pain","Strike_G","Strike_G","Strike_G"],"score":1425,"play_id":"6888165e-c6a0-448e-83b0-2e3df2313fba","local_time":"20190318144230","is_ascension_mode":true,"campfire_choices":[{"data":"Neutralize","floor":6.0,"key":"SMITH"},{"data":"Footwork","floor":11.0,"key":"SMITH"},{"data":"Wraith Form v2","floor":15.0,"key":"SMITH"},{"data":"Adrenaline","floor":24.0,"key":"SMITH"},{"floor":32.0,"key":"REST"},{"floor":40,"key":"REST"},{"data":"Envenom","floor":45,"key":"SMITH"},{"floor":49,"key":"REST"}],"neow_cost":"NONE","seed_source_timestamp":0,"circlet_count":0,"master_deck":["AscendersBane","Defend_G","Defend_G","Defend_G","Defend_G","Survivor","Neutralize+1","Infinite Blades","Quick Slash","Choke","Endless Agony","Footwork+1","Wraith Form v2+1","Poisoned Stab","Adrenaline+1","Calculated Gamble","Cloak And Dagger","Cloak And Dagger+1","Grand Finale","Infinite Blades","Deadly Poison+1","Corpse Explosion","Injury","Noxious Fumes","Accuracy","Terror+1","Apotheosis+1","Well Laid Plans","Envenom+1","Cloak And Dagger+1","Backflip+1","Madness+1","Madness+1","PiercingWail+1","Adrenaline+1","Writhe","The Bomb+1","Blind+1","Dark Shackles+1","Finisher","Phantasmal Killer+1"],"special_seed":0,"relics":["Ring of the Snake","WarpedTongs","Bronze Scales","Darkstone Periapt","Regal Pillow","Oddly Smooth Stone","Cursed Key","Red Mask","Juzu Bracelet","Strawberry","Pen Nib","Toxic Egg 2","Lizard Tail","Unceasing Top","Ice Cream","Question Card","Smiling Mask","Sundial","Anchor"],"potions_floor_usage":[33,37,46,50],"damage_taken":[{"damage":1.0,"enemies":"Small Slimes","floor":1.0,"turns":4.0},{"damage":1.0,"enemies":"Cultist","floor":2.0,"turns":5.0},{"damage":3.0,"enemies":"2 Louse","floor":5.0,"turns":2.0},{"damage":5.0,"enemies":"Lagavulin","floor":7.0,"turns":7.0},{"damage":2.0,"enemies":"Large Slime","floor":8.0,"turns":6.0},{"damage":1.0,"enemies":"Blue Slaver","floor":10.0,"turns":3.0},{"damage":2.0,"enemies":"3 Sentries","floor":13.0,"turns":8.0},{"damage":3.0,"enemies":"Gremlin Gang","floor":14.0,"turns":4.0},{"damage":26.0,"enemies":"Hexaghost","floor":16.0,"turns":10.0},{"damage":3.0,"enemies":"Chosen","floor":18.0,"turns":5.0},{"damage":13.0,"enemies":"2 Thieves","floor":20.0,"turns":5.0},{"damage":1.0,"enemies":"Masked Bandits","floor":21.0,"turns":5.0},{"damage":0.0,"enemies":"Snake Plant","floor":23.0,"turns":5.0},{"damage":0.0,"enemies":"Book of Stabbing","floor":25.0,"turns":4.0},{"damage":4.0,"enemies":"Gremlin Leader","floor":27.0,"turns":5.0},{"damage":18.0,"enemies":"Cultist and Chosen","floor":29.0,"turns":5.0},{"damage":0.0,"enemies":"Book of Stabbing","floor":30.0,"turns":5.0},{"damage":29,"enemies":"Collector","floor":33,"turns":8},{"damage":0,"enemies":"3 Shapes","floor":35,"turns":3},{"damage":26,"enemies":"2 Orb Walkers","floor":37,"turns":4},{"damage":0,"enemies":"Orb Walker","floor":39,"turns":4},{"damage":4,"enemies":"Mind Bloom Boss Battle","floor":41,"turns":6},{"damage":4,"enemies":"Nemesis","floor":46,"turns":7},{"damage":1,"enemies":"Giant Head","floor":48,"turns":6},{"damage":72,"enemies":"Time Eater","floor":50,"turns":7}],"seed_played":"2377015031602594510","potions_obtained":[{"floor":2.0,"key":"AttackPotion"},{"floor":5.0,"key":"SkillPotion"},{"floor":8.0,"key":"Swift Potion"},{"floor":13.0,"key":"LiquidBronze"},{"floor":21.0,"key":"AttackPotion"},{"floor":23.0,"key":"SkillPotion"},{"floor":25.0,"key":"SteroidPotion"},{"floor":29.0,"key":"SkillPotion"},{"floor":30.0,"key":"Weak Potion"},{"floor":35,"key":"Dexterity Potion"},{"floor":41,"key":"GamblersBrew"},{"floor":46,"key":"Explosive Potion"}],"is_trial":false,"path_per_floor":["M","M","?","$","M","R","E","M","T","M","R","$","E","M","R","B",null,"M","$","M","?","?","M","R","E","T","E","?","M","E","$","R","B",null,"M","?","?","?","M","R","?","$","T","?","R","E","?","E","R","B",null],"character_chosen":"THE_SILENT","items_purchased":["Bronze Scales","Apotheosis+1","Well Laid Plans","Question Card","Energy Potion"],"campfire_rested":3,"item_purchase_floors":[4,31,31,42,42],"current_hp_per_floor":[58,57,57,57,54,54,49,47,47,46,46,46,44,41,41,15,53,50,50,37,36,36,36,36,36,49,45,30,12,12,12,52,23,69,69,69,43,32,32,72,68,68,74,64,64,60,60,59,90,18],"gold":103,"neow_bonus":"HUNDRED_GOLD","is_prod":false,"is_daily":false,"chose_seed":false,"campfire_upgraded":5,"win_rate":0,"timestamp":1552920150,"path_taken":["M","M","?","$","M","R","E","M","T","M","R","?","E","M","R","BOSS","M","$","M","?","?","M","R","E","T","E","?","M","E","?","R","BOSS","M","?","?","?","M","R","?","$","T","?","R","E","?","E","R","BOSS"],"build_version":"2019-01-23","purchased_purges":4,"victory":true,"max_hp_per_floor":[66,66,66,66,66,66,66,66,66,66,66,66,66,66,66,66,66,66,66,66,66,66,66,66,66,79,79,84,84,84,84,84,84,84,84,84,84,84,84,84,84,84,90,90,90,90,90,90,90,90],"card_choices":[{"not_picked":["Dodge and Roll","Acrobatics","Setup"],"picked":"SKIP","floor":1.0},{"not_picked":["Acrobatics","Prepared"],"picked":"Infinite Blades","floor":2.0},{"not_picked":["Bane","Acrobatics"],"picked":"Quick Slash","floor":5.0},{"not_picked":["Dodge and Roll","Backflip"],"picked":"Choke","floor":7.0},{"not_picked":["Unload","Escape Plan"],"picked":"Endless Agony","floor":8.0},{"not_picked":["Deflect","Outmaneuver"],"picked":"Footwork","floor":10.0},{"not_picked":["Blade Dance","Catalyst"],"picked":"Wraith Form v2","floor":13.0},{"not_picked":["Sucker Punch","Calculated Gamble"],"picked":"Poisoned Stab","floor":14.0},{"not_picked":["Burst","Phantasmal Killer"],"picked":"Adrenaline","floor":16.0},{"not_picked":["Slice","Underhanded Strike"],"picked":"Calculated Gamble","floor":18.0},{"not_picked":["Quick Slash","Slice"],"picked":"Cloak And Dagger","floor":20.0},{"not_picked":["Concentrate","Calculated Gamble"],"picked":"Cloak And Dagger+1","floor":21.0},{"not_picked":["Poisoned Stab","Slice"],"picked":"Deadly Poison+1","floor":23.0},{"not_picked":["Accuracy","Dagger Spray+1"],"picked":"Corpse Explosion","floor":25.0},{"not_picked":["Deadly Poison","Quick Slash+1"],"picked":"Noxious Fumes","floor":27.0},{"not_picked":["Poisoned Stab+1","Deadly Poison"],"picked":"Accuracy","floor":29.0},{"not_picked":["Quick Slash","Leg Sweep"],"picked":"Terror","floor":30.0},{"not_picked":["After Image","Night Terror+1"],"picked":"Envenom","floor":33},{"not_picked":["Deflect+1","Outmaneuver+1"],"picked":"Cloak And Dagger+1","floor":35},{"not_picked":["Riddle With Holes","Poisoned Stab"],"picked":"Backflip+1","floor":37},{"not_picked":["Cloak And Dagger+1","Flying Knee"],"picked":"PiercingWail+1","floor":39},{"not_picked":["Cloak And Dagger+1","Bouncing Flask+1"],"picked":"Adrenaline+1","floor":41},{"not_picked":["Jack Of All Trades+1","Magnetism","Bandage Up+1"],"picked":"The Bomb+1","floor":44},{"not_picked":["Chrysalis+1","Panacea+1","Enlightenment+1"],"picked":"Blind+1","floor":44},{"not_picked":["Mind Blast","Jack Of All Trades+1","The Bomb+1"],"picked":"Dark Shackles+1","floor":44},{"not_picked":["Deflect+1","Underhanded Strike+1","Crippling Poison+1"],"picked":"Finisher","floor":46},{"not_picked":["Outmaneuver+1","Deflect+1","Cloak And Dagger+1"],"picked":"Phantasmal Killer+1","floor":48}],"player_experience":635405,"relics_obtained":[{"floor":7.0,"key":"Darkstone Periapt"},{"floor":9.0,"key":"Regal Pillow"},{"floor":13.0,"key":"Oddly Smooth Stone"},{"floor":21.0,"key":"Red Mask"},{"floor":25.0,"key":"Juzu Bracelet"},{"floor":26.0,"key":"Strawberry"},{"floor":27.0,"key":"Pen Nib"},{"floor":30.0,"key":"Toxic Egg 2"},{"floor":37,"key":"Unceasing Top"},{"floor":41,"key":"Ice Cream"},{"floor":43,"key":"Smiling Mask"},{"floor":46,"key":"Sundial"},{"floor":48,"key":"Anchor"}],"event_choices":[{"damage_healed":0.0,"max_hp_gain":0.0,"max_hp_loss":0.0,"gold_gain":0.0,"event_name":"Accursed Blacksmith","player_choice":"Rummage","floor":3.0,"gold_loss":0.0,"damage_taken":0.0,"relics_obtained":["WarpedTongs"],"cards_obtained":["Pain"]},{"damage_healed":0.0,"max_hp_gain":0.0,"max_hp_loss":0.0,"gold_gain":0.0,"event_name":"Masked Bandits","player_choice":"Fought Bandits","floor":21.0,"gold_loss":0.0,"damage_taken":0.0},{"damage_healed":0.0,"max_hp_gain":0.0,"max_hp_loss":0.0,"gold_gain":0.0,"cards_transformed":["Strike_G","Defend_G"],"event_name":"Drug Dealer","player_choice":"Became Test Subject","floor":22.0,"gold_loss":0.0,"damage_taken":0.0,"cards_obtained":["Grand Finale","Infinite Blades"]},{"damage_healed":0.0,"max_hp_gain":5.0,"max_hp_loss":0.0,"gold_gain":0.0,"event_name":"Forgotten Altar","player_choice":"Shed Blood","floor":28.0,"gold_loss":0.0,"damage_taken":20.0},{"damage_healed":0,"gold_gain":222,"player_choice":"Wore Mask","damage_taken":0,"max_hp_gain":0,"max_hp_loss":0,"event_name":"Tomb of Lord Red Mask","floor":36,"gold_loss":0},{"damage_healed":0,"gold_gain":0,"player_choice":"Fight","damage_taken":0,"max_hp_gain":0,"max_hp_loss":0,"event_name":"Mysterious Sphere","floor":37,"gold_loss":0},{"damage_healed":0,"gold_gain":0,"player_choice":"Embrace Madness","damage_taken":11,"max_hp_gain":0,"max_hp_loss":0,"event_name":"Winding Halls","floor":38,"gold_loss":0,"cards_obtained":["Madness","Madness"]},{"damage_healed":0,"gold_gain":0,"player_choice":"Fight","damage_taken":0,"max_hp_gain":0,"max_hp_loss":0,"event_name":"MindBloom","floor":41,"gold_loss":0},{"damage_healed":0,"gold_gain":0,"player_choice":"Memory 3","damage_taken":10,"max_hp_gain":0,"max_hp_loss":0,"event_name":"SensoryStone","floor":44,"gold_loss":0},{"cards_removed":["Strike_G"],"damage_healed":0,"gold_gain":0,"player_choice":"Removed Attack","damage_taken":0,"max_hp_gain":0,"max_hp_loss":0,"event_name":"Falling","floor":47,"gold_loss":0}],"is_beta":false,"boss_relics":[{"not_picked":["Ring of the Serpent","White Beast Statue"],"picked":"Cursed Key"},{"not_picked":["Snecko Eye","Runic Pyramid"],"picked":"Lizard Tail"}],"items_purged_floors":[4,12,19,42],"is_endless":false,"potions_floor_spawned":[2,5,8,13,21,23,25,29,30,35,41,46],"ascension_level":14}