{"gold_per_floor":[368,384,43,43,53,83,83,122,122,122,165,253,253,311,311,383,383,447,524,566,616,681,681,696,696,996,996,996,350,449,449,449,449],"floor_reached":33,"playtime":2802,"items_purged":["Doubt","Strike_B"],"score":459,"play_id":"f1fa3fd6-5735-46c6-8038-3e36d07a994e","local_time":"20190405113241","is_ascension_mode":true,"campfire_choices":[{"data":"HandOfGreed","floor":7.0,"key":"SMITH"},{"floor":10.0,"key":"REST"},{"floor":15.0,"key":"REST"},{"floor":23,"key":"REST"},{"floor":25,"key":"REST"},{"data":"Buffer","floor":27,"key":"SMITH"},{"floor":32,"key":"REST"}],"neow_cost":"CURSE","seed_source_timestamp":0,"circlet_count":0,"master_deck":["AscendersBane","Strike_B","Strike_B","Strike_B","Defend_B","Defend_B","Defend_B","Defend_B","Zap","Dualcast","Cold Snap","HandOfGreed+1","Loop","Chill","Cold Snap","Stack","Go for the Eyes","Buffer+1","Blizzard+1","Ball Lightning","Hologram+1","Leap+1","Rebound"],"special_seed":0,"relics":["Cracked Core","Blue Candle","Turnip","Thread and Needle","Tiny Chest","Bag of Preparation","Inserter","Toxic Egg 2","Old Coin","Regal Pillow","Orichalcum","MealTicket"],"potions_floor_usage":[22,28],"damage_taken":[{"damage":11.0,"enemies":"Cultist","floor":1.0,"turns":5.0},{"damage":5.0,"enemies":"Small Slimes","floor":2.0,"turns":4.0},{"damage":7.0,"enemies":"Jaw Worm","floor":5.0,"turns":3.0},{"damage":16.0,"enemies":"Lagavulin","floor":6.0,"turns":7.0},{"damage":10.0,"enemies":"Exordium Thugs","floor":8.0,"turns":4.0},{"damage":0.0,"enemies":"Blue Slaver","floor":11.0,"turns":3.0},{"damage":10.0,"enemies":"3 Sentries","floor":12.0,"turns":9.0},{"damage":3.0,"enemies":"Lagavulin","floor":14.0,"turns":8.0},{"damage":26.0,"enemies":"Hexaghost","floor":16.0,"turns":15.0},{"damage":41,"enemies":"3 Byrds","floor":18,"turns":9},{"damage":3,"enemies":"Shell Parasite","floor":20,"turns":10},{"damage":0,"enemies":"Centurion and Healer","floor":22,"turns":7},{"damage":31,"enemies":"Snake Plant","floor":24,"turns":5},{"damage":25,"enemies":"Colosseum Slavers","floor":28,"turns":9},{"damage":78,"enemies":"Collector","floor":33,"turns":16}],"seed_played":"-8063804726980128513","potions_obtained":[{"floor":5.0,"key":"Ancient Potion"},{"floor":6.0,"key":"PowerPotion"},{"floor":8.0,"key":"FairyPotion"},{"floor":11.0,"key":"EssenceOfSteel"},{"floor":13.0,"key":"Fire Potion"},{"floor":20,"key":"Poison Potion"},{"floor":22,"key":"Energy Potion"}],"is_trial":false,"path_per_floor":["M","M","$","?","M","E","R","M","T","R","M","E","?","E","R","B",null,"M","T","M","?","M","R","M","R","T","R","?","$","?","?","R","B"],"character_chosen":"DEFECT","items_purchased":["HandOfGreed","Poison Potion","Loop","Regal Pillow","Orichalcum","MealTicket","Rebound"],"campfire_rested":5,"item_purchase_floors":[3,3,3,29,29,29,29],"current_hp_per_floor":[57,52,52,49,42,26,26,16,16,38,38,28,28,25,47,21,62,21,21,18,18,18,40,9,31,31,31,6,6,6,31,68,0],"gold":449,"neow_bonus":"TWO_FIFTY_GOLD","is_prod":false,"is_daily":false,"chose_seed":false,"campfire_upgraded":2,"win_rate":0,"timestamp":1554460361,"path_taken":["M","M","$","?","M","E","R","M","T","R","M","E","?","E","R","BOSS","M","?","M","?","M","R","?","R","T","R","?","$","?","?","R","BOSS"],"build_version":"2019-01-23","purchased_purges":2,"victory":false,"max_hp_per_floor":[75,75,75,75,75,75,75,75,75,75,75,75,75,75,75,75,75,75,75,75,75,75,75,75,75,75,75,75,75,75,75,75,75],"card_choices":[{"not_picked":["Rebound","Stack"],"picked":"Cold Snap","floor":1.0},{"not_picked":["Fusion","Steam Power","Hello World"],"picked":"SKIP","floor":2.0},{"not_picked":["Redo","Fusion","Hologram"],"picked":"SKIP","floor":5.0},{"not_picked":["Reinforced Body","Hologram"],"picked":"Chill","floor":6.0},{"not_picked":["Turbo","Skim"],"picked":"Cold Snap","floor":8.0},{"not_picked":["Steam","Streamline"],"picked":"Stack","floor":11.0},{"not_picked":["Steam Power","Amplify","Stack"],"picked":"SKIP","floor":12.0},{"not_picked":["Coolheaded","Compile Driver"],"picked":"Go for the Eyes","floor":14.0},{"not_picked":["Machine Learning","Amplify"],"picked":"Buffer","floor":16.0},{"not_picked":["Cold Snap","Turbo"],"picked":"Blizzard+1","floor":18},{"not_picked":["Rebound","Lockon"],"picked":"Ball Lightning","floor":20},{"not_picked":["Rebound","Compile Driver+1"],"picked":"Hologram+1","floor":22},{"not_picked":["Go for the Eyes+1","Compile Driver"],"picked":"Leap+1","floor":24}],"player_experience":908535,"relics_obtained":[{"floor":6.0,"key":"Turnip"},{"floor":9.0,"key":"Thread and Needle"},{"floor":12.0,"key":"Tiny Chest"},{"floor":14.0,"key":"Bag of Preparation"},{"floor":19,"key":"Toxic Egg 2"},{"floor":26,"key":"Old Coin"}],"event_choices":[{"damage_healed":0.0,"max_hp_gain":0.0,"max_hp_loss":0.0,"gold_gain":0.0,"event_name":"Scrap Ooze","player_choice":"Success","floor":4.0,"gold_loss":0.0,"damage_taken":3.0,"relics_obtained":["Blue Candle"]},{"damage_healed":0.0,"max_hp_gain":0.0,"max_hp_loss":0.0,"gold_gain":0.0,"event_name":"Lab","player_choice":"Got Potions","floor":13.0,"gold_loss":0.0,"damage_taken":0.0},{"damage_healed":0,"gold_gain":100,"player_choice":"Bet on Murderer","damage_taken":0,"max_hp_gain":0,"max_hp_loss":0,"event_name":"The Joust","floor":21,"gold_loss":50},{"damage_healed":0,"gold_gain":0,"player_choice":"Fight","damage_taken":0,"max_hp_gain":0,"max_hp_loss":0,"event_name":"Colosseum","floor":28,"gold_loss":0},{"damage_healed":0,"gold_gain":0,"player_choice":"Fled From Nobs","damage_taken":0,"max_hp_gain":0,"max_hp_loss":0,"event_name":"Colosseum","floor":28,"gold_loss":0},{"damage_healed":0,"gold_gain":99,"player_choice":"Stole From Cult","damage_taken":0,"max_hp_gain":0,"max_hp_loss":0,"event_name":"Nest","floor":30,"gold_loss":0},{"damage_healed":25,"gold_gain":0,"player_choice":"Heal","damage_taken":0,"max_hp_gain":0,"max_hp_loss":0,"event_name":"The Library","floor":31,"gold_loss":0}],"is_beta":false,"boss_relics":[{"not_picked":["Tiny House","Runic Dome"],"picked":"Inserter"}],"items_purged_floors":[3,29],"is_endless":false,"potions_floor_spawned":[5,6,8,11,20,22],"killed_by":"Collector","ascension_level":13}