{"gold_per_floor":[111,7,17,34,0,25,25,57,139,139,90,109,109,109],"floor_reached":14,"playtime":236,"items_purged":[],"score":127,"play_id":"c235b634-27c1-4b68-9c0a-91faf507ed94","local_time":"20181016104219","is_ascension_mode":true,"campfire_choices":[{"floor":7,"key":"REST"}],"neow_cost":"NONE","seed_source_timestamp":492608260243140,"circlet_count":0,"master_deck":["Strike_B","Strike_B","Strike_B","Strike_B","Defend_B","Defend_B","Defend_B","Defend_B","Zap","Dualcast","Redo","Gash","Streamline","Chaos","Compile Driver","Go for the Eyes","FTL","Conserve Battery","Beam Cell"],"relics":["Cracked Core","Bronze Scales","Nunchaku","Centennial Puzzle","Cables","Peace Pipe"],"potions_floor_usage":[12,14,14],"damage_taken":[{"damage":0,"enemies":"Small Slimes","floor":1,"turns":3},{"damage":2,"enemies":"2 Louse","floor":3,"turns":2},{"damage":7,"enemies":"Jaw Worm","floor":4,"turns":3},{"damage":41,"enemies":"Gremlin Nob","floor":6,"turns":5},{"damage":20,"enemies":"Lagavulin","floor":8,"turns":5},{"damage":16,"enemies":"Exordium Thugs","floor":12,"turns":3},{"damage":15,"enemies":"Exordium Wildlife","floor":14,"turns":1}],"seed_played":"-6192648752678751873","potions_obtained":[{"floor":6,"key":"Dexterity Potion"},{"floor":8,"key":"Ancient Potion"},{"floor":12,"key":"Regen Potion"}],"is_trial":false,"path_per_floor":["M","$","M","M","?","E","R","E","T","T","$","M","?"],"character_chosen":"DEFECT","items_purchased":["Gash","Streamline","Conserve Battery"],"campfire_rested":1,"item_purchase_floors":[2,2,11],"current_hp_per_floor":[68,68,66,59,59,18,40,20,20,20,20,4,4,0],"gold":109,"neow_bonus":"RANDOM_COMMON_RELIC","is_prod":false,"is_daily":false,"chose_seed":false,"campfire_upgraded":0,"win_rate":0,"timestamp":1539711739,"path_taken":["M","$","M","M","?","E","R","E","T","?","?","?","?","M"],"build_version":"2018-10-11","purchased_purges":0,"victory":false,"max_hp_per_floor":[75,75,75,75,75,75,75,75,75,75,75,75,75,75],"card_choices":[{"not_picked":["Coolheaded","Stack"],"picked":"Redo","floor":1},{"not_picked":["BootSequence","Barrage"],"picked":"Chaos","floor":3},{"not_picked":["Lockon","Consume"],"picked":"Compile Driver","floor":4},{"not_picked":["Melter","Self Repair"],"picked":"Go for the Eyes","floor":6},{"not_picked":["Genetic Algorithm","Hologram"],"picked":"FTL","floor":8},{"not_picked":["Blizzard","Hologram"],"picked":"Beam Cell","floor":12}],"player_experience":527177,"relics_obtained":[{"floor":6,"key":"Nunchaku"},{"floor":8,"key":"Centennial Puzzle"},{"floor":9,"key":"Cables"},{"floor":10,"key":"Peace Pipe"}],"event_choices":[{"event_name":"World of Goop","player_choice":"Left","floor":5,"damage_taken":0},{"event_name":"Shining Light","player_choice":"Ignored","floor":13,"damage_taken":0}],"is_beta":false,"boss_relics":[],"items_purged_floors":[],"is_endless":false,"potions_floor_spawned":[6,8,12],"killed_by":"Exordium Wildlife","ascension_level":6}