{"gold_per_floor":[115,115,134,154,154,179,179,214,214,214,214],"floor_reached":11,"playtime":462,"items_purged":[],"score":142,"play_id":"e1913548-4494-42db-8557-81ae1e110f21","local_time":"20190409152836","is_ascension_mode":true,"campfire_choices":[{"floor":10,"key":"REST"}],"neow_cost":"NONE","seed_source_timestamp":462788878202376,"circlet_count":0,"master_deck":["AscendersBane","Strike_B","Strike_B","Defend_B","Defend_B","Defend_B","Zap","Dualcast","Dramatic Entrance","FTL","Compile Driver","Cold Snap","Force Field","Darkness","Auto Shields"],"relics":["Cracked Core","Bird Faced Urn","WingedGreaves","FossilizedHelix"],"potions_floor_usage":[6],"damage_taken":[{"damage":0,"enemies":"Small Slimes","floor":1,"turns":2},{"damage":0,"enemies":"2 Louse","floor":3,"turns":2},{"damage":1,"enemies":"Cultist","floor":4,"turns":3},{"damage":23,"enemies":"Gremlin Nob","floor":6,"turns":4},{"damage":28,"enemies":"Lagavulin","floor":8,"turns":7},{"damage":33,"enemies":"3 Sentries","floor":11,"turns":4}],"seed_played":"-2622971399906701641","potions_obtained":[{"floor":3,"key":"Weak Potion"}],"is_trial":false,"path_per_floor":["M","?","M","M","?","E","?","E","T","R","E"],"character_chosen":"DEFECT","items_purchased":[],"campfire_rested":1,"item_purchase_floors":[],"current_hp_per_floor":[64,57,57,56,56,33,33,5,5,26,0],"gold":214,"neow_bonus":"RANDOM_COLORLESS","is_prod":false,"is_daily":false,"chose_seed":false,"campfire_upgraded":0,"win_rate":0,"timestamp":1554820116,"path_taken":["M","?","M","M","?","E","?","E","T","R","E"],"build_version":"2019-01-23","purchased_purges":0,"victory":false,"max_hp_per_floor":[71,71,71,71,71,71,71,71,71,71,71],"card_choices":[{"not_picked":["BootSequence","Rebound"],"picked":"FTL","floor":1},{"not_picked":["Skim","Hello World"],"picked":"Compile Driver","floor":3},{"not_picked":["Coolheaded","Static Discharge"],"picked":"Cold Snap","floor":4},{"not_picked":["Chaos","Coolheaded"],"picked":"Darkness","floor":6},{"not_picked":["Beam Cell","Barrage"],"picked":"Auto Shields","floor":8}],"player_experience":976695,"relics_obtained":[{"floor":6,"key":"Bird Faced Urn"},{"floor":8,"key":"WingedGreaves"},{"floor":9,"key":"FossilizedHelix"}],"event_choices":[{"cards_removed":["Strike_B"],"damage_healed":0,"gold_gain":0,"player_choice":"Card Removal","damage_taken":7,"max_hp_gain":0,"max_hp_loss":0,"event_name":"Golden Wing","floor":2,"gold_loss":0},{"damage_healed":0,"gold_gain":0,"cards_transformed":["Defend_B"],"player_choice":"Change","damage_taken":0,"max_hp_gain":0,"max_hp_loss":0,"event_name":"Living Wall","floor":5,"gold_loss":0,"cards_obtained":["Force Field"]},{"cards_removed":["Strike_B"],"damage_healed":0,"gold_gain":0,"player_choice":"Purged","damage_taken":0,"max_hp_gain":0,"max_hp_loss":0,"event_name":"Purifier","floor":7,"gold_loss":0}],"is_beta":false,"boss_relics":[],"items_purged_floors":[],"is_endless":false,"potions_floor_spawned":[3],"killed_by":"3 Sentries","ascension_level":15}