{"gold_per_floor":[109,127,127,145,159,159,180,197,271,290,303,313,278,313,313,313],"floor_reached":16,"playtime":426,"items_purged":[],"score":106,"play_id":"0f82947d-efe0-4d98-81a1-941be3f438ed","local_time":"20181014015828","is_ascension_mode":false,"campfire_choices":[{"floor":6,"key":"REST"},{"floor":15,"key":"REST"}],"neow_cost":"","seed_source_timestamp":288185603291032,"circlet_count":0,"master_deck":["Strike_B","Strike_B","Strike_B","Strike_B","Defend_B","Defend_B","Defend_B","Defend_B","Zap","Dualcast","Loop","Ball Lightning","BootSequence","Chaos","Chill","Hologram","Ball Lightning","Cold Snap","All For One","Skim"],"relics":["Cracked Core","Du-Vu Doll","Odd Mushroom","Mummified Hand","Vajra"],"potions_floor_usage":[7,14,16,16],"damage_taken":[{"damage":6,"enemies":"Cultist","floor":1,"turns":3},{"damage":4,"enemies":"2 Louse","floor":2,"turns":3},{"damage":8,"enemies":"Small Slimes","floor":4,"turns":3},{"damage":0,"enemies":"Looter","floor":5,"turns":3},{"damage":21,"enemies":"The Mushroom Lair","floor":7,"turns":3},{"damage":0,"enemies":"Large Slime","floor":8,"turns":3},{"damage":2,"enemies":"Blue Slaver","floor":10,"turns":3},{"damage":3,"enemies":"Red Slaver","floor":11,"turns":2},{"damage":10,"enemies":"Gremlin Gang","floor":12,"turns":4},{"damage":16,"enemies":"Gremlin Nob","floor":14,"turns":3},{"damage":56,"enemies":"The Guardian","floor":16,"turns":8}],"seed_played":"8498544376919153000","potions_obtained":[{"floor":5,"key":"Poison Potion"},{"floor":7,"key":"SteroidPotion"},{"floor":8,"key":"GamblersBrew"},{"floor":12,"key":"Fire Potion"},{"floor":14,"key":"FocusPotion"}],"is_trial":false,"path_per_floor":["M","M","?","M","M","R","?","M","T","M","M","M","?","E","R"],"character_chosen":"DEFECT","items_purchased":[],"campfire_rested":2,"item_purchase_floors":[],"current_hp_per_floor":[69,65,47,39,39,61,40,40,40,38,35,25,43,27,49,0],"gold":313,"neow_bonus":"","is_prod":false,"is_daily":false,"chose_seed":false,"campfire_upgraded":0,"win_rate":0.0,"timestamp":1539507508,"path_taken":["M","?","?","M","M","R","?","?","T","M","M","?","?","E","R","BOSS"],"build_version":"2018-10-11","purchased_purges":0,"victory":false,"max_hp_per_floor":[75,75,75,75,75,75,75,75,75,75,75,75,75,75,75,75],"card_choices":[{"not_picked":["Turbo","Cold Snap"],"picked":"Loop","floor":1},{"not_picked":["Blizzard","Leap"],"picked":"Ball Lightning","floor":2},{"not_picked":["Double Energy","Go for the Eyes"],"picked":"BootSequence","floor":4},{"not_picked":["Steam","Go for the Eyes"],"picked":"Chaos","floor":5},{"not_picked":["Stack","Beam Cell"],"picked":"Chill","floor":7},{"not_picked":["Turbo","Double Energy"],"picked":"Hologram","floor":8},{"not_picked":["Blizzard","Steam"],"picked":"Ball Lightning","floor":10},{"not_picked":["Reprogram","Hello World"],"picked":"Cold Snap","floor":11},{"not_picked":["Force Field","Streamline"],"picked":"All For One","floor":12},{"not_picked":["Compile Driver","Scrape"],"picked":"Skim","floor":14}],"player_experience":485471,"relics_obtained":[{"floor":7,"key":"Odd Mushroom"},{"floor":9,"key":"Mummified Hand"},{"floor":14,"key":"Vajra"}],"event_choices":[{"event_name":"Scrap Ooze","player_choice":"success","floor":3,"damage_taken":18},{"event_name":"Mushrooms","player_choice":"Fought Mushrooms","floor":7,"damage_taken":0},{"event_name":"The Cleric","player_choice":"Healed","floor":13,"damage_taken":0}],"is_beta":false,"boss_relics":[],"items_purged_floors":[],"is_endless":false,"potions_floor_spawned":[5,7,8,12,14],"killed_by":"The Guardian","ascension_level":0}