{"gold_per_floor":[110,125,125,136,136,165,165,165,243,243,275,285,310,329,329,432,432,445,0,12,32,32,65,65,94,94,109,109],"floor_reached":28,"playtime":11200,"items_purged":[],"score":434,"play_id":"e049fd07-4b86-41f6-8689-d84ad4a62598","local_time":"20190329152939","is_ascension_mode":true,"campfire_choices":[{"floor":7.0,"key":"REST"},{"floor":10.0,"key":"RECALL"},{"floor":15.0,"key":"REST"},{"floor":24.0,"key":"REST"}],"neow_cost":"NONE","seed_source_timestamp":0,"circlet_count":0,"master_deck":["AscendersBane","Strike_B+1","Strike_B","Strike_B","Defend_B","Defend_B","Defend_B","Defend_B","Zap","Dualcast","Ball Lightning","Conserve Battery","Auto Shields","White Noise","Rebound","Cold Snap+1","BootSequence","Reprogram","Core Surge","Cold Snap","True Grit+1","Dagger Throw+1","Terror","Echo Form+1","Warcry+1"],"special_seed":0,"relics":["Fusion Hammer","Emotion Chip","Gremlin Horn","Bag of Preparation","Frozen Egg 2","Inserter","Molten Egg 2","PrismaticShard","Whetstone","Toxic Egg 2","Potion Belt"],"potions_floor_usage":[28],"damage_taken":[{"damage":7.0,"enemies":"Jaw Worm","floor":1.0,"turns":3.0},{"damage":0.0,"enemies":"2 Louse","floor":2.0,"turns":2.0},{"damage":0.0,"enemies":"Cultist","floor":4.0,"turns":4.0},{"damage":8.0,"enemies":"Lagavulin","floor":6.0,"turns":6.0},{"damage":0.0,"enemies":"Exordium Thugs","floor":8.0,"turns":1.0},{"damage":32.0,"enemies":"Gremlin Nob","floor":11.0,"turns":5.0},{"damage":6.0,"enemies":"Large Slime","floor":12.0,"turns":4.0},{"damage":18.0,"enemies":"3 Sentries","floor":13.0,"turns":6.0},{"damage":0.0,"enemies":"Gremlin Gang","floor":14.0,"turns":5.0},{"damage":28.0,"enemies":"Hexaghost","floor":16.0,"turns":12.0},{"damage":15.0,"enemies":"2 Thieves","floor":18.0,"turns":4.0},{"damage":13.0,"enemies":"Shell Parasite","floor":20.0,"turns":5.0},{"damage":16.0,"enemies":"Chosen and Byrds","floor":21.0,"turns":6.0},{"damage":6.0,"enemies":"Gremlin Leader","floor":23.0,"turns":8.0},{"damage":18.0,"enemies":"Slavers","floor":25.0,"turns":5.0},{"damage":12,"enemies":"Snake Plant","floor":27,"turns":6},{"damage":11,"enemies":"Shelled Parasite and Fungi","floor":28,"turns":3}],"seed_played":"4211751859047455950","potions_obtained":[{"floor":1.0,"key":"SmokeBomb"},{"floor":2.0,"key":"SpeedPotion"},{"floor":16.0,"key":"Strength Potion"},{"floor":21.0,"key":"Strength Potion"},{"floor":23.0,"key":"PowerPotion"},{"floor":27,"key":"SkillPotion"}],"is_trial":false,"path_per_floor":["M","M","?","M","?","E","R","M","T","R","E","M","E","M","R","B",null,"M","$","M","M","?","E","R","E","T","M","M"],"character_chosen":"DEFECT","items_purchased":["Molten Egg 2","PrismaticShard"],"campfire_rested":3,"item_purchase_floors":[19,19],"current_hp_per_floor":[61,61,66,66,66,58,80,80,80,80,48,42,24,24,48,20,65,50,50,37,21,21,15,39,21,21,9,0],"gold":109,"neow_bonus":"BOSS_RELIC","is_prod":false,"is_daily":false,"chose_seed":false,"campfire_upgraded":0,"win_rate":0,"timestamp":1553873379,"path_taken":["M","M","?","M","?","E","R","?","T","R","E","M","E","M","R","BOSS","M","$","M","M","?","E","R","E","T","M","M"],"build_version":"2019-01-23","purchased_purges":0,"victory":false,"max_hp_per_floor":[75,75,80,80,80,80,80,80,80,80,80,80,80,80,80,80,80,80,80,80,80,80,80,80,80,80,80,80],"card_choices":[{"not_picked":["Darkness","Sweeping Beam"],"picked":"Ball Lightning","floor":1.0},{"not_picked":["Steam","Hologram"],"picked":"Conserve Battery","floor":2.0},{"not_picked":["Hologram","Coolheaded"],"picked":"Auto Shields","floor":4.0},{"not_picked":["Redo","Stack"],"picked":"White Noise","floor":6.0},{"not_picked":["Rainbow","Scrape"],"picked":"Rebound","floor":11.0},{"not_picked":["Double Energy","Conserve Battery"],"picked":"Cold Snap","floor":12.0},{"not_picked":["Heatsinks","Stack"],"picked":"BootSequence","floor":13.0},{"not_picked":["Steam","Turbo"],"picked":"Reprogram","floor":14.0},{"not_picked":["Hyperbeam","All For One"],"picked":"Core Surge","floor":16.0},{"not_picked":["Turbo","Sweeping Beam+1"],"picked":"Cold Snap","floor":18.0},{"not_picked":["Accuracy+1","Reboot"],"picked":"True Grit+1","floor":20.0},{"not_picked":["Inflame+1","Rebound+1"],"picked":"Dagger Throw+1","floor":21.0},{"not_picked":["Hologram","Escape Plan"],"picked":"Terror","floor":23.0},{"not_picked":["Doppelganger","Combust+1"],"picked":"Echo Form+1","floor":25.0},{"not_picked":["Genetic Algorithm+1","Dash+1"],"picked":"Warcry+1","floor":27}],"player_experience":810468,"relics_obtained":[{"floor":6.0,"key":"Emotion Chip"},{"floor":9.0,"key":"Gremlin Horn"},{"floor":11.0,"key":"Bag of Preparation"},{"floor":13.0,"key":"Frozen Egg 2"},{"floor":23.0,"key":"Whetstone"},{"floor":25.0,"key":"Toxic Egg 2"},{"floor":26,"key":"Potion Belt"}],"event_choices":[{"damage_healed":0.0,"max_hp_gain":5.0,"max_hp_loss":0.0,"gold_gain":0.0,"event_name":"Big Fish","player_choice":"Donut","floor":3.0,"gold_loss":0.0,"damage_taken":0.0},{"cards_removed":["Strike_B"],"damage_healed":0.0,"max_hp_gain":0.0,"max_hp_loss":0.0,"gold_gain":0.0,"event_name":"Bonfire Elementals","player_choice":"Offered Basic","floor":5.0,"gold_loss":0.0,"damage_taken":0.0},{"damage_healed":0.0,"max_hp_gain":0.0,"max_hp_loss":0.0,"gold_gain":0.0,"event_name":"Beggar","player_choice":"Ignored","floor":22.0,"gold_loss":0.0,"damage_taken":0.0}],"is_beta":false,"boss_relics":[{"not_picked":["Black Star","Orrery"],"picked":"Inserter"}],"items_purged_floors":[],"is_endless":false,"potions_floor_spawned":[1,2,8,16,21,23,27],"killed_by":"Shelled Parasite and Fungi","ascension_level":11}