{"gold_per_floor":[112,127,50,111,111,111,126,156,180,211,224,224,256,275,275,354,354,367,367,33,33,49,69,79,11,11,11],"floor_reached":27,"playtime":879,"items_purged":[],"score":396,"play_id":"a5edc030-a7d3-4aef-bb52-6b5864c61978","local_time":"20181020131443","is_ascension_mode":true,"campfire_choices":[{"data":"Perfected Strike","floor":6,"key":"SMITH"},{"data":"Flex","floor":15,"key":"SMITH"}],"neow_cost":"NONE","seed_source_timestamp":846705817852342,"circlet_count":0,"master_deck":["Strike_R","Strike_R","Strike_R","Strike_R","Strike_R","Defend_R+1","Defend_R","Defend_R","Defend_R+1","Bash","AscendersBane","Perfected Strike+1","Wild Strike","Flex+1","Twin Strike","Dramatic Entrance","Cleave","Spot Weakness","Sword Boomerang","Cleave","Pommel Strike","Inflame+1","Demon Form+1","Headbutt","RitualDagger","Whirlwind","Disarm","Flex","Seeing Red","Inflame+1"],"relics":["Burning Blood","Orichalcum","Bag of Marbles","Ornamental Fan","FaceOfCleric","Frozen Egg 2","Black Star","Vajra","War Paint","Enchiridion","Lantern"],"potions_floor_usage":[1,16,27],"damage_taken":[{"damage":4,"enemies":"Jaw Worm","floor":1,"turns":3},{"damage":6,"enemies":"2 Louse","floor":2,"turns":3},{"damage":0,"enemies":"Small Slimes","floor":7,"turns":2},{"damage":16,"enemies":"Gremlin Nob","floor":8,"turns":3},{"damage":14,"enemies":"Lagavulin","floor":10,"turns":3},{"damage":2,"enemies":"Exordium Wildlife","floor":11,"turns":2},{"damage":9,"enemies":"3 Sentries","floor":13,"turns":4},{"damage":5,"enemies":"Red Slaver","floor":14,"turns":2},{"damage":7,"enemies":"Hexaghost","floor":16,"turns":7},{"damage":7,"enemies":"Spheric Guardian","floor":18,"turns":3},{"damage":18,"enemies":"Shell Parasite","floor":22,"turns":4},{"damage":21,"enemies":"Cultist and Chosen","floor":23,"turns":5},{"damage":12,"enemies":"Snake Plant","floor":24,"turns":3},{"damage":36,"enemies":"Book of Stabbing","floor":27,"turns":3}],"seed_played":"589168868223510935","potions_obtained":[{"floor":0,"key":"Poison Potion"},{"floor":0,"key":"Regen Potion"},{"floor":1,"key":"Dexterity Potion"},{"floor":7,"key":"SkillPotion"},{"floor":18,"key":"Ancient Potion"}],"is_trial":false,"path_per_floor":["M","M","$","?","?","R","M","E","T","E","M","?","E","M","R","B",null,"M","?","$","?","M","M","M","$","T"],"character_chosen":"IRONCLAD","items_purchased":["Flex","Twin Strike","Vajra","War Paint","Whirlwind","Inflame+1"],"campfire_rested":0,"item_purchase_floors":[3,3,20,20,20,25],"current_hp_per_floor":[70,70,70,70,70,70,75,65,65,57,61,61,59,61,61,61,74,74,68,68,52,41,27,22,22,22,0],"gold":11,"neow_bonus":"THREE_SMALL_POTIONS","is_prod":false,"is_daily":false,"chose_seed":false,"campfire_upgraded":2,"win_rate":0,"timestamp":1540066483,"path_taken":["M","M","$","?","?","R","M","E","T","E","M","?","E","?","R","BOSS","M","?","$","?","M","M","M","?","T","E"],"build_version":"2018-10-18","purchased_purges":0,"victory":false,"max_hp_per_floor":[75,75,75,75,75,75,75,75,75,75,75,75,76,77,77,78,78,79,79,79,79,80,81,82,82,82,82],"card_choices":[{"not_picked":["Reckless Charge","Searing Blow"],"picked":"Perfected Strike","floor":1},{"not_picked":["Dual Wield","Body Slam"],"picked":"Wild Strike","floor":2},{"not_picked":["Second Wind","Brutality"],"picked":"Cleave","floor":7},{"not_picked":["Reckless Charge","Clothesline"],"picked":"Spot Weakness","floor":8},{"not_picked":["Reckless Charge","Anger"],"picked":"Sword Boomerang","floor":10},{"not_picked":["Blood for Blood","Corruption"],"picked":"Cleave","floor":11},{"not_picked":["Sword Boomerang","Havoc"],"picked":"Pommel Strike","floor":13},{"not_picked":["Flame Barrier","Warcry"],"picked":"Inflame+1","floor":14},{"not_picked":["Fiend Fire","Double Tap"],"picked":"Demon Form+1","floor":16},{"not_picked":["Searing Blow","Clothesline"],"picked":"Headbutt","floor":18},{"not_picked":["Thunderclap","Fire Breathing+1"],"picked":"Disarm","floor":22},{"not_picked":["Warcry+1","Anger"],"picked":"Flex","floor":23},{"not_picked":["Clothesline","Shockwave"],"picked":"Seeing Red","floor":24}],"player_experience":568611,"relics_obtained":[{"floor":8,"key":"Orichalcum"},{"floor":9,"key":"Bag of Marbles"},{"floor":10,"key":"Ornamental Fan"},{"floor":13,"key":"Frozen Egg 2"},{"floor":21,"key":"Enchiridion"},{"floor":26,"key":"Lantern"}],"event_choices":[{"damage_healed":0,"gold_gain":61,"player_choice":"Gained Gold","damage_taken":0,"max_hp_gain":0,"max_hp_loss":0,"event_name":"Golden Wing","floor":4,"gold_loss":0},{"damage_healed":0,"gold_gain":0,"player_choice":"1 cards matched","damage_taken":0,"max_hp_gain":0,"max_hp_loss":0,"event_name":"Match and Keep!","floor":5,"gold_loss":0,"cards_obtained":["Dramatic Entrance"]},{"damage_healed":0,"gold_gain":0,"player_choice":"Trade","damage_taken":0,"relics_obtained":["FaceOfCleric"],"max_hp_gain":0,"max_hp_loss":0,"event_name":"FaceTrader","floor":12,"gold_loss":0},{"damage_healed":0,"gold_gain":0,"player_choice":"Joined the Cult","damage_taken":6,"max_hp_gain":0,"max_hp_loss":0,"event_name":"Nest","floor":19,"gold_loss":0,"cards_obtained":["RitualDagger"]},{"damage_healed":0,"gold_gain":0,"player_choice":"Obtained Book","damage_taken":16,"max_hp_gain":0,"max_hp_loss":0,"event_name":"Cursed Tome","floor":21,"gold_loss":0}],"is_beta":false,"boss_relics":[{"not_picked":["Velvet Choker","Busted Crown"],"picked":"Black Star"}],"items_purged_floors":[],"is_endless":false,"potions_floor_spawned":[1,7,13,18,24],"killed_by":"Book of Stabbing","ascension_level":14}