{"gold_per_floor":[113,125,91,41,59,59,94,94,120,153,517,26,58,78,78,150,150,161,161],"floor_reached":19,"playtime":1511,"items_purged":["Strike_B"],"score":357,"play_id":"792793f2-118c-429a-ae39-9e2b3aabb40b","local_time":"20190409091449","is_ascension_mode":true,"campfire_choices":[{"data":"Zap","floor":6,"key":"SMITH"},{"data":"Biased Cognition","floor":8,"key":"SMITH"},{"floor":15,"key":"REST"}],"neow_cost":"NONE","seed_source_timestamp":439312753993846,"circlet_count":0,"master_deck":["AscendersBane","Strike_B","Strike_B","Defend_B","Defend_B","Defend_B","Defend_B","Zap+1","Dualcast","Lockon","Cold Snap","Rip and Tear","Biased Cognition+1","Recycle","Cold Snap","Ball Lightning","Seek","Loop"],"relics":["Runic Pyramid","Smiling Mask","Happy Flower","Centennial Puzzle","Old Coin","Kunai","Ancient Tea Set","Blue Candle","Snecko Eye"],"potions_floor_usage":[2,10,14,19],"damage_taken":[{"damage":4,"enemies":"Small Slimes","floor":1,"turns":4},{"damage":5,"enemies":"2 Louse","floor":2,"turns":2},{"damage":7,"enemies":"Jaw Worm","floor":5,"turns":3},{"damage":16,"enemies":"Lagavulin","floor":7,"turns":5},{"damage":25,"enemies":"3 Sentries","floor":10,"turns":9},{"damage":11,"enemies":"Lagavulin Event","floor":11,"turns":5},{"damage":0,"enemies":"Lagavulin","floor":13,"turns":5},{"damage":1,"enemies":"Exordium Wildlife","floor":14,"turns":4},{"damage":27,"enemies":"Slime Boss","floor":16,"turns":7},{"damage":16,"enemies":"Shell Parasite","floor":18,"turns":3},{"damage":30,"enemies":"Colosseum Slavers","floor":19,"turns":3},{"damage":9,"enemies":"Colosseum Nobs","floor":19,"turns":3}],"seed_played":"7821243736821014606","potions_obtained":[{"floor":1,"key":"SkillPotion"},{"floor":7,"key":"Regen Potion"},{"floor":16,"key":"Strength Potion"},{"floor":18,"key":"Dexterity Potion"}],"is_trial":false,"path_per_floor":["M","M","?","?","M","R","E","R","T","E","?","$","E","M","R","B",null,"M","?"],"character_chosen":"DEFECT","items_purchased":["Kunai","Ancient Tea Set","Weak Potion"],"campfire_rested":1,"item_purchase_floors":[12,12,12],"current_hp_per_floor":[60,55,55,55,48,48,32,32,32,22,11,11,11,10,31,4,54,38,0],"gold":161,"neow_bonus":"BOSS_RELIC","is_prod":false,"is_daily":false,"chose_seed":false,"campfire_upgraded":2,"win_rate":0,"timestamp":1554797689,"path_taken":["M","M","?","?","M","R","E","R","T","E","?","$","E","M","R","BOSS","M","?"],"build_version":"2019-01-23","purchased_purges":1,"victory":false,"max_hp_per_floor":[71,71,71,71,71,71,71,71,71,71,71,71,71,71,71,71,71,71,71],"card_choices":[{"not_picked":["Force Field","Capacitor"],"picked":"Lockon","floor":1},{"not_picked":["Doom and Gloom","Ball Lightning"],"picked":"Cold Snap","floor":2},{"not_picked":["Gash","Hologram"],"picked":"Rip and Tear","floor":5},{"not_picked":["Redo","Rebound"],"picked":"Biased Cognition","floor":7},{"not_picked":["Leap","Rip and Tear"],"picked":"Recycle","floor":10},{"not_picked":["Streamline","Gash"],"picked":"Cold Snap","floor":11},{"not_picked":["Stack","Rip and Tear","Rainbow"],"picked":"SKIP","floor":13},{"not_picked":["Static Discharge","Sweeping Beam"],"picked":"Ball Lightning","floor":14},{"not_picked":["Reboot","Buffer"],"picked":"Seek","floor":16},{"not_picked":["Steam","Cold Snap"],"picked":"Loop","floor":18}],"player_experience":953685,"relics_obtained":[{"floor":7,"key":"Smiling Mask"},{"floor":9,"key":"Happy Flower"},{"floor":10,"key":"Centennial Puzzle"},{"floor":11,"key":"Old Coin"},{"floor":13,"key":"Blue Candle"}],"event_choices":[{"damage_healed":0,"gold_gain":0,"player_choice":"Left Gold","damage_taken":0,"max_hp_gain":0,"max_hp_loss":0,"event_name":"World of Goop","floor":3,"gold_loss":34},{"cards_removed":["Strike_B"],"damage_healed":0,"gold_gain":0,"player_choice":"Card Removal","damage_taken":0,"max_hp_gain":0,"max_hp_loss":0,"event_name":"The Cleric","floor":4,"gold_loss":50},{"damage_healed":0,"gold_gain":0,"player_choice":"Searched \u00271\u0027 times","damage_taken":0,"max_hp_gain":0,"max_hp_loss":0,"event_name":"Dead Adventurer","floor":11,"gold_loss":0},{"damage_healed":0,"gold_gain":0,"player_choice":"Fight","damage_taken":0,"max_hp_gain":0,"max_hp_loss":0,"event_name":"Colosseum","floor":19,"gold_loss":0},{"damage_healed":0,"gold_gain":0,"player_choice":"Fought Nobs","damage_taken":0,"max_hp_gain":0,"max_hp_loss":0,"event_name":"Colosseum","floor":19,"gold_loss":0}],"is_beta":false,"boss_relics":[{"not_picked":["Calling Bell","Runic Dome"],"picked":"Snecko Eye"}],"items_purged_floors":[12],"is_endless":false,"potions_floor_spawned":[1,7,16,18],"killed_by":"Colosseum Nobs","ascension_level":14}