{"gold_per_floor":[114,114,114,126,157,207,219,250,312,324,374,386,417,467,479,616,628,629,641,672,195,214,252,252,290,315,334,353,303,341,341,341,466,466,485,504,138,283,616,646,646,676,751,781,67,97,112,127,127,127],"floor_reached":51,"playtime":3458,"items_purged":["Regret","Bash","Strike_B","Defend_R"],"score":941,"play_id":"7985b89b-53ff-415c-9e09-d2ea41ba0966","local_time":"20190416024742","daily_mods":["Chimera","Red Cards","Elite Swarm"],"is_ascension_mode":false,"campfire_choices":[{"floor":7,"key":"REST"},{"floor":10,"key":"REST"},{"floor":12,"key":"REST"},{"data":"Brutality","floor":15,"key":"SMITH"},{"data":"Echo Form","floor":24,"key":"SMITH"},{"data":"Fission","floor":32,"key":"SMITH"},{"data":"Biased Cognition","floor":41,"key":"SMITH"},{"data":"Double Energy","floor":49,"key":"SMITH"}],"neow_cost":"","seed_source_timestamp":0,"circlet_count":0,"master_deck":["Survivor","Zap","Defend_G","Defend_B","Feel No Pain","Glacier","Echo Form+1","Biased Cognition+1","Double Energy+1","Brutality+1","Core Surge","Steam Power","Conserve Battery","Self Repair","Cold Snap","Combust+1","Electrodynamics","Reaper","Fission+1","Twin Strike","Compile Driver","Creative AI","Warcry+1","Magnetism","Turbo+1","Dark Embrace","Creative AI","Coolheaded","Capacitor","Apotheosis","Burning Pact","Electrodynamics","Hologram"],"special_seed":18002,"relics":["Cracked Core","MawBank","StoneCalendar","Bird Faced Urn","Bag of Preparation","Smiling Mask","Cables","Coffee Dripper","PreservedInsect","Strange Spoon","FossilizedHelix","Bronze Scales","Ancient Tea Set","Nunchaku","Black Star","DataDisk","Torii","Boot","Happy Flower","Potion Belt","Omamori","Ornamental Fan","Blood Vial","Ginger","Unceasing Top","Art of War","Pear"],"potions_floor_usage":[11,16,23,33,36,47,50],"damage_taken":[{"damage":7,"enemies":"2 Louse","floor":1,"turns":3},{"damage":5,"enemies":"Small Slimes","floor":5,"turns":4},{"damage":11,"enemies":"3 Sentries","floor":6,"turns":7},{"damage":9,"enemies":"Jaw Worm","floor":8,"turns":5},{"damage":27,"enemies":"Gremlin Nob","floor":11,"turns":4},{"damage":7,"enemies":"Large Slime","floor":13,"turns":7},{"damage":3,"enemies":"3 Sentries","floor":14,"turns":7},{"damage":33,"enemies":"Hexaghost","floor":16,"turns":11},{"damage":18,"enemies":"2 Thieves","floor":18,"turns":4},{"damage":9,"enemies":"Chosen","floor":20,"turns":4},{"damage":13,"enemies":"Centurion and Healer","floor":22,"turns":7},{"damage":42,"enemies":"Slavers","floor":23,"turns":4},{"damage":4,"enemies":"Gremlin Leader","floor":25,"turns":4},{"damage":8,"enemies":"Chosen and Byrds","floor":27,"turns":3},{"damage":3,"enemies":"Sentry and Sphere","floor":28,"turns":3},{"damage":31,"enemies":"Slavers","floor":30,"turns":2},{"damage":43,"enemies":"Collector","floor":33,"turns":10},{"damage":14,"enemies":"Orb Walker","floor":35,"turns":3},{"damage":11,"enemies":"3 Shapes","floor":36,"turns":2},{"damage":5,"enemies":"Mind Bloom Boss Battle","floor":38,"turns":4},{"damage":5,"enemies":"Nemesis","floor":40,"turns":7},{"damage":49,"enemies":"Reptomancer","floor":42,"turns":4},{"damage":10,"enemies":"Nemesis","floor":44,"turns":7},{"damage":32,"enemies":"Reptomancer","floor":46,"turns":5},{"damage":15,"enemies":"Transient","floor":47,"turns":5},{"damage":17,"enemies":"Maw","floor":48,"turns":7},{"damage":52,"enemies":"Time Eater","floor":50,"turns":10}],"seed_played":"3566118031847447450","potions_obtained":[{"floor":5,"key":"Poison Potion"},{"floor":8,"key":"Ancient Potion"},{"floor":13,"key":"Weak Potion"},{"floor":14,"key":"FocusPotion"},{"floor":16,"key":"Strength Potion"},{"floor":20,"key":"LiquidBronze"},{"floor":28,"key":"SkillPotion"},{"floor":33,"key":"EssenceOfSteel"},{"floor":36,"key":"SneckoOil"},{"floor":46,"key":"Energy Potion"}],"is_trial":false,"path_per_floor":["M","?","?","?","M","E","R","M","T","R","E","R","M","E","R","B",null,"M","?","M","$","M","E","R","E","T","M","M","$","E","?","R","B",null,"M","M","$","?","?","E","R","E","T","E","$","E","M","M","R","B",null],"character_chosen":"DEFECT","items_purchased":["Self Repair","PreservedInsect","Cold Snap","Strange Spoon","DataDisk","Magnetism","Coolheaded","Capacitor","Apotheosis","Unceasing Top","Burning Pact"],"campfire_rested":3,"item_purchase_floors":[21,21,21,21,37,37,45,45,45,45,45],"current_hp_per_floor":[68,50,50,47,42,31,53,46,46,68,45,67,64,69,69,46,75,61,61,60,60,75,57,57,72,72,75,75,75,44,44,44,34,75,62,74,74,73,73,75,75,41,41,65,65,80,85,85,85,70],"gold":127,"neow_bonus":"","is_prod":false,"is_daily":true,"chose_seed":false,"campfire_upgraded":5,"win_rate":0,"timestamp":1555408062,"path_taken":["M","?","?","?","M","E","R","M","T","R","E","R","M","E","R","BOSS","M","?","M","$","M","E","R","E","T","M","M","$","E","?","R","BOSS","M","M","$","?","?","E","R","E","T","E","$","E","M","?","R","BOSS"],"build_version":"2019-01-23","purchased_purges":4,"victory":true,"max_hp_per_floor":[75,75,75,75,75,75,75,75,75,75,75,75,75,75,75,75,75,75,75,75,75,75,75,75,75,75,75,75,75,75,75,75,75,75,75,75,75,75,75,75,75,75,75,75,75,85,85,85,85,85],"card_choices":[{"not_picked":["Flex","Twin Strike"],"picked":"Feel No Pain","floor":1},{"not_picked":["Cold Snap","FTL"],"picked":"Glacier","floor":5},{"not_picked":["Limit Break","Creative AI"],"picked":"Echo Form","floor":6},{"not_picked":["Intimidate","Bloodletting","Thunderclap"],"picked":"SKIP","floor":8},{"not_picked":["Multi-Cast","Limit Break"],"picked":"Biased Cognition","floor":11},{"not_picked":["Blood for Blood","Clash"],"picked":"Double Energy","floor":13},{"not_picked":["Seek","Hyperbeam"],"picked":"Brutality","floor":14},{"not_picked":["Buffer","Fiend Fire"],"picked":"Core Surge","floor":16},{"not_picked":["True Grit","Hologram+1"],"picked":"Steam Power","floor":18},{"not_picked":["Shrug It Off","Evolve"],"picked":"Conserve Battery","floor":20},{"not_picked":["Coolheaded","Conserve Battery"],"picked":"Combust+1","floor":22},{"not_picked":["Reboot","Impervious"],"picked":"Electrodynamics","floor":23},{"not_picked":["Rainbow","Hyperbeam"],"picked":"Reaper","floor":25},{"not_picked":["Perfected Strike","Thunderclap","Sweeping Beam"],"picked":"SKIP","floor":27},{"not_picked":["Stack","Flex","Pommel Strike"],"picked":"SKIP","floor":28},{"not_picked":["Bludgeon","Machine Learning"],"picked":"Fission","floor":30},{"not_picked":["Brutality","Amplify"],"picked":"Creative AI","floor":33},{"not_picked":["Dual Wield+1","Anger+1","Rupture"],"picked":"SKIP","floor":35},{"not_picked":["Evolve","Recycle+1"],"picked":"Warcry+1","floor":36},{"not_picked":["Redo","Flame Barrier+1"],"picked":"Turbo+1","floor":38},{"not_picked":["Bludgeon","Brutality","All For One"],"picked":"SKIP","floor":40},{"not_picked":["Brutality","Limit Break"],"picked":"Dark Embrace","floor":42},{"not_picked":["Feed","Thunder Strike"],"picked":"Creative AI","floor":44},{"not_picked":["Double Tap","Impervious"],"picked":"Electrodynamics","floor":46},{"not_picked":["Warcry","Leap+1","Combust+1"],"picked":"SKIP","floor":47},{"not_picked":["Metallicize","True Grit+1"],"picked":"Hologram","floor":48}],"player_experience":122373,"relics_obtained":[{"floor":6,"key":"Bird Faced Urn"},{"floor":9,"key":"Bag of Preparation"},{"floor":11,"key":"Smiling Mask"},{"floor":14,"key":"Cables"},{"floor":23,"key":"FossilizedHelix"},{"floor":25,"key":"Bronze Scales"},{"floor":26,"key":"Ancient Tea Set"},{"floor":30,"key":"Nunchaku"},{"floor":38,"key":"Torii"},{"floor":40,"key":"Boot"},{"floor":40,"key":"Happy Flower"},{"floor":42,"key":"Potion Belt"},{"floor":42,"key":"Omamori"},{"floor":43,"key":"Ornamental Fan"},{"floor":44,"key":"Blood Vial"},{"floor":44,"key":"Ginger"},{"floor":46,"key":"Art of War"},{"floor":46,"key":"Pear"}],"event_choices":[{"damage_healed":0,"gold_gain":0,"player_choice":"Take Damage","damage_taken":18,"relics_obtained":["Golden Idol"],"max_hp_gain":0,"max_hp_loss":0,"event_name":"Golden Idol","floor":2,"gold_loss":0},{"damage_healed":0,"gold_gain":0,"player_choice":"Box","damage_taken":0,"relics_obtained":["MawBank"],"max_hp_gain":0,"max_hp_loss":0,"event_name":"Big Fish","floor":3,"gold_loss":0,"cards_obtained":["Regret"]},{"damage_healed":0,"gold_gain":0,"player_choice":"Success","damage_taken":3,"relics_obtained":["StoneCalendar"],"max_hp_gain":0,"max_hp_loss":0,"event_name":"Scrap Ooze","floor":4,"gold_loss":0},{"damage_healed":0,"gold_gain":0,"player_choice":"Ignored","damage_taken":0,"max_hp_gain":0,"max_hp_loss":0,"event_name":"Vampires","floor":19,"gold_loss":0},{"damage_healed":0,"gold_gain":0,"cards_transformed":["Strike_G","Strike_R"],"player_choice":"Became Test Subject","damage_taken":0,"max_hp_gain":0,"max_hp_loss":0,"event_name":"Drug Dealer","floor":31,"gold_loss":0,"cards_obtained":["Twin Strike","Compile Driver"]},{"damage_healed":0,"gold_gain":0,"player_choice":"Fight","damage_taken":0,"max_hp_gain":0,"max_hp_loss":0,"event_name":"MindBloom","floor":38,"gold_loss":0},{"damage_healed":0,"gold_gain":333,"player_choice":"Gave Idol","damage_taken":0,"max_hp_gain":0,"max_hp_loss":0,"event_name":"The Moai Head","floor":39,"relics_lost":["Golden Idol"],"gold_loss":0}],"is_beta":false,"boss_relics":[{"not_picked":["Astrolabe","Runic Dome"],"picked":"Coffee Dripper"},{"not_picked":["Lizard Tail","Pandora\u0027s Box"],"picked":"Black Star"}],"items_purged_floors":[21,29,37,45],"is_endless":false,"potions_floor_spawned":[5,8,13,14,16,20,22,28,33,36,38,40,46,48],"ascension_level":0}