{"gold_per_floor":[113,288,288,288,356,387,387,415,460,460,20,30,30,50,50,121,121,137,137,167,78,93,93,43,43,69,101,101,101,114,129,129,129],"floor_reached":33,"playtime":800,"items_purged":["Doubt","Strike_R","Defend_R"],"score":542,"play_id":"56f05388-e02a-40b2-afe3-842fcbd1c266","local_time":"20181022121231","is_ascension_mode":true,"campfire_choices":[{"data":"Searing Blow","floor":7,"key":"SMITH"},{"data":"Searing Blow+1","floor":10,"key":"SMITH"},{"data":"Searing Blow+2","floor":13,"key":"SMITH"},{"data":"Armaments","floor":15,"key":"SMITH"},{"data":"Searing Blow+3","floor":23,"key":"SMITH"},{"data":"Searing Blow+4","floor":25,"key":"SMITH"},{"floor":28,"key":"REST"},{"data":"Searing Blow+5","floor":32,"key":"SMITH"}],"neow_cost":"NONE","seed_source_timestamp":1015856520032643,"circlet_count":0,"master_deck":["Strike_R+1","Strike_R+1","Defend_R","Defend_R","Bash","AscendersBane","Searing Blow+6","Infernal Blade","Armaments","Armaments+1","Disarm","Double Tap","Shrug It Off+1","Infernal Blade+1","True Grit+1","Thunderclap+1","Armaments","Impervious","Reaper"],"relics":["Burning Blood","NeowsBlessing","Potion Belt","Red Skull","The Courier","Smiling Mask","Magic Flower","Vajra","Astrolabe","Ginger","Red Mask","Regal Pillow","Strawberry","Nilry\u0027s Codex"],"potions_floor_usage":[16,18,18,22,22,22,33,33],"damage_taken":[{"damage":0,"enemies":"Small Slimes","floor":1,"turns":1},{"damage":0,"enemies":"3 Sentries","floor":6,"turns":2},{"damage":0,"enemies":"Gremlin Nob","floor":8,"turns":1},{"damage":0,"enemies":"Cultist","floor":12,"turns":3},{"damage":5,"enemies":"2 Louse","floor":14,"turns":2},{"damage":37,"enemies":"Slime Boss","floor":16,"turns":6},{"damage":6,"enemies":"3 Byrds","floor":18,"turns":6},{"damage":31,"enemies":"Masked Bandits","floor":20,"turns":5},{"damage":19,"enemies":"Spheric Guardian","floor":22,"turns":3},{"damage":29,"enemies":"Slavers","floor":27,"turns":7},{"damage":11,"enemies":"Snecko","floor":30,"turns":3},{"damage":23,"enemies":"Chosen and Byrds","floor":31,"turns":8},{"damage":60,"enemies":"Champ","floor":33,"turns":10}],"seed_played":"4558344715277146132","potions_obtained":[{"floor":8,"key":"Fire Potion"},{"floor":12,"key":"FearPotion"},{"floor":16,"key":"PowerPotion"},{"floor":18,"key":"EssenceOfSteel"},{"floor":20,"key":"LiquidBronze"},{"floor":22,"key":"Strength Potion"},{"floor":31,"key":"SpeedPotion"}],"is_trial":false,"path_per_floor":["M","?","?","?","?","E","R","E","T","R","$","M","R","M","R","B",null,"M","T","?","$","M","R","$","R","T","E","R","?","M","M","R"],"character_chosen":"IRONCLAD","items_purchased":["Magic Flower","Vajra","Armaments","AttackPotion"],"campfire_rested":1,"item_purchase_floors":[11,11,11,21],"current_hp_per_floor":[74,74,49,34,34,40,40,46,46,46,46,55,55,59,59,31,64,67,67,45,45,35,35,35,35,35,22,61,45,43,43,43,0],"gold":129,"neow_bonus":"THREE_ENEMY_KILL","is_prod":false,"is_daily":false,"chose_seed":false,"campfire_upgraded":7,"win_rate":0,"timestamp":1540235551,"path_taken":["M","?","?","?","?","E","R","E","T","R","$","M","R","M","R","BOSS","M","?","?","$","?","R","$","R","T","E","R","?","M","M","R","BOSS"],"build_version":"2018-10-18","purchased_purges":3,"victory":false,"max_hp_per_floor":[75,75,75,75,75,75,75,75,75,75,75,75,75,75,75,75,75,75,75,75,75,75,75,75,75,75,82,82,82,82,82,82,82],"card_choices":[{"not_picked":["Havoc","True Grit"],"picked":"Searing Blow","floor":1},{"not_picked":["Thunderclap","Wild Strike"],"picked":"Infernal Blade","floor":6},{"not_picked":["Blood for Blood","Whirlwind","Clothesline"],"picked":"SKIP","floor":8},{"not_picked":["Iron Wave","Rupture"],"picked":"Armaments","floor":12},{"not_picked":["Perfected Strike","Iron Wave"],"picked":"Disarm","floor":14},{"not_picked":["Immolate","Bludgeon"],"picked":"Double Tap","floor":16},{"not_picked":["Warcry","Clash"],"picked":"Thunderclap+1","floor":18},{"not_picked":["Flex","Heavy Blade"],"picked":"Armaments","floor":20},{"not_picked":["Body Slam","Shockwave"],"picked":"Impervious","floor":22},{"not_picked":["Spot Weakness","Iron Wave"],"picked":"Reaper","floor":27},{"not_picked":["True Grit","Flex","Cleave"],"picked":"SKIP","floor":30},{"not_picked":["Corruption+1","Pommel Strike","Havoc"],"picked":"SKIP","floor":31}],"player_experience":613625,"relics_obtained":[{"floor":6,"key":"Red Skull"},{"floor":8,"key":"The Courier"},{"floor":9,"key":"Smiling Mask"},{"floor":19,"key":"Ginger"},{"floor":20,"key":"Red Mask"},{"floor":26,"key":"Regal Pillow"},{"floor":27,"key":"Strawberry"},{"floor":29,"key":"Nilry\u0027s Codex"}],"event_choices":[{"damage_healed":0,"gold_gain":175,"player_choice":"AGREE","damage_taken":0,"max_hp_gain":0,"max_hp_loss":0,"event_name":"Liars Game","floor":2,"gold_loss":0,"cards_obtained":["Doubt"]},{"damage_healed":0,"gold_gain":0,"player_choice":"Success","damage_taken":25,"relics_obtained":["Potion Belt"],"max_hp_gain":0,"max_hp_loss":0,"event_name":"Scrap Ooze","floor":3,"gold_loss":0},{"damage_healed":0,"gold_gain":0,"player_choice":"Entered Light","damage_taken":15,"max_hp_gain":0,"max_hp_loss":0,"event_name":"Shining Light","floor":4,"gold_loss":0,"cards_upgraded":["Strike_R","Strike_R"]},{"damage_healed":0,"gold_gain":68,"player_choice":"Gained Gold","damage_taken":0,"max_hp_gain":0,"max_hp_loss":0,"event_name":"Golden Wing","floor":5,"gold_loss":0},{"damage_healed":0,"gold_gain":0,"player_choice":"Fought Bandits","damage_taken":0,"max_hp_gain":0,"max_hp_loss":0,"event_name":"Masked Bandits","floor":20,"gold_loss":0},{"damage_healed":0,"gold_gain":0,"player_choice":"Obtained Book","damage_taken":16,"max_hp_gain":0,"max_hp_loss":0,"event_name":"Cursed Tome","floor":29,"gold_loss":0}],"is_beta":false,"boss_relics":[{"not_picked":["Orrery","Runic Dome"],"picked":"Astrolabe"}],"items_purged_floors":[11,21,24],"is_endless":false,"potions_floor_spawned":[8,12,16,18,20,22,31],"killed_by":"Champ","ascension_level":14}