{"gold_per_floor":[109,109,109,120,130,6,41,41,41,60,60,74,101,119,119,190,190,170,270,270,36,55,55,65,97,166,186,186,186,186,186,186,186],"floor_reached":33,"playtime":820,"items_purged":[],"score":510,"play_id":"8e69cd10-4cab-4958-9f84-bea3d27ea2ba","local_time":"20181019142044","is_ascension_mode":true,"campfire_choices":[{"data":"Searing Blow","floor":8,"key":"SMITH"},{"floor":15,"key":"REST"},{"floor":23,"key":"REST"},{"data":"Searing Blow+1","floor":30,"key":"SMITH"},{"data":"Searing Blow+2","floor":32,"key":"SMITH"}],"neow_cost":"NONE","seed_source_timestamp":764325899959605,"circlet_count":0,"master_deck":["Strike_R+1","Strike_R","Strike_R","Strike_R+1","Strike_R","Defend_R","Defend_R","Defend_R","Defend_R","Bash","AscendersBane","Flex","Hemokinesis","Pommel Strike","Searing Blow+3","Flex","Blood for Blood","Flame Barrier","Carnage","Cleave","Iron Wave","Immolate","Havoc","Blood for Blood+1","Necronomicurse","Inflame","Battle Trance+1","Sword Boomerang+1","Rage+1","Iron Wave+1"],"relics":["Burning Blood","Pen Nib","Bottled Lightning","Regal Pillow","Orichalcum","Lizard Tail","Calipers","Molten Egg 2","Necronomicon","Sling","Meat on the Bone","Paper Frog","Nloth\u0027s Gift","Matryoshka"],"potions_floor_usage":[7,13,14,19,19,19,19,33],"damage_taken":[{"damage":0,"enemies":"2 Louse","floor":1,"turns":1},{"damage":0,"enemies":"Jaw Worm","floor":4,"turns":1},{"damage":0,"enemies":"Cultist","floor":5,"turns":1},{"damage":36,"enemies":"3 Sentries","floor":7,"turns":7},{"damage":8,"enemies":"Red Slaver","floor":10,"turns":3},{"damage":3,"enemies":"3 Louse","floor":12,"turns":3},{"damage":15,"enemies":"Gremlin Nob","floor":13,"turns":3},{"damage":7,"enemies":"2 Fungi Beasts","floor":14,"turns":2},{"damage":43,"enemies":"Slime Boss","floor":16,"turns":11},{"damage":30,"enemies":"2 Thieves","floor":18,"turns":4},{"damage":7,"enemies":"Colosseum Slavers","floor":19,"turns":4},{"damage":55,"enemies":"Colosseum Nobs","floor":19,"turns":6},{"damage":18,"enemies":"3 Byrds","floor":22,"turns":5},{"damage":3,"enemies":"Centurion and Healer","floor":24,"turns":5},{"damage":3,"enemies":"Gremlin Leader","floor":25,"turns":3},{"damage":16,"enemies":"Chosen and Byrds","floor":27,"turns":4},{"damage":45,"enemies":"Collector","floor":33,"turns":4}],"seed_played":"996611090552410991","potions_obtained":[{"floor":4,"key":"Strength Potion"},{"floor":10,"key":"Explosive Potion"},{"floor":12,"key":"EssenceOfSteel"},{"floor":13,"key":"LiquidBronze"},{"floor":16,"key":"SpeedPotion"},{"floor":18,"key":"EntropicBrew"},{"floor":19,"key":"Ancient Potion"},{"floor":27,"key":"FearPotion"}],"is_trial":false,"path_per_floor":["M","?","?","M","M","$","E","R","T","M","?","M","E","M","R","B",null,"M","?","?","$","M","R","M","E","T","M","?","?","R","T","R"],"character_chosen":"IRONCLAD","items_purchased":["Searing Blow","Flex","Inflame","Sling"],"campfire_rested":2,"item_purchase_floors":[6,6,21,21],"current_hp_per_floor":[74,59,59,65,71,71,41,41,41,39,14,17,8,7,44,7,58,34,40,24,24,12,49,52,55,55,45,45,45,45,45,45,0],"gold":186,"neow_bonus":"THREE_ENEMY_KILL","is_prod":false,"is_daily":false,"chose_seed":false,"campfire_upgraded":3,"win_rate":0,"timestamp":1539984044,"path_taken":["M","?","?","M","M","$","E","R","T","?","?","M","E","M","R","BOSS","M","?","?","$","M","R","M","E","T","M","?","?","R","?","R","BOSS"],"build_version":"2018-10-18","purchased_purges":0,"victory":false,"max_hp_per_floor":[75,75,75,75,75,75,75,75,75,75,75,75,75,75,75,75,75,75,75,75,75,75,75,75,75,75,75,75,75,75,75,75,75],"card_choices":[{"not_picked":["Armaments","Havoc"],"picked":"Flex","floor":1},{"not_picked":["Armaments","Evolve"],"picked":"Hemokinesis","floor":4},{"not_picked":["Rampage","Havoc"],"picked":"Pommel Strike","floor":5},{"not_picked":["Combust","Barricade"],"picked":"Blood for Blood","floor":7},{"not_picked":["Armaments","Cleave"],"picked":"Flame Barrier","floor":10},{"not_picked":["Warcry","Sword Boomerang"],"picked":"Carnage","floor":12},{"not_picked":["Dual Wield","Sentinel"],"picked":"Cleave","floor":13},{"not_picked":["Pommel Strike","Rage"],"picked":"Iron Wave","floor":14},{"not_picked":["Berserk","Demon Form"],"picked":"Immolate","floor":16},{"not_picked":["Heavy Blade","Pummel"],"picked":"Havoc","floor":18},{"not_picked":["Body Slam","Twin Strike"],"picked":"Blood for Blood","floor":19},{"not_picked":["Flex","Intimidate"],"picked":"Battle Trance+1","floor":22},{"not_picked":["Perfected Strike+1","Twin Strike+1"],"picked":"Sword Boomerang+1","floor":24},{"not_picked":["Disarm","Iron Wave+1"],"picked":"Rage+1","floor":25},{"not_picked":["Demon Form","Second Wind"],"picked":"Iron Wave+1","floor":27}],"player_experience":559340,"relics_obtained":[{"floor":7,"key":"Pen Nib"},{"floor":9,"key":"Bottled Lightning"},{"floor":13,"key":"Orichalcum"},{"floor":19,"key":"Calipers"},{"floor":19,"key":"Molten Egg 2"},{"floor":20,"key":"Necronomicon"},{"floor":25,"key":"Meat on the Bone"},{"floor":26,"key":"Paper Frog"},{"floor":31,"key":"Matryoshka"}],"event_choices":[{"damage_healed":0,"gold_gain":0,"player_choice":"Entered Light","damage_taken":15,"max_hp_gain":0,"max_hp_loss":0,"event_name":"Shining Light","floor":2,"gold_loss":0,"cards_upgraded":["Strike_R","Strike_R"]},{"damage_healed":0,"gold_gain":0,"player_choice":"Ignored","damage_taken":0,"max_hp_gain":0,"max_hp_loss":0,"event_name":"Golden Wing","floor":3,"gold_loss":0},{"damage_healed":0,"gold_gain":0,"player_choice":"Success","damage_taken":25,"relics_obtained":["Regal Pillow"],"max_hp_gain":0,"max_hp_loss":0,"event_name":"Scrap Ooze","floor":11,"gold_loss":0},{"damage_healed":0,"gold_gain":0,"player_choice":"Fight","damage_taken":0,"max_hp_gain":0,"max_hp_loss":0,"event_name":"Colosseum","floor":19,"gold_loss":0},{"damage_healed":0,"gold_gain":0,"player_choice":"Fought Nobs","damage_taken":0,"max_hp_gain":0,"max_hp_loss":0,"event_name":"Colosseum","floor":19,"gold_loss":0},{"damage_healed":0,"gold_gain":0,"player_choice":"Obtained Book","damage_taken":16,"max_hp_gain":0,"max_hp_loss":0,"event_name":"Cursed Tome","floor":20,"gold_loss":0},{"damage_healed":0,"gold_gain":0,"player_choice":"Ignored","damage_taken":0,"max_hp_gain":0,"max_hp_loss":0,"event_name":"Ghosts","floor":28,"gold_loss":0},{"damage_healed":0,"gold_gain":0,"player_choice":"Traded Relic","damage_taken":0,"relics_obtained":["Nloth\u0027s Gift"],"max_hp_gain":0,"max_hp_loss":0,"event_name":"N\u0027loth","floor":29,"relics_lost":["NeowsBlessing"],"gold_loss":0}],"is_beta":false,"boss_relics":[{"not_picked":["Black Blood","Fusion Hammer"],"picked":"Lizard Tail"}],"items_purged_floors":[],"is_endless":false,"potions_floor_spawned":[4,10,12,13,16,18,19,27],"killed_by":"Collector","ascension_level":14}