{"path_per_floor":["M","$","M","?","T","E","R","E","T","$","E","M","M","E","R","B",null,"M","M","?","M","?","E","M","E","T","?","$","R","M","M","R"],"character_chosen":"THE_SILENT","items_purchased":["Bandage Up","Mind Blast","Well Laid Plans","Slice"],"gold_per_floor":[109,21,32,32,58,97,97,130,130,1,45,60,83,122,122,251,251,176,176,176,176,76,76,76,76,76,76,25,25,25,25,25],"floor_reached":33,"campfire_rested":4,"playtime":1218,"current_hp_per_floor":[55,55,59,59,59,12,31,18,18,18,13,21,25,16,35,19,54,58,58,58,58,58,40,19,8,10,10,10,30,24,24,44],"items_purged":[],"gold":25,"score":410,"play_id":"8ae78f8b-6e2d-4502-8b97-8e003147d98a","is_prod":false,"is_daily":false,"is_ascension_mode":true,"campfire_upgraded":0,"path_taken":["M","$","M","?","?","E","R","E","T","$","E","M","M","E","R","BOSS","M","M","?","?","?","E","?","E","T","?","$","R","M","M","R","BOSS"],"build_version":"2018-02-22-PROD2","purchased_purges":0,"victory":false,"master_deck":["Defend_G","Defend_G","Defend_G","Defend_G","Defend_G","Strike_G","Strike_G","Strike_G","Strike_G","Survivor","Neutralize","Escape Plan","Bandage Up","Terror","Dagger Spray","Backflip","Mind Blast","Well Laid Plans","Burst","Blur","Cloak And Dagger","Deflect","A Thousand Cuts","Dagger Throw","Slice+1","Sucker Punch+1","Dagger Throw","Distraction+1","Adrenaline","Slice","Cloak And Dagger","Cloak And Dagger"],"max_hp_per_floor":[70,70,70,65,65,65,65,65,65,65,65,65,65,65,65,65,65,65,65,65,65,65,65,65,65,67,67,67,67,67,67,67],"relics":["Ring of the Snake","Golden Idol","Vajra","Ancient Tea Set","Oddly Smooth Stone","Frozen Eye","Snake Skull","Blood Vial","Ectoplasm","Prayer Wheel","Dead Branch","Singing Bowl","Orichalcum"],"card_choices":[{"not_picked":["Prepared","PiercingWail"],"picked":"Escape Plan"},{"not_picked":["Corpse Explosion","Flying Knee"],"picked":"Terror"},{"not_picked":["Bouncing Flask","Infinite Blades"],"picked":"Dagger Spray"},{"not_picked":["Setup","Slice"],"picked":"Backflip"},{"not_picked":["Choke","Storm of Steel"],"picked":"Burst"},{"not_picked":["Prepared","Eviscerate"],"picked":"Blur"},{"not_picked":["PiercingWail","Masterful Stab"],"picked":"Cloak And Dagger"},{"not_picked":["Bullet Time","Cloak And Dagger"],"picked":"Deflect"},{"not_picked":["Tactician","Wraith Form"],"picked":"A Thousand Cuts"},{"not_picked":["Acrobatics","Dodge and Roll"],"picked":"Dagger Throw"},{"not_picked":["Deflect","Dash"],"picked":"Slice"},{"not_picked":["Slice","PiercingWail"],"picked":"Sucker Punch"},{"not_picked":["Expertise","Catalyst"],"picked":"Dagger Throw"},{"not_picked":["Dodge and Roll","Flying Knee"],"picked":"Distraction"},{"not_picked":["Riddle With Holes","Underhanded Strike"],"picked":"Adrenaline"},{"not_picked":["Skewer","Burst"],"picked":"Cloak And Dagger"},{"not_picked":["Expertise","Acrobatics"],"picked":"Cloak And Dagger"}],"player_experience":213138,"potions_floor_usage":[8,13,18,25,25,25,33,33],"damage_taken":[{"damage":8,"enemies":"Small Slimes","floor":1,"turns":5},{"damage":0,"enemies":"2 Louse","floor":3,"turns":3},{"damage":51,"enemies":"Gremlin Nob","floor":6,"turns":5},{"damage":32,"enemies":"Lagavulin","floor":8,"turns":6},{"damage":9,"enemies":"3 Sentries","floor":11,"turns":7},{"damage":0,"enemies":"Jaw Worm","floor":12,"turns":3},{"damage":0,"enemies":"2 Fungi Beasts","floor":13,"turns":4},{"damage":13,"enemies":"Lagavulin","floor":14,"turns":7},{"damage":22,"enemies":"Slime Boss","floor":16,"turns":9},{"damage":2,"enemies":"2 Thieves","floor":18,"turns":5},{"damage":6,"enemies":"Spheric Guardian","floor":19,"turns":6},{"damage":6,"enemies":"Snake Plant","floor":21,"turns":4},{"damage":24,"enemies":"Book of Stabbing","floor":23,"turns":5},{"damage":31,"enemies":"Centurion and Healer","floor":24,"turns":4},{"damage":17,"enemies":"Slavers","floor":25,"turns":5},{"damage":12,"enemies":"Chosen and Byrds","floor":30,"turns":4},{"damage":6,"enemies":"Snake Plant","floor":31,"turns":3},{"damage":58,"enemies":"Automaton","floor":33,"turns":8}],"event_choices":[{"event_name":"Golden Idol","player_choice":"Lose Max HP","floor":4,"damage_taken":0},{"event_name":"Bonfire Elementals","player_choice":"BASIC","floor":20,"damage_taken":0},{"event_name":"Drug Dealer","player_choice":"Got JAXXED","floor":22,"damage_taken":0},{"event_name":"Addict","player_choice":"Gave JAX","floor":27,"damage_taken":0}],"boss_relics":[{"not_picked":["Question Card","Calling Bell"],"picked":"Ectoplasm"}],"potions_floor_spawned":[6,8,11,16,21,23,31],"seed_played":"-2796316450831487711","killed_by":"Automaton","ascension_level":6,"is_trial":false}