{"gold_per_floor":[112,126,126,42,42,42,42,42,66,66,77,107,118,129,129,203,203,83,8,8,8,18,18,18],"floor_reached":24,"playtime":850,"items_purged":[],"score":384,"play_id":"59b76e3c-afdb-499e-a192-bc43745091b6","local_time":"20190408135217","is_ascension_mode":true,"campfire_choices":[{"data":"Consume","floor":6.0,"key":"SMITH"},{"data":"Capacitor","floor":8.0,"key":"SMITH"},{"floor":10.0,"key":"REST"},{"floor":15.0,"key":"REST"},{"floor":23,"key":"REST"}],"neow_cost":"NONE","seed_source_timestamp":237532187911357,"circlet_count":0,"master_deck":["AscendersBane","Strike_B+1","Defend_B+1","Defend_B","Defend_B","Defend_B","Zap","Dualcast","Capacitor+1","Undo","Consume+1","Self Repair","Capacitor","Leap","Buffer","Redo+1","Genetic Algorithm","Thunder Strike","Tempest"],"special_seed":0,"relics":["Cracked Core","Potion Belt","Omamori","DataDisk","Cursed Key","Smiling Mask"],"potions_floor_usage":[16,16],"damage_taken":[{"damage":1.0,"enemies":"Cultist","floor":1.0,"turns":3.0},{"damage":2.0,"enemies":"Jaw Worm","floor":2.0,"turns":3.0},{"damage":0.0,"enemies":"2 Louse","floor":11.0,"turns":2.0},{"damage":49.0,"enemies":"3 Sentries","floor":12.0,"turns":9.0},{"damage":3.0,"enemies":"Blue Slaver","floor":13.0,"turns":5.0},{"damage":17.0,"enemies":"Exordium Wildlife","floor":14.0,"turns":3.0},{"damage":12,"enemies":"Slime Boss","floor":16,"turns":9},{"damage":22,"enemies":"2 Thieves","floor":18,"turns":5},{"damage":18,"enemies":"Spheric Guardian","floor":22,"turns":6},{"damage":66,"enemies":"Gremlin Leader","floor":24,"turns":5}],"seed_played":"4338247149577843286","potions_obtained":[{"floor":11.0,"key":"Dexterity Potion"},{"floor":13.0,"key":"EssenceOfSteel"},{"floor":14.0,"key":"FocusPotion"},{"floor":16,"key":"FearPotion"},{"floor":22,"key":"Energy Potion"}],"is_trial":false,"path_per_floor":["M","M","?","$","?","R","$","R","T","R","M","E","M","M","R","B",null,"M","?","?","?","M","R","E"],"character_chosen":"DEFECT","items_purchased":["Consume"],"campfire_rested":3,"item_purchase_floors":[4],"current_hp_per_floor":[63,61,40,40,45,45,45,45,45,67,67,25,29,12,34,29,64,49,49,49,49,38,60,0],"gold":18,"neow_bonus":"RANDOM_COMMON_RELIC","is_prod":false,"is_daily":false,"chose_seed":false,"campfire_upgraded":2,"win_rate":0,"timestamp":1554753137,"path_taken":["M","?","?","$","?","R","$","R","T","R","M","E","M","M","R","BOSS","M","?","?","?","M","R","E"],"build_version":"2019-04-04","purchased_purges":0,"victory":false,"max_hp_per_floor":[71,71,71,71,76,76,76,76,76,76,76,76,76,76,76,76,76,76,76,76,76,76,76,76],"card_choices":[{"not_picked":["Compile Driver","Aggregate"],"picked":"Capacitor","floor":1.0},{"not_picked":["Streamline","Lockon"],"picked":"Undo","floor":2.0},{"not_picked":["Barrage","Steam Power"],"picked":"Self Repair","floor":11.0},{"not_picked":["Sweeping Beam","Steam","Streamline"],"picked":"SKIP","floor":12.0},{"not_picked":["Conserve Battery","Rebound"],"picked":"Capacitor","floor":13.0},{"not_picked":["White Noise","Capacitor"],"picked":"Leap","floor":14.0},{"not_picked":["Hyperbeam","All For One"],"picked":"Buffer","floor":16},{"not_picked":["FTL","Streamline"],"picked":"Redo+1","floor":18},{"not_picked":["Steam Power","Go for the Eyes"],"picked":"Tempest","floor":22}],"player_experience":2803177,"relics_obtained":[{"floor":9.0,"key":"Omamori"},{"floor":12.0,"key":"DataDisk"}],"event_choices":[{"damage_healed":0.0,"max_hp_gain":0.0,"max_hp_loss":0.0,"gold_gain":0.0,"event_name":"Shining Light","player_choice":"Entered Light","floor":3.0,"gold_loss":0.0,"damage_taken":21.0,"cards_upgraded":["Defend_B","Strike_B"]},{"damage_healed":0.0,"max_hp_gain":5.0,"max_hp_loss":0.0,"gold_gain":0.0,"event_name":"Big Fish","player_choice":"Donut","floor":5.0,"gold_loss":0.0,"damage_taken":0.0},{"cards_removed":["Strike_B"],"damage_healed":0,"gold_gain":0,"player_choice":"Gave Gold","damage_taken":0,"max_hp_gain":0,"max_hp_loss":0,"event_name":"Beggar","floor":19,"gold_loss":75},{"damage_healed":0,"gold_gain":0,"cards_transformed":["Strike_B","Strike_B"],"player_choice":"Became Test Subject","damage_taken":0,"max_hp_gain":0,"max_hp_loss":0,"event_name":"Drug Dealer","floor":20,"gold_loss":0,"cards_obtained":["Genetic Algorithm","Thunder Strike"]},{"damage_healed":0,"gold_gain":0,"player_choice":"Gave Potion","damage_taken":0,"relics_obtained":["Smiling Mask"],"max_hp_gain":0,"max_hp_loss":0,"event_name":"WeMeetAgain","floor":21,"gold_loss":0}],"is_beta":true,"boss_relics":[{"not_picked":["Fusion Hammer","Runic Pyramid"],"picked":"Cursed Key"}],"items_purged_floors":[],"is_endless":false,"potions_floor_spawned":[11,13,14,16,22],"killed_by":"Gremlin Leader","ascension_level":20}