{"gold_per_floor":[114,114,128,147,147,147,181,192,219,219,219],"floor_reached":11,"playtime":570,"items_purged":[],"score":146,"play_id":"badae827-c64e-4854-af20-242c40c4d253","local_time":"20190415145107","is_ascension_mode":true,"campfire_choices":[{"data":"Neutralize","floor":6,"key":"SMITH"},{"floor":10,"key":"REST"}],"neow_cost":"NONE","seed_source_timestamp":280083540554592,"circlet_count":0,"master_deck":["AscendersBane","Defend_G","Defend_G","Defend_G","Defend_G","Defend_G","Strike_G","Strike_G","Strike_G","Strike_G","Strike_G","Survivor","Neutralize+1","Finesse","Dodge and Roll","Prepared","Blade Dance","Noxious Fumes","Bouncing Flask"],"relics":["Ring of the Snake","Vajra","Anchor"],"potions_floor_usage":[7,7,8],"damage_taken":[{"damage":3,"enemies":"Jaw Worm","floor":1,"turns":6},{"damage":7,"enemies":"Small Slimes","floor":3,"turns":6},{"damage":0,"enemies":"Cultist","floor":4,"turns":4},{"damage":31,"enemies":"Lagavulin","floor":7,"turns":8},{"damage":1,"enemies":"Exordium Wildlife","floor":8,"turns":6},{"damage":66,"enemies":"Gremlin Nob","floor":11,"turns":4}],"seed_played":"-7883035385217131065","potions_obtained":[{"floor":3,"key":"Explosive Potion"},{"floor":4,"key":"FearPotion"},{"floor":7,"key":"GhostInAJar"}],"is_trial":false,"path_per_floor":["M","?","M","M","?","R","E","M","T","R","E"],"character_chosen":"THE_SILENT","items_purchased":[],"campfire_rested":1,"item_purchase_floors":[],"current_hp_per_floor":[56,61,54,54,54,54,23,22,22,43,0],"gold":219,"neow_bonus":"RANDOM_COLORLESS","is_prod":false,"is_daily":false,"chose_seed":false,"campfire_upgraded":1,"win_rate":0,"timestamp":1555336267,"path_taken":["M","?","M","M","?","R","E","?","T","R","E"],"build_version":"2019-01-23","purchased_purges":0,"victory":false,"max_hp_per_floor":[66,71,71,71,71,71,71,71,71,71,71],"card_choices":[{"not_picked":["Deflect","Riddle With Holes"],"picked":"Dodge and Roll","floor":1},{"not_picked":["Bane","Riddle With Holes"],"picked":"Prepared","floor":3},{"not_picked":["Poisoned Stab","Dagger Spray"],"picked":"Blade Dance","floor":4},{"not_picked":["PiercingWail","Cloak And Dagger"],"picked":"Noxious Fumes","floor":7},{"not_picked":["Prepared","Outmaneuver"],"picked":"Bouncing Flask","floor":8}],"player_experience":1084199,"relics_obtained":[{"floor":7,"key":"Vajra"},{"floor":9,"key":"Anchor"}],"event_choices":[{"damage_healed":0,"gold_gain":0,"player_choice":"Donut","damage_taken":0,"max_hp_gain":5,"max_hp_loss":0,"event_name":"Big Fish","floor":2,"gold_loss":0},{"damage_healed":0,"gold_gain":0,"player_choice":"Got Potions","damage_taken":0,"max_hp_gain":0,"max_hp_loss":0,"event_name":"Lab","floor":5,"gold_loss":0}],"is_beta":false,"boss_relics":[],"items_purged_floors":[],"is_endless":false,"potions_floor_spawned":[3,4,7],"killed_by":"Gremlin Nob","ascension_level":20}