{"gold_per_floor":[117,117,134,151,126,154,154,187,261,272,302,314,314,279,279,279],"floor_reached":16,"playtime":434,"items_purged":[],"score":198,"play_id":"03f61e58-08ff-41d2-8304-f83f5bb05c04","local_time":"20181019113051","is_ascension_mode":true,"campfire_choices":[{"floor":7,"key":"REST"},{"floor":13,"key":"REST"},{"data":"Adrenaline","floor":15,"key":"SMITH"}],"neow_cost":"TEN_PERCENT_HP_LOSS","seed_source_timestamp":754524284018736,"circlet_count":0,"master_deck":["Defend_G","Defend_G","Defend_G","Defend_G","Defend_G","Strike_G","Strike_G","Strike_G","Strike_G","Strike_G","Survivor","Neutralize","AscendersBane","Dagger Spray","Infinite Blades","Glass Knife","Dagger Spray","Distraction","A Thousand Cuts","Backflip","Adrenaline+1","Catalyst"],"relics":["Ring of the Snake","Ice Cream","Bird Faced Urn","Omamori","Paper Crane","Bottled Tornado"],"potions_floor_usage":[6,10,11,16],"damage_taken":[{"damage":8,"enemies":"Jaw Worm","floor":1,"turns":5},{"damage":0,"enemies":"2 Louse","floor":3,"turns":3},{"damage":6,"enemies":"Cultist","floor":4,"turns":3},{"damage":12,"enemies":"3 Sentries","floor":6,"turns":4},{"damage":28,"enemies":"Gremlin Nob","floor":8,"turns":4},{"damage":1,"enemies":"Blue Slaver","floor":10,"turns":4},{"damage":17,"enemies":"Lagavulin","floor":11,"turns":6},{"damage":14,"enemies":"Exordium Wildlife","floor":12,"turns":4},{"damage":47,"enemies":"Hexaghost","floor":16,"turns":9}],"seed_played":"3739365325025379514","potions_obtained":[{"floor":1,"key":"Explosive Potion"},{"floor":8,"key":"Block Potion"},{"floor":10,"key":"PowerPotion"},{"floor":12,"key":"Energy Potion"}],"is_trial":false,"path_per_floor":["M","?","M","M","$","E","R","E","T","M","E","M","R","?","R"],"character_chosen":"THE_SILENT","items_purchased":["Dagger Spray"],"campfire_rested":2,"item_purchase_floors":[5],"current_hp_per_floor":[55,55,55,49,49,37,55,29,29,32,21,9,27,42,42,0],"gold":279,"neow_bonus":"ONE_RARE_RELIC","is_prod":false,"is_daily":false,"chose_seed":false,"campfire_upgraded":1,"win_rate":0,"timestamp":1539973851,"path_taken":["M","?","M","?","$","E","R","E","T","M","E","M","R","?","R","BOSS"],"build_version":"2018-10-18","purchased_purges":0,"victory":false,"max_hp_per_floor":[63,63,63,63,63,63,63,63,63,63,63,63,63,63,63,63],"card_choices":[{"not_picked":["Poisoned Stab","Slice"],"picked":"Dagger Spray","floor":1},{"not_picked":["Underhanded Strike","Blade Dance"],"picked":"Infinite Blades","floor":3},{"not_picked":["Well Laid Plans","Heel Hook"],"picked":"Glass Knife","floor":4},{"not_picked":["PiercingWail","Slice"],"picked":"Distraction","floor":6},{"not_picked":["Outmaneuver","PiercingWail"],"picked":"A Thousand Cuts","floor":8},{"not_picked":["Blade Dance","Masterful Stab"],"picked":"Backflip","floor":10},{"not_picked":["Tactician","Cloak And Dagger"],"picked":"Adrenaline","floor":11},{"not_picked":["Dodge and Roll","Expertise"],"picked":"Catalyst","floor":12}],"player_experience":558906,"relics_obtained":[{"floor":6,"key":"Bird Faced Urn"},{"floor":8,"key":"Omamori"},{"floor":9,"key":"Paper Crane"},{"floor":11,"key":"Bottled Tornado"}],"event_choices":[{"damage_healed":0,"gold_gain":0,"player_choice":"Ignored","damage_taken":0,"max_hp_gain":0,"max_hp_loss":0,"event_name":"Golden Wing","floor":2,"gold_loss":0},{"damage_healed":15,"gold_gain":0,"player_choice":"Healed","damage_taken":0,"max_hp_gain":0,"max_hp_loss":0,"event_name":"The Cleric","floor":14,"gold_loss":35}],"is_beta":false,"boss_relics":[],"items_purged_floors":[],"is_endless":false,"potions_floor_spawned":[1,8,10,12],"killed_by":"Hexaghost","ascension_level":13}