{"gold_per_floor":[116,191,201,0,13,39,39,50,50,50,64,80,91,101,101,201,201,219,238,20,39,51,51,81,106,154,154,169,186,186,203,203,203],"floor_reached":33,"playtime":2373,"items_purged":[],"score":300,"play_id":"961ff0d3-d8ab-496e-83ed-dcb212b37bd0","local_time":"20181105033516","is_ascension_mode":false,"campfire_choices":[{"floor":7,"key":"REST"},{"floor":10,"key":"REST"},{"floor":15,"key":"REST"},{"floor":23,"key":"REST"},{"floor":27,"key":"REST"},{"floor":30,"key":"REST"},{"floor":32,"key":"REST"}],"neow_cost":"NONE","seed_source_timestamp":192841795636357,"circlet_count":0,"master_deck":["Strike_B","Strike_B","Strike_B","Strike_B","Defend_B","Defend_B","Defend_B","Defend_B","Zap","Dualcast","Hologram","Defragment","Capacitor","Loop","Defragment","Double Energy","Static Discharge","Static Discharge","Electrodynamics","Biased Cognition","FTL+1","Storm","Defragment","Genetic Algorithm","Go for the Eyes+1","Skim","Redo","Barrage","Machine Learning","BootSequence+1","Tempest","BootSequence"],"relics":["Cracked Core","HandDrill","Mango","Meat on the Bone","Nuclear Battery","Orichalcum","Matryoshka","Pen Nib","Juzu Bracelet","PreservedInsect","Dream Catcher"],"potions_floor_usage":[6,16,16,16,24,28,33,33],"damage_taken":[{"damage":2,"enemies":"2 Louse","floor":1,"turns":2},{"damage":0,"enemies":"Cultist","floor":3,"turns":3},{"damage":10,"enemies":"Small Slimes","floor":5,"turns":4},{"damage":26,"enemies":"3 Sentries","floor":6,"turns":6},{"damage":18,"enemies":"Red Slaver","floor":8,"turns":4},{"damage":11,"enemies":"Blue Slaver","floor":11,"turns":5},{"damage":9,"enemies":"2 Fungi Beasts","floor":12,"turns":4},{"damage":24,"enemies":"3 Louse","floor":13,"turns":4},{"damage":15,"enemies":"Looter","floor":14,"turns":3},{"damage":35,"enemies":"Hexaghost","floor":16,"turns":6},{"damage":10,"enemies":"3 Byrds","floor":18,"turns":1},{"damage":25,"enemies":"2 Thieves","floor":19,"turns":2},{"damage":19,"enemies":"Snake Plant","floor":21,"turns":2},{"damage":24,"enemies":"Snecko","floor":22,"turns":4},{"damage":41,"enemies":"Slavers","floor":24,"turns":3},{"damage":40,"enemies":"Shelled Parasite and Fungi","floor":28,"turns":4},{"damage":22,"enemies":"Snake Plant","floor":29,"turns":3},{"damage":6,"enemies":"3 Cultists","floor":31,"turns":3},{"damage":81,"enemies":"Champ","floor":33,"turns":7}],"seed_played":"1905464980700656858","potions_obtained":[{"floor":3,"key":"AttackPotion"},{"floor":6,"key":"Block Potion"},{"floor":8,"key":"Fire Potion"},{"floor":12,"key":"GamblersBrew"},{"floor":14,"key":"EssenceOfSteel"},{"floor":16,"key":"AttackPotion"},{"floor":21,"key":"Ancient Potion"},{"floor":22,"key":"SkillPotion"},{"floor":24,"key":"Weak Potion"}],"is_trial":false,"path_per_floor":["M","?","M","$","M","E","R","M","T","R","M","M","M","M","R","B",null,"M","M","$","M","M","R","E","T","T","R","M","M","R","M","R","B"],"character_chosen":"DEFECT","items_purchased":["HandDrill","Orichalcum","Defragment"],"campfire_rested":7,"item_purchase_floors":[4,20,20],"current_hp_per_floor":[80,72,72,72,62,50,78,60,60,88,77,68,56,53,81,58,96,86,61,61,54,42,70,41,41,41,69,41,31,59,53,81,0],"gold":203,"neow_bonus":"TEN_PERCENT_HP_BONUS","is_prod":false,"is_daily":false,"chose_seed":false,"campfire_upgraded":0,"win_rate":0.0,"timestamp":1541417716,"path_taken":["M","?","?","?","M","E","R","M","T","R","M","M","M","M","R","BOSS","M","M","$","M","?","R","E","?","T","R","M","M","R","M","R","BOSS"],"build_version":"2018-11-01","purchased_purges":0,"victory":false,"max_hp_per_floor":[82,82,82,82,82,96,96,96,96,96,96,96,96,96,96,96,96,96,96,96,96,96,96,96,96,96,96,96,96,96,96,96,96],"card_choices":[{"not_picked":["Go for the Eyes","Aggregate"],"picked":"Hologram","floor":1},{"not_picked":["Go for the Eyes","Beam Cell"],"picked":"Defragment","floor":3},{"not_picked":["Blizzard","Scrape"],"picked":"Capacitor","floor":5},{"not_picked":["Sweeping Beam","Steam"],"picked":"Loop","floor":6},{"not_picked":["Streamline","Lockon"],"picked":"Defragment","floor":8},{"not_picked":["Steam","Stack"],"picked":"Double Energy","floor":11},{"not_picked":["Steam Power","Go for the Eyes"],"picked":"Static Discharge","floor":12},{"not_picked":["Cold Snap","Redo"],"picked":"Static Discharge","floor":13},{"not_picked":["FTL","Stack"],"picked":"Electrodynamics","floor":14},{"not_picked":["Reboot","Fission"],"picked":"Biased Cognition","floor":16},{"not_picked":["Hologram","Capacitor+1"],"picked":"FTL+1","floor":18},{"not_picked":["Glacier+1","Go for the Eyes"],"picked":"Storm","floor":19},{"not_picked":["Streamline","Coolheaded"],"picked":"Genetic Algorithm","floor":21},{"not_picked":["Fusion","Doom and Gloom+1"],"picked":"Go for the Eyes+1","floor":22},{"not_picked":["Aggregate","Leap"],"picked":"Skim","floor":24},{"not_picked":["Conserve Battery","Streamline"],"picked":"Redo","floor":27},{"not_picked":["Go for the Eyes+1","Steam"],"picked":"Barrage","floor":28},{"not_picked":["Stack+1","Barrage"],"picked":"Machine Learning","floor":29},{"not_picked":["Hologram","Steam Power+1"],"picked":"BootSequence+1","floor":30},{"not_picked":["Compile Driver","Darkness"],"picked":"Tempest","floor":31},{"not_picked":["Streamline","Beam Cell"],"picked":"BootSequence","floor":32}],"player_experience":4380,"relics_obtained":[{"floor":6,"key":"Mango"},{"floor":9,"key":"Meat on the Bone"},{"floor":24,"key":"Matryoshka"},{"floor":25,"key":"Pen Nib"},{"floor":25,"key":"Juzu Bracelet"},{"floor":26,"key":"PreservedInsect"},{"floor":26,"key":"Dream Catcher"}],"event_choices":[{"damage_healed":0,"gold_gain":75,"player_choice":"Touch","damage_taken":8,"max_hp_gain":0,"max_hp_loss":0,"event_name":"FaceTrader","floor":2,"gold_loss":0}],"is_beta":false,"boss_relics":[{"not_picked":["Sozu","Eternal Feather"],"picked":"Nuclear Battery"}],"items_purged_floors":[],"is_endless":false,"potions_floor_spawned":[3,6,8,12,14,16,21,22,24],"killed_by":"Champ","ascension_level":0}