{"gold_per_floor":[109,284,295,319,19,53,53,65,65,65,78,98,129,145,145,247,247,267,98,98,108,132,158,158,185,212,212],"floor_reached":27,"playtime":1136,"items_purged":[],"score":287,"play_id":"bf703fa0-fa54-4783-993c-94377441ea31","local_time":"20181014214241","is_ascension_mode":true,"campfire_choices":[{"data":"Zap","floor":7.0,"key":"SMITH"},{"data":"Redo","floor":10.0,"key":"SMITH"},{"floor":15.0,"key":"REST"},{"floor":24,"key":"REST"}],"neow_cost":"NONE","seed_source_timestamp":0,"circlet_count":0,"master_deck":["Strike_B+1","Strike_B","Strike_B","Strike_B","Defend_B","Defend_B","Defend_B","Defend_B","Zap+1","Dualcast+1","Redo+1","Doubt","Ball Lightning","Sweeping Beam","BootSequence","Leap","Scrape","Go for the Eyes","Beam Cell","Core Surge","Electrodynamics","Gash","Rebound","Redo","Beam Cell","Sunder+1","Streamline+1","Sweeping Beam","Discovery","Decay","Glacier","Streamline","Gash+1"],"special_seed":0,"relics":["Cracked Core","Strawberry","Gremlin Horn","Blue Candle","Oddly Smooth Stone","Vajra","Orrery","Smiling Mask","Bronze Scales","Letter Opener","Whetstone"],"potions_floor_usage":[],"damage_taken":[{"damage":13.0,"enemies":"Small Slimes","floor":1.0,"turns":3.0},{"damage":0.0,"enemies":"2 Louse","floor":3.0,"turns":1.0},{"damage":26.0,"enemies":"3 Sentries","floor":6.0,"turns":5.0},{"damage":0.0,"enemies":"Cultist","floor":8.0,"turns":2.0},{"damage":7.0,"enemies":"Exordium Thugs","floor":11.0,"turns":4.0},{"damage":0.0,"enemies":"Lots of Slimes","floor":12.0,"turns":1.0},{"damage":25.0,"enemies":"Lagavulin","floor":13.0,"turns":5.0},{"damage":1.0,"enemies":"Looter","floor":14.0,"turns":2.0},{"damage":23.0,"enemies":"Hexaghost","floor":16.0,"turns":8.0},{"damage":14.0,"enemies":"2 Thieves","floor":18.0,"turns":3.0},{"damage":0.0,"enemies":"Spheric Guardian","floor":21.0,"turns":3.0},{"damage":38.0,"enemies":"Slavers","floor":23.0,"turns":3.0},{"damage":36,"enemies":"Gremlin Leader","floor":25,"turns":5},{"damage":21,"enemies":"Snake Plant","floor":27,"turns":2}],"seed_played":"-8762786951168391629","potions_obtained":[{"floor":3.0,"key":"PowerPotion"},{"floor":8.0,"key":"Poison Potion"},{"floor":11.0,"key":"Explosive Potion"},{"floor":13.0,"key":"AttackPotion"},{"floor":14.0,"key":"AttackPotion"},{"floor":18.0,"key":"Poison Potion"}],"is_trial":false,"path_per_floor":["M","?","M","T","$","E","R","M","T","R","M","M","E","M","R","B",null,"M","$","?","M","T","E","R","E","T"],"character_chosen":"DEFECT","items_purchased":["Gremlin Horn","Sweeping Beam","Sweeping Beam","PowerPotion","Discovery"],"campfire_rested":2,"item_purchase_floors":[5,5,19,19,19],"current_hp_per_floor":[62,62,62,69,69,43,43,43,43,43,36,36,11,10,34,11,82,68,68,68,68,68,30,54,18,18,0],"gold":212,"neow_bonus":"UPGRADE_CARD","is_prod":false,"is_daily":false,"chose_seed":false,"campfire_upgraded":2,"win_rate":0,"timestamp":1539578561,"path_taken":["M","?","?","?","$","E","R","M","T","R","M","M","E","M","R","BOSS","M","$","?","M","?","E","R","E","T","M"],"build_version":"2018-10-11","purchased_purges":0,"victory":false,"max_hp_per_floor":[75,75,75,82,82,82,82,82,82,82,82,82,82,82,82,82,82,82,82,82,82,82,82,82,82,82,82],"card_choices":[{"not_picked":["Rebound","Glacier"],"picked":"Redo","floor":1.0},{"not_picked":["Stack","Conserve Battery"],"picked":"Ball Lightning","floor":3.0},{"not_picked":["Hello World","Turbo"],"picked":"BootSequence","floor":6.0},{"not_picked":["Seek","Hologram"],"picked":"Leap","floor":8.0},{"not_picked":["Stack","Steam"],"picked":"Scrape","floor":11.0},{"not_picked":["Barrage","Consume"],"picked":"Go for the Eyes","floor":12.0},{"not_picked":["Blizzard","Redo"],"picked":"Beam Cell","floor":13.0},{"not_picked":["BootSequence","Leap"],"picked":"Core Surge","floor":14.0},{"not_picked":["Rainbow","Machine Learning"],"picked":"Electrodynamics","floor":16.0},{"not_picked":["Conserve Battery","Ball Lightning"],"picked":"Gash","floor":17.0},{"not_picked":["Conserve Battery","Darkness"],"picked":"Rebound","floor":17.0},{"not_picked":["Melter","Stack"],"picked":"Redo","floor":17.0},{"not_picked":["Storm","Chill"],"picked":"Beam Cell","floor":17.0},{"not_picked":["Streamline","Fission"],"picked":"Sunder","floor":17.0},{"not_picked":["Chill","Hologram+1"],"picked":"Streamline+1","floor":18.0},{"not_picked":["Reprogram","Barrage"],"picked":"Glacier","floor":21.0},{"not_picked":["Steam Power","Heatsinks"],"picked":"Streamline","floor":23.0},{"not_picked":["Cold Snap","Sweeping Beam"],"picked":"Gash+1","floor":25}],"player_experience":502473,"relics_obtained":[{"floor":4.0,"key":"Strawberry"},{"floor":6.0,"key":"Blue Candle"},{"floor":9.0,"key":"Oddly Smooth Stone"},{"floor":13.0,"key":"Vajra"},{"floor":22.0,"key":"Smiling Mask"},{"floor":23.0,"key":"Bronze Scales"},{"floor":25,"key":"Letter Opener"},{"floor":26,"key":"Whetstone"}],"event_choices":[{"event_name":"Liars Game","player_choice":"agreed","floor":2.0,"damage_taken":0.0},{"event_name":"Forgotten Altar","player_choice":"Smashed Altar","floor":20.0,"damage_taken":0.0}],"is_beta":false,"boss_relics":[{"not_picked":["Pandora\u0027s Box","Calling Bell"],"picked":"Orrery"}],"items_purged_floors":[],"is_endless":false,"potions_floor_spawned":[3,8,11,13,14,18],"killed_by":"Snake Plant","ascension_level":2}