{"gold_per_floor":[115,132,148,159,159,193,193,208,208,222,222],"floor_reached":11,"playtime":1116,"items_purged":[],"score":154,"play_id":"603ac8a4-4a56-4566-bb04-5bdc7112b515","local_time":"20190415150954","is_ascension_mode":true,"campfire_choices":[{"floor":7,"key":"REST"}],"neow_cost":"NONE","seed_source_timestamp":280664465337981,"circlet_count":0,"master_deck":["AscendersBane","Defend_G","Defend_G","Defend_G","Defend_G","Defend_G","Strike_G","Strike_G","Strike_G","Strike_G","Strike_G","Survivor","Neutralize","Sucker Punch","PiercingWail","Crippling Poison+1","Flying Knee","Deadly Poison"],"relics":["Ring of the Snake","The Courier","Oddly Smooth Stone"],"potions_floor_usage":[6,8,11],"damage_taken":[{"damage":8,"enemies":"Small Slimes","floor":1,"turns":5},{"damage":0,"enemies":"Cultist","floor":2,"turns":4},{"damage":14,"enemies":"Jaw Worm","floor":3,"turns":7},{"damage":10,"enemies":"3 Louse","floor":4,"turns":2},{"damage":19,"enemies":"Gremlin Nob","floor":6,"turns":4},{"damage":22,"enemies":"Large Slime","floor":8,"turns":9},{"damage":0,"enemies":"Blue Slaver","floor":10,"turns":4},{"damage":28,"enemies":"Lagavulin","floor":11,"turns":6}],"seed_played":"6034463422037084507","potions_obtained":[{"floor":2,"key":"FearPotion"},{"floor":3,"key":"Weak Potion"},{"floor":8,"key":"LiquidBronze"},{"floor":10,"key":"FairyPotion"}],"is_trial":false,"path_per_floor":["M","M","M","M","?","E","R","M","T","M","E"],"character_chosen":"THE_SILENT","items_purchased":[],"campfire_rested":1,"item_purchase_floors":[],"current_hp_per_floor":[57,57,43,33,33,14,35,13,13,13,0],"gold":222,"neow_bonus":"TEN_PERCENT_HP_BONUS","is_prod":false,"is_daily":false,"chose_seed":false,"campfire_upgraded":0,"win_rate":0,"timestamp":1555337394,"path_taken":["M","M","M","M","?","E","R","M","T","M","E"],"build_version":"2019-01-23","purchased_purges":0,"victory":false,"max_hp_per_floor":[72,72,72,72,72,72,72,72,72,72,72],"card_choices":[{"not_picked":["Acrobatics","Calculated Gamble"],"picked":"Sucker Punch","floor":1},{"not_picked":["Sucker Punch","Calculated Gamble"],"picked":"PiercingWail","floor":2},{"not_picked":["Caltrops","Dagger Spray"],"picked":"Crippling Poison","floor":3},{"not_picked":["Deadly Poison","Dagger Spray","Quick Slash"],"picked":"SKIP","floor":4},{"not_picked":["Concentrate","Outmaneuver"],"picked":"Flying Knee","floor":6},{"not_picked":["Blade Dance","Acrobatics"],"picked":"Deadly Poison","floor":8},{"not_picked":["Outmaneuver","Night Terror","Blade Dance"],"picked":"SKIP","floor":10}],"player_experience":1084769,"relics_obtained":[{"floor":6,"key":"The Courier"},{"floor":9,"key":"Oddly Smooth Stone"}],"event_choices":[{"damage_healed":0,"gold_gain":0,"player_choice":"Upgraded","damage_taken":0,"max_hp_gain":0,"max_hp_loss":0,"event_name":"Upgrade Shrine","floor":5,"gold_loss":0,"cards_upgraded":["Crippling Poison"]}],"is_beta":false,"boss_relics":[],"items_purged_floors":[],"is_endless":false,"potions_floor_spawned":[2,3,8,10],"killed_by":"Lagavulin","ascension_level":20}