{"gold_per_floor":[117,117,130,147,166,191,191,209,209,209,209,183,183,183,183,260,260,277,201,201,214,231,263,274,285,361,67,67,97,107,22,22,22],"floor_reached":33,"playtime":738,"items_purged":[],"score":491,"play_id":"194e07ec-b9c5-443e-8053-ff60b3e1f30e","local_time":"20181019215421","is_ascension_mode":true,"campfire_choices":[{"floor":7,"key":"REST"},{"data":"Perfected Strike","floor":13,"key":"SMITH"},{"data":"Perfected Strike","floor":15,"key":"SMITH"},{"floor":28,"key":"REST"},{"floor":32,"key":"REST"}],"neow_cost":"NONE","seed_source_timestamp":0,"circlet_count":0,"master_deck":["Strike_R+1","Strike_R","Strike_R","Strike_R","Strike_R","Defend_R","Defend_R","Defend_R","Defend_R","Bash","AscendersBane","Iron Wave","Burning Pact","Flex","Perfected Strike+1","Cleave","Ghostly Armor+1","Perfected Strike+1","Twin Strike","Bludgeon","Spot Weakness","Ghostly Armor","Thunderclap","Clothesline","Hemokinesis","Flex","Disarm","Feed","Feed","Armaments"],"special_seed":0,"relics":["Burning Blood","Bag of Marbles","Pear","Blood Vial","Mark of Pain","Centennial Puzzle","FossilizedHelix","Gremlin Horn","Bronze Scales","Ancient Tea Set","Vajra"],"potions_floor_usage":[5,10,25,30,33,33],"damage_taken":[{"damage":5.0,"enemies":"Small Slimes","floor":1.0,"turns":4.0},{"damage":1,"enemies":"Cultist","floor":3,"turns":4},{"damage":1,"enemies":"2 Louse","floor":4,"turns":3},{"damage":7,"enemies":"Exordium Wildlife","floor":5,"turns":5},{"damage":48,"enemies":"Gremlin Nob","floor":6,"turns":5},{"damage":2,"enemies":"Looter","floor":8,"turns":4},{"damage":0,"enemies":"Large Slime","floor":10,"turns":1},{"damage":30,"enemies":"Slime Boss","floor":16,"turns":8},{"damage":1,"enemies":"2 Thieves","floor":18,"turns":3},{"damage":12,"enemies":"Spheric Guardian","floor":21,"turns":4},{"damage":19,"enemies":"Cultist and Chosen","floor":22,"turns":4},{"damage":30,"enemies":"Gremlin Leader","floor":23,"turns":4},{"damage":0,"enemies":"Snecko","floor":24,"turns":3},{"damage":16,"enemies":"Snake Plant","floor":25,"turns":2},{"damage":37,"enemies":"Book of Stabbing","floor":29,"turns":5},{"damage":9,"enemies":"Centurion and Healer","floor":30,"turns":2},{"damage":81,"enemies":"Collector","floor":33,"turns":9}],"seed_played":"-3613770243909944117","potions_obtained":[{"floor":4,"key":"Energy Potion"},{"floor":5,"key":"SmokeBomb"},{"floor":16,"key":"BloodPotion"},{"floor":22,"key":"Ancient Potion"},{"floor":23,"key":"Dexterity Potion"},{"floor":29,"key":"SteroidPotion"},{"floor":30,"key":"GamblersBrew"}],"is_trial":false,"path_per_floor":["M","?","M","M","M","E","R","M","T","M","?","$","R","T","R","B",null,"M","$","?","M","M","E","M","M","T","$","R","E","M","?","R"],"character_chosen":"IRONCLAD","items_purchased":["Twin Strike","Ghostly Armor","Feed","Bronze Scales"],"campfire_rested":3,"item_purchase_floors":[12,19,27,27],"current_hp_per_floor":[69,75,75,75,74,32,54,58,68,74,57,57,57,57,57,35,73,80,80,80,76,65,43,51,51,51,51,76,47,49,49,75,0],"gold":22,"neow_bonus":"THREE_CARDS","is_prod":false,"is_daily":false,"chose_seed":false,"campfire_upgraded":2,"win_rate":0,"timestamp":1540011261,"path_taken":["M","?","?","M","M","E","R","M","T","M","?","$","R","?","R","BOSS","M","$","?","?","M","E","M","M","T","?","R","E","M","?","R","BOSS"],"build_version":"2018-10-18","purchased_purges":0,"victory":false,"max_hp_per_floor":[75,75,75,75,75,75,75,75,85,85,85,85,85,85,85,85,85,85,85,85,85,85,85,85,85,85,85,85,85,88,88,88,88],"card_choices":[{"not_picked":["Warcry","Evolve"],"picked":"Iron Wave","floor":0.0},{"not_picked":["Warcry","Sentinel"],"picked":"Burning Pact","floor":1.0},{"not_picked":["Wild Strike","Intimidate"],"picked":"Flex","floor":3},{"not_picked":["Entrench","Anger"],"picked":"Perfected Strike","floor":4},{"not_picked":["Disarm","True Grit"],"picked":"Cleave","floor":5},{"not_picked":["Barricade","Sword Boomerang"],"picked":"Ghostly Armor","floor":6},{"not_picked":["Body Slam","Pommel Strike"],"picked":"Perfected Strike","floor":8},{"not_picked":["Exhume","Dark Embrace"],"picked":"Bludgeon","floor":16},{"not_picked":["Corruption","Clothesline"],"picked":"Spot Weakness","floor":18},{"not_picked":["Sword Boomerang","Combust"],"picked":"Thunderclap","floor":21},{"not_picked":["Whirlwind","Anger+1"],"picked":"Clothesline","floor":22},{"not_picked":["Corruption","Metallicize"],"picked":"Hemokinesis","floor":23},{"not_picked":["Warcry","Thunderclap"],"picked":"Flex","floor":24},{"not_picked":["Havoc","Thunderclap"],"picked":"Disarm","floor":25},{"not_picked":["Seeing Red","Iron Wave"],"picked":"Feed","floor":29},{"not_picked":["Wild Strike","Body Slam"],"picked":"Armaments","floor":30}],"player_experience":564925,"relics_obtained":[{"floor":6,"key":"Bag of Marbles"},{"floor":9,"key":"Pear"},{"floor":14,"key":"Blood Vial"},{"floor":23,"key":"FossilizedHelix"},{"floor":26,"key":"Gremlin Horn"},{"floor":29,"key":"Ancient Tea Set"}],"event_choices":[{"damage_healed":6,"gold_gain":0,"player_choice":"Full Heal","damage_taken":0,"max_hp_gain":0,"max_hp_loss":0,"event_name":"Wheel of Change","floor":2,"gold_loss":0},{"damage_healed":0,"gold_gain":0,"player_choice":"Entered Light","damage_taken":17,"max_hp_gain":0,"max_hp_loss":0,"event_name":"Shining Light","floor":11,"gold_loss":0,"cards_upgraded":["Ghostly Armor","Strike_R"]},{"damage_healed":0,"gold_gain":0,"player_choice":"Opened","damage_taken":0,"relics_obtained":["Centennial Puzzle"],"max_hp_gain":0,"max_hp_loss":0,"event_name":"The Mausoleum","floor":20,"gold_loss":0},{"damage_healed":0,"gold_gain":0,"player_choice":"Obtained Relic","damage_taken":0,"relics_obtained":["Vajra"],"max_hp_gain":0,"max_hp_loss":0,"event_name":"Addict","floor":31,"gold_loss":85}],"is_beta":false,"boss_relics":[{"not_picked":["Runic Dome","Runic Pyramid"],"picked":"Mark of Pain"}],"items_purged_floors":[],"is_endless":false,"potions_floor_spawned":[4,5,10,16,22,23,29,30],"killed_by":"Collector","ascension_level":14}