{"gold_per_floor":[115,132,207,207,357,385,385,24,70,70,100,100,157,168,168,168],"floor_reached":16,"playtime":359,"items_purged":["Doubt"],"score":203,"play_id":"fd847373-de72-40a6-872a-4c98c0b72f80","local_time":"20181024175209","is_ascension_mode":true,"campfire_choices":[{"data":"Bash","floor":7,"key":"SMITH"},{"floor":10,"key":"REST"},{"floor":15,"key":"REST"}],"neow_cost":"NONE","seed_source_timestamp":1209472681243329,"circlet_count":0,"master_deck":["Strike_R","Strike_R","Strike_R","Strike_R","Strike_R","Defend_R","Defend_R","Bash+1","AscendersBane","Dramatic Entrance","Shrug It Off","Cleave","Seeing Red","Swift Strike","Chill","Second Wind","Ball Lightning"],"relics":["Burning Blood","Orichalcum","PrismaticShard","Boot","Bronze Scales","Tiny Chest"],"potions_floor_usage":[11,13],"damage_taken":[{"damage":3,"enemies":"Small Slimes","floor":1,"turns":4},{"damage":1,"enemies":"Cultist","floor":2,"turns":3},{"damage":36,"enemies":"Gremlin Nob","floor":6,"turns":5},{"damage":10,"enemies":"3 Sentries","floor":11,"turns":6},{"damage":20,"enemies":"Gremlin Nob","floor":13,"turns":4},{"damage":5,"enemies":"2 Louse","floor":14,"turns":2},{"damage":59,"enemies":"The Guardian","floor":16,"turns":8}],"seed_played":"-9174798348573185330","potions_obtained":[{"floor":1,"key":"GamblersBrew"},{"floor":6,"key":"SkillPotion"},{"floor":11,"key":"SmokeBomb"}],"is_trial":false,"path_per_floor":["M","M","?","?","?","E","R","$","T","R","E","?","E","M","R"],"character_chosen":"IRONCLAD","items_purchased":["PrismaticShard","Swift Strike"],"campfire_rested":2,"item_purchase_floors":[8,8],"current_hp_per_floor":[71,75,64,57,57,27,27,27,27,49,45,45,31,32,54,0],"gold":168,"neow_bonus":"RANDOM_COLORLESS","is_prod":false,"is_daily":false,"chose_seed":false,"campfire_upgraded":1,"win_rate":0,"timestamp":1540428729,"path_taken":["M","M","?","?","?","E","R","$","T","R","E","?","E","M","R","BOSS"],"build_version":"2018-10-18","purchased_purges":1,"victory":false,"max_hp_per_floor":[75,75,75,75,75,75,75,75,75,75,75,75,75,75,75,75],"card_choices":[{"not_picked":["Sword Boomerang","Clothesline"],"picked":"Shrug It Off","floor":1},{"not_picked":["Wild Strike","Flex"],"picked":"Cleave","floor":2},{"not_picked":["Anger","Wild Strike"],"picked":"Seeing Red","floor":6},{"not_picked":["Heavy Blade","Purity"],"picked":"Chill","floor":11},{"not_picked":["Juggernaut","Anger"],"picked":"Ball Lightning","floor":13},{"not_picked":["Heavy Blade","Warcry","Dual Wield"],"picked":"SKIP","floor":14}],"player_experience":637843,"relics_obtained":[{"floor":6,"key":"Orichalcum"},{"floor":9,"key":"Boot"},{"floor":11,"key":"Bronze Scales"},{"floor":13,"key":"Tiny Chest"}],"event_choices":[{"damage_healed":0,"gold_gain":75,"player_choice":"Gather Gold","damage_taken":11,"max_hp_gain":0,"max_hp_loss":0,"event_name":"World of Goop","floor":3,"gold_loss":0},{"cards_removed":["Defend_R"],"damage_healed":0,"gold_gain":0,"player_choice":"Card Removal","damage_taken":7,"max_hp_gain":0,"max_hp_loss":0,"event_name":"Golden Wing","floor":4,"gold_loss":0},{"damage_healed":0,"gold_gain":150,"player_choice":"AGREE","damage_taken":0,"max_hp_gain":0,"max_hp_loss":0,"event_name":"Liars Game","floor":5,"gold_loss":0,"cards_obtained":["Doubt"]},{"damage_healed":0,"gold_gain":0,"cards_transformed":["Defend_R"],"player_choice":"Transformed","damage_taken":0,"max_hp_gain":0,"max_hp_loss":0,"event_name":"Transmorgrifier","floor":12,"gold_loss":0,"cards_obtained":["Second Wind"]}],"is_beta":false,"boss_relics":[],"items_purged_floors":[8],"is_endless":false,"potions_floor_spawned":[1,6,11],"killed_by":"The Guardian","ascension_level":15}