{"gold_per_floor":[115,115,165,16,31,31,71,71,71,121,136,361,394,412,412,412],"floor_reached":16,"playtime":325,"items_purged":[],"score":180,"play_id":"95545067-1da6-4af8-a580-a1f5392a2b95","local_time":"20181023123601","is_ascension_mode":true,"campfire_choices":[{"data":"Flame Barrier","floor":6,"key":"SMITH"},{"data":"True Grit","floor":8,"key":"SMITH"},{"data":"Uppercut","floor":15,"key":"SMITH"}],"neow_cost":"TEN_PERCENT_HP_LOSS","seed_source_timestamp":1104141697081687,"circlet_count":0,"master_deck":["Strike_R","Strike_R","Strike_R","Strike_R","Strike_R","Defend_R","Defend_R","Defend_R","Defend_R","Bash","AscendersBane","Wild Strike","Feed","Flame Barrier+1","True Grit+1","Doubt","Uppercut+1"],"relics":["Burning Blood","Turnip","SsserpentHead","Golden Idol","Pen Nib","Ice Cream","Singing Bowl"],"potions_floor_usage":[16,16],"damage_taken":[{"damage":18,"enemies":"Jaw Worm","floor":1,"turns":4},{"damage":0,"enemies":"Cultist","floor":5,"turns":2},{"damage":46,"enemies":"Lagavulin","floor":7,"turns":9},{"damage":33,"enemies":"Gremlin Nob","floor":13,"turns":5},{"damage":8,"enemies":"2 Louse","floor":14,"turns":6},{"damage":54,"enemies":"The Guardian","floor":16,"turns":11}],"seed_played":"-4205459243335700398","potions_obtained":[{"floor":7,"key":"Regen Potion"},{"floor":13,"key":"Swift Potion"},{"floor":14,"key":"Block Potion"}],"is_trial":false,"path_per_floor":["M","?","?","$","M","R","E","R","T","?","?","?","E","M","R"],"character_chosen":"IRONCLAD","items_purchased":["Feed"],"campfire_rested":0,"item_purchase_floors":[4],"current_hp_per_floor":[56,56,56,56,65,65,25,25,25,47,63,63,36,39,39,0],"gold":412,"neow_bonus":"ONE_RARE_RELIC","is_prod":false,"is_daily":false,"chose_seed":false,"campfire_upgraded":3,"win_rate":0,"timestamp":1540323361,"path_taken":["M","?","?","$","M","R","E","R","T","?","?","?","E","M","R","BOSS"],"build_version":"2018-10-18","purchased_purges":0,"victory":false,"max_hp_per_floor":[68,68,63,63,66,66,66,66,66,66,66,66,66,71,71,71],"card_choices":[{"not_picked":["Clothesline","Armaments"],"picked":"Wild Strike","floor":1},{"not_picked":["Fire Breathing","Pommel Strike"],"picked":"Flame Barrier","floor":5},{"not_picked":["Shockwave","Rupture"],"picked":"True Grit","floor":7},{"not_picked":["Thunderclap","Whirlwind"],"picked":"Uppercut","floor":13},{"not_picked":["Blood for Blood","Armaments","Havoc"],"picked":"Singing Bowl","floor":14}],"player_experience":622121,"relics_obtained":[{"floor":7,"key":"Pen Nib"},{"floor":9,"key":"Ice Cream"},{"floor":13,"key":"Singing Bowl"}],"event_choices":[{"damage_healed":0,"gold_gain":0,"player_choice":"Trade","damage_taken":0,"relics_obtained":["SsserpentHead"],"max_hp_gain":0,"max_hp_loss":0,"event_name":"FaceTrader","floor":2,"gold_loss":0},{"damage_healed":0,"gold_gain":0,"player_choice":"Lose Max HP","damage_taken":0,"relics_obtained":["Golden Idol"],"max_hp_gain":0,"max_hp_loss":5,"event_name":"Golden Idol","floor":3,"gold_loss":0},{"damage_healed":22,"gold_gain":0,"player_choice":"Banana","damage_taken":0,"max_hp_gain":0,"max_hp_loss":0,"event_name":"Big Fish","floor":10,"gold_loss":0},{"damage_healed":16,"gold_gain":0,"player_choice":"Healed","damage_taken":0,"max_hp_gain":0,"max_hp_loss":0,"event_name":"The Cleric","floor":11,"gold_loss":35},{"damage_healed":0,"gold_gain":175,"player_choice":"AGREE","damage_taken":0,"max_hp_gain":0,"max_hp_loss":0,"event_name":"Liars Game","floor":12,"gold_loss":0,"cards_obtained":["Doubt"]}],"is_beta":false,"boss_relics":[],"items_purged_floors":[],"is_endless":false,"potions_floor_spawned":[7,13,14],"killed_by":"The Guardian","ascension_level":14}