{"gold_per_floor":[109,109,126,141,151,180,180,208,285,285,4,4,4,14,14,115,115,134,134,145,160,176,189,189,189],"floor_reached":25,"playtime":2789,"items_purged":["Strike_B"],"score":333,"play_id":"7be51c6e-a001-4252-965d-ab08ec71efa0","local_time":"20190329093926","is_ascension_mode":true,"campfire_choices":[{"data":"Static Discharge","floor":7.0,"key":"SMITH"},{"data":"Lockon","floor":13,"key":"SMITH"},{"data":"Beam Cell","floor":15,"key":"SMITH"},{"data":"Amplify","floor":24,"key":"SMITH"}],"neow_cost":"NONE","seed_source_timestamp":0,"circlet_count":0,"master_deck":["AscendersBane","Defend_B","Defend_B","Defend_B","Defend_B","Zap+1","Dualcast","Conserve Battery","Lockon+1","Beam Cell+1","Static Discharge+1","Creative AI","Cold Snap","Compile Driver","Core Surge","Self Repair+1","Fusion+1","Barrage+1","Chill+1","Cold Snap+1","Amplify+1"],"special_seed":0,"relics":["Eternal Feather","Gambling Chip","Emotion Chip","Question Card","Lee\u0027s Waffle","Astrolabe"],"potions_floor_usage":[16,16,22,25],"damage_taken":[{"damage":0.0,"enemies":"Small Slimes","floor":1.0,"turns":3.0},{"damage":2.0,"enemies":"Jaw Worm","floor":3.0,"turns":4.0},{"damage":1.0,"enemies":"2 Louse","floor":4.0,"turns":2.0},{"damage":11.0,"enemies":"Exordium Thugs","floor":5.0,"turns":5.0},{"damage":35.0,"enemies":"3 Sentries","floor":6.0,"turns":7.0},{"damage":15.0,"enemies":"Lagavulin","floor":8.0,"turns":7.0},{"damage":18,"enemies":"Gremlin Gang","floor":14,"turns":5},{"damage":33,"enemies":"Hexaghost","floor":16,"turns":9},{"damage":6,"enemies":"3 Byrds","floor":18,"turns":2},{"damage":5,"enemies":"Chosen","floor":20,"turns":4},{"damage":12,"enemies":"Snake Plant","floor":21,"turns":3},{"damage":15,"enemies":"Centurion and Healer","floor":22,"turns":5},{"damage":50,"enemies":"Shelled Parasite and Fungi","floor":23,"turns":6},{"damage":62,"enemies":"Gremlin Leader","floor":25,"turns":6}],"seed_played":"-197460728878385524","potions_obtained":[{"floor":3.0,"key":"AttackPotion"},{"floor":8,"key":"AttackPotion"},{"floor":14,"key":"Strength Potion"},{"floor":16,"key":"Regen Potion"},{"floor":23,"key":"AttackPotion"}],"is_trial":false,"path_per_floor":["M","?","M","M","M","E","R","E","T","?","$","?","R","M","R","B",null,"M","?","M","M","M","M","R","E"],"character_chosen":"DEFECT","items_purchased":["Lee\u0027s Waffle"],"campfire_rested":0,"item_purchase_floors":[11],"current_hp_per_floor":[68,68,66,65,54,19,28,13,13,13,82,82,82,64,73,40,72,76,82,77,65,74,44,56,0],"gold":189,"neow_bonus":"BOSS_RELIC","is_prod":false,"is_daily":false,"chose_seed":false,"campfire_upgraded":4,"win_rate":0,"timestamp":1553852366,"path_taken":["M","?","M","M","M","E","R","E","T","?","$","?","R","M","R","BOSS","M","?","M","M","M","?","R","E"],"build_version":"2019-01-23","purchased_purges":1,"victory":false,"max_hp_per_floor":[75,75,75,75,75,75,75,75,75,75,82,82,82,82,82,82,82,82,82,82,82,82,82,82,82],"card_choices":[{"not_picked":["Stack","Turbo"],"picked":"Conserve Battery","floor":1.0},{"not_picked":["Turbo","Storm"],"picked":"Lockon","floor":3.0},{"not_picked":["Steam","Conserve Battery"],"picked":"Beam Cell","floor":4.0},{"not_picked":["Stack","Turbo"],"picked":"Static Discharge","floor":5.0},{"not_picked":["Scrape","Defragment"],"picked":"Creative AI","floor":6.0},{"not_picked":["Darkness","Reboot"],"picked":"Cold Snap","floor":8},{"not_picked":["Beam Cell","Hologram","Conserve Battery"],"picked":"Compile Driver","floor":14},{"not_picked":["Hyperbeam","Reboot","Amplify"],"picked":"Core Surge","floor":16},{"not_picked":["Darkness+1","Hello World+1","Redo+1"],"picked":"Barrage+1","floor":18},{"not_picked":["Coolheaded","Go for the Eyes","Steam"],"picked":"Chill+1","floor":20},{"not_picked":["Compile Driver","Hologram","Storm+1"],"picked":"Cold Snap+1","floor":21},{"not_picked":["Conserve Battery","Rip and Tear","Barrage","Cold Snap"],"picked":"SKIP","floor":22},{"not_picked":["Cold Snap","Steam Power","Conserve Battery"],"picked":"Amplify","floor":23}],"player_experience":807679,"relics_obtained":[{"floor":6.0,"key":"Gambling Chip"},{"floor":8,"key":"Emotion Chip"},{"floor":9,"key":"Question Card"}],"event_choices":[{"damage_healed":0.0,"max_hp_gain":0.0,"max_hp_loss":0.0,"gold_gain":0.0,"event_name":"Liars Game","player_choice":"Ignored","floor":2.0,"gold_loss":0.0,"damage_taken":0.0},{"damage_healed":0,"gold_gain":0,"player_choice":"Fled","damage_taken":0,"max_hp_gain":0,"max_hp_loss":0,"event_name":"Scrap Ooze","floor":10,"gold_loss":0},{"damage_healed":0,"gold_gain":0,"player_choice":"Upgraded","damage_taken":0,"max_hp_gain":0,"max_hp_loss":0,"event_name":"Upgrade Shrine","floor":12,"gold_loss":0,"cards_upgraded":["Zap"]},{"cards_removed":["Force Field"],"damage_healed":6,"gold_gain":0,"player_choice":"Offered Uncommon","damage_taken":0,"max_hp_gain":0,"max_hp_loss":0,"event_name":"Bonfire Elementals","floor":19,"gold_loss":0}],"is_beta":false,"boss_relics":[{"not_picked":["Busted Crown","Ectoplasm"],"picked":"Astrolabe"}],"items_purged_floors":[11],"is_endless":false,"potions_floor_spawned":[3,8,14,16,23],"killed_by":"Gremlin Leader","ascension_level":11}