{"gold_per_floor":[111,64,64,84,84,84,109,143,216,216,236,236,236,254,254,350,350,368,38,38,57,76,76,76,76],"floor_reached":25,"playtime":727,"items_purged":[],"score":423,"play_id":"d83c3fbf-289c-4645-9cca-89ed7c612b23","local_time":"20181013234817","is_ascension_mode":true,"campfire_choices":[{"data":"Inflame","floor":6,"key":"SMITH"},{"floor":10,"key":"REST"},{"floor":13,"key":"REST"},{"data":"Flex","floor":15,"key":"SMITH"},{"floor":23,"key":"REST"}],"neow_cost":"NONE","seed_source_timestamp":280070648635003,"circlet_count":0,"master_deck":["Strike_R","Strike_R","Strike_R","Strike_R","Defend_R","Defend_R","Defend_R","Defend_R","Bash","AscendersBane","Reaper","Inflame+1","Flex+1","Pommel Strike","Offering","Headbutt","Shrug It Off","Exhume","Sword Boomerang+1","Chrysalis","Jack Of All Trades","Clash","Thunderclap"],"relics":["Burning Blood","Sundial","Odd Mushroom","Calipers","Question Card","Golden Idol","Mark of Pain","Blood Vial"],"potions_floor_usage":[7,16,25],"damage_taken":[{"damage":15,"enemies":"2 Louse","floor":1,"turns":4},{"damage":2,"enemies":"Small Slimes","floor":4,"turns":5},{"damage":38,"enemies":"The Mushroom Lair","floor":7,"turns":6},{"damage":40,"enemies":"Lagavulin","floor":8,"turns":5},{"damage":13,"enemies":"Jaw Worm","floor":11,"turns":2},{"damage":19,"enemies":"Blue Slaver","floor":14,"turns":4},{"damage":6,"enemies":"Slime Boss","floor":16,"turns":3},{"damage":27,"enemies":"Shell Parasite","floor":18,"turns":5},{"damage":25,"enemies":"3 Byrds","floor":21,"turns":5},{"damage":26,"enemies":"Snecko","floor":22,"turns":4},{"damage":46,"enemies":"Slavers","floor":25,"turns":4}],"seed_played":"-2909771781300684676","potions_obtained":[{"floor":1,"key":"Weak Potion"},{"floor":11,"key":"Dexterity Potion"},{"floor":14,"key":"AttackPotion"},{"floor":16,"key":"Explosive Potion"}],"is_trial":false,"path_per_floor":["M","?","?","M","T","R","?","E","T","R","M","?","R","M","R","B",null,"M","$","?","M","M","R","$"],"character_chosen":"IRONCLAD","items_purchased":["Chrysalis","Blood Vial"],"campfire_rested":3,"item_purchase_floors":[19,19],"current_hp_per_floor":[66,66,59,63,63,63,45,11,11,33,36,36,56,43,43,43,63,53,53,41,46,39,59,59,15],"gold":76,"neow_bonus":"ONE_RANDOM_RARE_CARD","is_prod":false,"is_daily":false,"chose_seed":false,"campfire_upgraded":2,"win_rate":0,"timestamp":1539499697,"path_taken":["M","?","?","M","?","R","?","E","T","R","?","?","R","M","R","BOSS","M","$","?","M","M","R","$","E"],"build_version":"2018-10-11","purchased_purges":0,"victory":false,"max_hp_per_floor":[75,75,75,75,75,75,75,75,75,75,75,69,69,69,69,69,69,69,69,69,69,69,69,69,69],"card_choices":[{"not_picked":["Rampage","Sword Boomerang"],"picked":"Inflame","floor":1},{"not_picked":["Warcry","Pommel Strike"],"picked":"Flex","floor":4},{"not_picked":["Wild Strike","Anger"],"picked":"Pommel Strike","floor":7},{"not_picked":["Pommel Strike","Impervious"],"picked":"Offering","floor":8},{"not_picked":["Havoc","Anger","Iron Wave"],"picked":"Headbutt","floor":11},{"not_picked":["Iron Wave","Warcry","Feel No Pain"],"picked":"Shrug It Off","floor":14},{"not_picked":["Double Tap","Offering","Immolate"],"picked":"Exhume","floor":16},{"not_picked":["Anger","Pommel Strike","Feel No Pain"],"picked":"Sword Boomerang+1","floor":18},{"not_picked":["Perfected Strike","Flex","Wild Strike"],"picked":"Clash","floor":21},{"not_picked":["Twin Strike","Flex+1","Uppercut"],"picked":"Thunderclap","floor":22}],"player_experience":482943,"relics_obtained":[{"floor":5,"key":"Sundial"},{"floor":7,"key":"Odd Mushroom"},{"floor":8,"key":"Calipers"},{"floor":9,"key":"Question Card"}],"event_choices":[{"event_name":"World of Goop","player_choice":"Left","floor":2,"damage_taken":0},{"event_name":"Golden Wing","player_choice":"Card Removal","floor":3,"damage_taken":0},{"event_name":"Mushrooms","player_choice":"Fought Mushrooms","floor":7,"damage_taken":0},{"event_name":"Golden Idol","player_choice":"Lose Max HP","floor":12,"damage_taken":0},{"event_name":"Knowing Skull","player_choice":"CARD ","floor":20,"damage_taken":0}],"is_beta":false,"boss_relics":[{"not_picked":["Black Star","Fusion Hammer"],"picked":"Mark of Pain"}],"items_purged_floors":[],"is_endless":false,"potions_floor_spawned":[1,11,14,16,21],"killed_by":"Slavers","ascension_level":14}