{"gold_per_floor":[114,124,124,74,97,135,135,170,217,217,217,241,241,262,262,383,383,404,404,417,442,466,466,15,15,15,15,36,54,90,105,105,231,231,256,589,605,605,605],"floor_reached":39,"playtime":1395,"items_purged":[],"score":438,"play_id":"f70a9483-efc9-4ad0-a4f1-4ba593c38c98","local_time":"20181012051356","is_ascension_mode":false,"campfire_choices":[{"floor":11,"key":"REST"},{"data":"Rainbow","floor":13,"key":"SMITH"},{"data":"Redo","floor":15,"key":"SMITH"},{"floor":23,"key":"REST"},{"floor":25,"key":"REST"},{"data":"Buffer","floor":27,"key":"SMITH"},{"floor":32,"key":"REST"}],"neow_cost":"NONE","seed_source_timestamp":126144733845747,"circlet_count":0,"master_deck":["Strike_B","Strike_B","Defend_B","Defend_B","Zap+1","Dualcast","Beam Cell","Hologram","Coolheaded","Barrage","Rainbow+1","Redo+1","Buffer+1","FTL","White Noise","Chaos","Consume","FTL","Beam Cell","Apotheosis","Storm+1","Storm","Redo","Chaos","Stack+1","Echo Form","Heatsinks+1","Buffer+1","Hello World+1","Rebound","Ball Lightning"],"relics":["Cracked Core","Vajra","Ornamental Fan","PreservedInsect","Boot","Art of War","Inserter","Nilry\u0027s Codex","Regal Pillow","Mummified Hand","Dream Catcher","Astrolabe"],"potions_floor_usage":[16,30,35,39],"damage_taken":[{"damage":1,"enemies":"Cultist","floor":1,"turns":3},{"damage":1,"enemies":"Jaw Worm","floor":2,"turns":3},{"damage":0,"enemies":"2 Louse","floor":5,"turns":2},{"damage":27,"enemies":"Lagavulin","floor":6,"turns":6},{"damage":17,"enemies":"Gremlin Nob","floor":8,"turns":4},{"damage":3,"enemies":"Looter","floor":12,"turns":2},{"damage":12,"enemies":"Lots of Slimes","floor":14,"turns":3},{"damage":7,"enemies":"Hexaghost","floor":16,"turns":7},{"damage":20,"enemies":"2 Thieves","floor":18,"turns":3},{"damage":14,"enemies":"3 Byrds","floor":20,"turns":4},{"damage":7,"enemies":"Snake Plant","floor":21,"turns":4},{"damage":5,"enemies":"Centurion and Healer","floor":22,"turns":6},{"damage":1,"enemies":"Cultist and Chosen","floor":28,"turns":5},{"damage":9,"enemies":"Shelled Parasite and Fungi","floor":29,"turns":4},{"damage":15,"enemies":"Gremlin Leader","floor":30,"turns":4},{"damage":25,"enemies":"Snake Plant","floor":31,"turns":3},{"damage":42,"enemies":"Automaton","floor":33,"turns":7},{"damage":27,"enemies":"3 Shapes","floor":35,"turns":3},{"damage":10,"enemies":"Orb Walker","floor":37,"turns":2},{"damage":34,"enemies":"Mysterious Sphere","floor":39,"turns":2}],"seed_played":"-2964523164768638960","potions_obtained":[{"floor":5,"key":"FearPotion"},{"floor":8,"key":"PowerPotion"},{"floor":14,"key":"SpeedPotion"},{"floor":21,"key":"FearPotion"},{"floor":22,"key":"Block Potion"},{"floor":30,"key":"Strength Potion"},{"floor":31,"key":"Energy Potion"},{"floor":33,"key":"Fire Potion"},{"floor":37,"key":"EssenceOfSteel"}],"is_trial":false,"path_per_floor":["M","M","?","?","M","E","?","E","T","?","R","M","R","M","R","B",null,"M","?","M","M","M","R","$","R","T","R","M","M","E","M","R","B",null,"M","?","M","?"],"character_chosen":"DEFECT","items_purchased":["Regal Pillow","FTL","Beam Cell","Apotheosis"],"campfire_rested":4,"item_purchase_floors":[24,24,24,24],"current_hp_per_floor":[74,73,69,69,69,42,42,25,25,25,45,42,42,30,30,23,69,49,33,19,12,7,27,27,62,62,62,61,52,37,12,47,5,69,42,42,32,32,0],"gold":605,"neow_bonus":"RANDOM_COMMON_RELIC","is_prod":false,"is_daily":false,"chose_seed":false,"campfire_upgraded":3,"win_rate":0.0,"timestamp":1539346436,"path_taken":["M","?","?","?","?","E","?","E","T","?","R","M","R","?","R","BOSS","M","?","?","M","M","R","$","R","T","R","M","M","E","M","R","BOSS","M","?","M","?","?"],"build_version":"2018-10-11","purchased_purges":0,"victory":false,"max_hp_per_floor":[75,75,69,69,69,69,69,69,69,69,69,69,69,69,69,69,69,69,69,69,69,69,69,69,69,69,69,69,69,69,69,69,69,69,69,69,69,69,69],"card_choices":[{"not_picked":["Consume","Double Energy"],"picked":"Beam Cell","floor":1},{"not_picked":["Beam Cell","Barrage"],"picked":"Hologram","floor":2},{"not_picked":["Storm","Stack"],"picked":"Coolheaded","floor":5},{"not_picked":["Undo","Capacitor"],"picked":"Barrage","floor":6},{"not_picked":["Seek","Double Energy"],"picked":"Rainbow","floor":8},{"not_picked":["Stack","Heatsinks"],"picked":"Cold Snap","floor":12},{"not_picked":["Hologram","Double Energy"],"picked":"Redo","floor":14},{"not_picked":["Creative AI","Biased Cognition"],"picked":"Buffer","floor":16},{"not_picked":["Turbo","Hello World"],"picked":"FTL","floor":18},{"not_picked":["Go for the Eyes","Storm"],"picked":"White Noise","floor":20},{"not_picked":["Reinforced Body","Conserve Battery+1"],"picked":"Chaos","floor":21},{"not_picked":["Coolheaded","Stack+1"],"picked":"Consume","floor":22},{"not_picked":["Go for the Eyes","Reprogram"],"picked":"Storm+1","floor":28},{"not_picked":["Steam","Doom and Gloom+1"],"picked":"Storm","floor":29},{"not_picked":["Fusion","Steam+1"],"picked":"Redo","floor":30},{"not_picked":["Coolheaded+1","Compile Driver"],"picked":"Chaos","floor":31},{"not_picked":["Glacier+1","Leap"],"picked":"Stack+1","floor":32},{"not_picked":["Reboot","Rainbow"],"picked":"Echo Form","floor":33},{"not_picked":["Steam Power","Cold Snap"],"picked":"Rebound","floor":35},{"not_picked":["Compile Driver","Aggregate"],"picked":"Ball Lightning","floor":37}],"player_experience":471494,"relics_obtained":[{"floor":6,"key":"Ornamental Fan"},{"floor":8,"key":"PreservedInsect"},{"floor":9,"key":"Boot"},{"floor":19,"key":"Nilry\u0027s Codex"},{"floor":26,"key":"Mummified Hand"},{"floor":30,"key":"Dream Catcher"}],"event_choices":[{"event_name":"Golden Idol","player_choice":"Lose Max HP","floor":3,"damage_taken":0},{"event_name":"The Cleric","player_choice":"Card Removal","floor":4,"damage_taken":0},{"event_name":"Living Wall","player_choice":"Grow","floor":7,"damage_taken":0},{"event_name":"WeMeetAgain","player_choice":"Potion","floor":10,"damage_taken":0},{"event_name":"Cursed Tome","player_choice":"Obtained Book","floor":19,"damage_taken":0},{"event_name":"The Moai Head","player_choice":"Gave Idol","floor":36,"damage_taken":0},{"event_name":"Purifier","player_choice":"One Purge","floor":38,"damage_taken":0},{"event_name":"Mysterious Sphere","player_choice":"Fight","floor":39,"damage_taken":0}],"is_beta":false,"boss_relics":[{"not_picked":["Calling Bell","Runic Dome"],"picked":"Inserter"},{"not_picked":["Velvet Choker","Tiny House"],"picked":"Astrolabe"}],"items_purged_floors":[],"is_endless":false,"potions_floor_spawned":[5,8,14,21,22,30,31,33,37],"killed_by":"Mysterious Sphere","ascension_level":0}