{"gold_per_floor":[119,219,219,229,229,229,246,279,279,279,279,454,454,281,281,281],"floor_reached":16,"playtime":255,"items_purged":["Doubt"],"score":163,"play_id":"c826555d-6b17-4ebf-a029-7abbb62893c3","local_time":"20181022073703","is_ascension_mode":true,"campfire_choices":[{"data":"Bash","floor":6,"key":"SMITH"},{"floor":11,"key":"REST"},{"floor":13,"key":"REST"},{"data":"Shrug It Off","floor":15,"key":"SMITH"}],"neow_cost":"NONE","seed_source_timestamp":999873957801005,"circlet_count":0,"master_deck":["Strike_R","Strike_R","Strike_R","Strike_R","Defend_R","Defend_R","Defend_R","Defend_R","Bash+1","AscendersBane","Perfected Strike+1","Shockwave","Burning Pact","Shrug It Off+1"],"relics":["Burning Blood","NeowsBlessing","Blue Candle","Letter Opener","Nunchaku"],"potions_floor_usage":[8,16],"damage_taken":[{"damage":0,"enemies":"2 Louse","floor":1,"turns":1},{"damage":0,"enemies":"Cultist","floor":4,"turns":1},{"damage":0,"enemies":"Small Slimes","floor":7,"turns":1},{"damage":39,"enemies":"3 Sentries","floor":8,"turns":8},{"damage":76,"enemies":"Slime Boss","floor":16,"turns":9}],"seed_played":"948005452508495106","potions_obtained":[{"floor":1,"key":"Dexterity Potion"}],"is_trial":false,"path_per_floor":["M","?","?","M","?","R","M","E","T","?","R","?","R","$","R"],"character_chosen":"IRONCLAD","items_purchased":["Strength Potion","Shrug It Off"],"campfire_rested":2,"item_purchase_floors":[14,14],"current_hp_per_floor":[74,74,67,73,73,73,75,42,42,30,52,52,74,74,74,0],"gold":281,"neow_bonus":"THREE_ENEMY_KILL","is_prod":false,"is_daily":false,"chose_seed":false,"campfire_upgraded":2,"win_rate":0,"timestamp":1540219023,"path_taken":["M","?","?","M","?","R","M","E","T","?","R","?","R","$","R","BOSS"],"build_version":"2018-10-18","purchased_purges":1,"victory":false,"max_hp_per_floor":[75,75,75,75,75,75,75,75,75,75,75,75,75,75,75,75],"card_choices":[{"not_picked":["Fire Breathing","Metallicize","Warcry"],"picked":"SKIP","floor":1},{"not_picked":["Feel No Pain","Battle Trance"],"picked":"Perfected Strike","floor":4},{"not_picked":["Pummel","True Grit"],"picked":"Shockwave","floor":7},{"not_picked":["Rampage","Cleave"],"picked":"Burning Pact","floor":8}],"player_experience":609879,"relics_obtained":[{"floor":8,"key":"Blue Candle"},{"floor":9,"key":"Letter Opener"}],"event_choices":[{"damage_healed":0,"gold_gain":100,"player_choice":"Pray","damage_taken":0,"max_hp_gain":0,"max_hp_loss":0,"event_name":"Golden Shrine","floor":2,"gold_loss":0},{"cards_removed":["Strike_R"],"damage_healed":0,"gold_gain":0,"player_choice":"Card Removal","damage_taken":7,"max_hp_gain":0,"max_hp_loss":0,"event_name":"Golden Wing","floor":3,"gold_loss":0},{"damage_healed":0,"gold_gain":0,"player_choice":"Upgraded","damage_taken":0,"max_hp_gain":0,"max_hp_loss":0,"event_name":"Upgrade Shrine","floor":5,"gold_loss":0,"cards_upgraded":["Perfected Strike"]},{"damage_healed":0,"gold_gain":0,"player_choice":"Success","damage_taken":12,"relics_obtained":["Nunchaku"],"max_hp_gain":0,"max_hp_loss":0,"event_name":"Scrap Ooze","floor":10,"gold_loss":0},{"damage_healed":0,"gold_gain":175,"player_choice":"AGREE","damage_taken":0,"max_hp_gain":0,"max_hp_loss":0,"event_name":"Liars Game","floor":12,"gold_loss":0,"cards_obtained":["Doubt"]}],"is_beta":false,"boss_relics":[],"items_purged_floors":[14],"is_endless":false,"potions_floor_spawned":[1],"killed_by":"Slime Boss","ascension_level":14}