{"gold_per_floor":[116,116,131,306,317,317,272,302,302,302,312,312,341,352,352,430,430,430],"floor_reached":18,"playtime":405,"items_purged":[],"score":289,"play_id":"98f5eefd-88ad-4acc-b5b8-ef9803962443","local_time":"20181022072531","is_ascension_mode":true,"campfire_choices":[{"data":"Whirlwind","floor":6,"key":"SMITH"},{"floor":15,"key":"REST"}],"neow_cost":"NONE","seed_source_timestamp":999032014963871,"circlet_count":0,"master_deck":["Strike_R","Strike_R","Strike_R","Strike_R","Strike_R","Defend_R+1","Defend_R","Defend_R","Defend_R","Bash+1","AscendersBane","Burning Pact","Perfected Strike","Whirlwind+1","Shrug It Off","Regret","Double Tap","Feed"],"relics":["Burning Blood","NeowsBlessing","Lantern","Letter Opener","Vajra","Darkstone Periapt","Eternal Feather"],"potions_floor_usage":[8,16,18],"damage_taken":[{"damage":0,"enemies":"Jaw Worm","floor":1,"turns":1},{"damage":0,"enemies":"Cultist","floor":3,"turns":1},{"damage":0,"enemies":"2 Louse","floor":5,"turns":1},{"damage":20,"enemies":"3 Sentries","floor":8,"turns":4},{"damage":3,"enemies":"Looter","floor":11,"turns":2},{"damage":27,"enemies":"Lagavulin","floor":13,"turns":5},{"damage":0,"enemies":"2 Fungi Beasts","floor":14,"turns":2},{"damage":66,"enemies":"The Guardian","floor":16,"turns":11},{"damage":46,"enemies":"Shell Parasite","floor":18,"turns":7}],"seed_played":"-435558133265513543","potions_obtained":[{"floor":1,"key":"Fire Potion"},{"floor":8,"key":"Weak Potion"},{"floor":16,"key":"PowerPotion"}],"is_trial":false,"path_per_floor":["M","?","M","?","M","R","$","E","T","?","M","?","E","M","R","B",null],"character_chosen":"IRONCLAD","items_purchased":["Shrug It Off"],"campfire_rested":1,"item_purchase_floors":[7],"current_hp_per_floor":[74,59,65,65,71,71,71,57,57,57,60,60,39,45,67,7,58,12],"gold":430,"neow_bonus":"THREE_ENEMY_KILL","is_prod":false,"is_daily":false,"chose_seed":false,"campfire_upgraded":1,"win_rate":0,"timestamp":1540218331,"path_taken":["M","?","M","?","?","R","?","E","T","?","M","?","E","M","R","BOSS","M"],"build_version":"2018-10-18","purchased_purges":0,"victory":false,"max_hp_per_floor":[75,75,75,75,75,75,75,75,75,75,75,75,75,75,75,75,75,75],"card_choices":[{"not_picked":["Intimidate","Body Slam"],"picked":"Burning Pact","floor":1},{"not_picked":["Seeing Red","Warcry"],"picked":"Perfected Strike","floor":3},{"not_picked":["Twin Strike","Anger"],"picked":"Whirlwind","floor":5},{"not_picked":["Pummel","Burning Pact","Iron Wave"],"picked":"SKIP","floor":8},{"not_picked":["Intimidate","Sword Boomerang","True Grit"],"picked":"SKIP","floor":11},{"not_picked":["Armaments","Fiend Fire"],"picked":"Double Tap","floor":13},{"not_picked":["True Grit","Sword Boomerang","Iron Wave"],"picked":"SKIP","floor":14},{"not_picked":["Dark Embrace","Immolate"],"picked":"Feed","floor":16}],"player_experience":609054,"relics_obtained":[{"floor":8,"key":"Lantern"},{"floor":9,"key":"Letter Opener"},{"floor":13,"key":"Darkstone Periapt"}],"event_choices":[{"damage_healed":0,"gold_gain":0,"player_choice":"Entered Light","damage_taken":15,"max_hp_gain":0,"max_hp_loss":0,"event_name":"Shining Light","floor":2,"gold_loss":0,"cards_upgraded":["Defend_R","Bash"]},{"damage_healed":0,"gold_gain":175,"player_choice":"AGREE","damage_taken":0,"max_hp_gain":0,"max_hp_loss":0,"event_name":"Liars Game","floor":4,"gold_loss":0,"cards_obtained":["Doubt"]},{"cards_removed":["Doubt"],"damage_healed":0,"gold_gain":0,"player_choice":"Removed Curses","damage_taken":0,"max_hp_gain":0,"max_hp_loss":0,"event_name":"Fountain of Cleansing","floor":10,"gold_loss":0},{"damage_healed":0,"gold_gain":0,"player_choice":"Box","damage_taken":0,"relics_obtained":["Vajra"],"max_hp_gain":0,"max_hp_loss":0,"event_name":"Big Fish","floor":12,"gold_loss":0,"cards_obtained":["Regret"]}],"is_beta":false,"boss_relics":[{"not_picked":["Empty Cage","Orrery"],"picked":"Eternal Feather"}],"items_purged_floors":[],"is_endless":false,"potions_floor_spawned":[1,8,16],"killed_by":"Shell Parasite","ascension_level":14}