{"path_per_floor":["M","$","?","$","?","E","M","R","T","R","?","E","M","M","R","B",null,"M","M","?","?","M"],"character_chosen":"THE_SILENT","items_purchased":["Bouncing Flask","Endless Agony"],"gold_per_floor":[114,8,8,8,8,47,72,72,72,72,72,116,137,155,155,284,284,308,324,224,324,342],"floor_reached":23,"campfire_rested":1,"playtime":722,"current_hp_per_floor":[63,63,63,63,63,34,36,36,36,36,23,25,27,27,46,13,52,35,35,35,35,28],"items_purged":[],"gold":342,"score":291,"play_id":"b1548e3a-b5e3-4b1e-98f7-950800e54b0e","is_prod":false,"is_daily":false,"is_ascension_mode":true,"campfire_upgraded":2,"path_taken":["M","$","?","?","?","E","?","R","T","R","?","E","M","M","R","BOSS","M","M","?","?","M","E"],"build_version":"2018-02-22-PROD2","purchased_purges":0,"victory":false,"master_deck":["Defend_G+1","Defend_G","Defend_G","Defend_G","Defend_G+1","Strike_G","Strike_G","Strike_G","Strike_G","Strike_G","Survivor","Neutralize","Flying Knee","Escape Plan","Bouncing Flask+1","Endless Agony+1","Regret","Slice","Quick Slash","Sucker Punch","Deflect","Endless Agony","A Thousand Cuts","Backstab+1","Dagger Spray","J.A.X.","Cloak And Dagger"],"max_hp_per_floor":[70,70,70,70,65,65,65,65,65,65,65,65,65,65,65,65,65,65,65,65,65,65],"relics":["Ring of the Snake","Bag of Marbles","Golden Idol","Blood Vial","Bottled Flame","Orichalcum","Black Star"],"card_choices":[{"not_picked":["Noxious Fumes","Eviscerate"],"picked":"Flying Knee"},{"not_picked":["Backflip","Distraction"],"picked":"Escape Plan"},{"not_picked":["PiercingWail","Wraith Form"],"picked":"Slice"},{"not_picked":["Expertise","Concentrate"],"picked":"Quick Slash"},{"not_picked":["Bouncing Flask","Finisher"],"picked":"Sucker Punch"},{"not_picked":["Dodge and Roll","PiercingWail"],"picked":"Deflect"},{"not_picked":["PiercingWail","Underhanded Strike"],"picked":"Endless Agony"},{"not_picked":["Wraith Form","Envenom"],"picked":"A Thousand Cuts"},{"not_picked":["Catalyst","Finisher"],"picked":"Backstab"},{"not_picked":["Deadly Poison","Calculated Gamble"],"picked":"Dagger Spray"},{"not_picked":["Flying Knee","Caltrops"],"picked":"Cloak And Dagger"}],"player_experience":202624,"potions_floor_usage":[12,14,16,16,22],"damage_taken":[{"damage":0,"enemies":"Cultist","floor":1,"turns":3},{"damage":29,"enemies":"Lagavulin","floor":6,"turns":5},{"damage":0,"enemies":"Jaw Worm","floor":7,"turns":1},{"damage":0,"enemies":"Gremlin Nob","floor":12,"turns":2},{"damage":0,"enemies":"2 Louse","floor":13,"turns":1},{"damage":2,"enemies":"Exordium Thugs","floor":14,"turns":2},{"damage":35,"enemies":"The Guardian","floor":16,"turns":8},{"damage":19,"enemies":"3 Byrds","floor":18,"turns":5},{"damage":2,"enemies":"Chosen","floor":19,"turns":3},{"damage":9,"enemies":"Snecko","floor":22,"turns":3},{"damage":36,"enemies":"Gremlin Leader","floor":23,"turns":5}],"event_choices":[{"event_name":"Big Fish","player_choice":"Box","floor":3,"damage_taken":0},{"event_name":"Golden Idol","player_choice":"Lose Max HP","floor":5,"damage_taken":0},{"event_name":"Shining Light","player_choice":"Entered Light","floor":11,"damage_taken":0},{"event_name":"Drug Dealer","player_choice":"Got JAXXED","floor":20,"damage_taken":0},{"event_name":"Golden Shrine","player_choice":"Pray","floor":21,"damage_taken":0}],"boss_relics":[{"not_picked":["Lizard Tail","Eternal Feather"],"picked":"Black Star"}],"potions_floor_spawned":[6,12,13,14,16],"seed_played":"-5547358848492526239","killed_by":"Gremlin Leader","ascension_level":6,"is_trial":false}