{"gold_per_floor":[217,180,124,72,1,1,27,27,52,52,115,37,55,89,89,193,193,210,210,83,183,183,183],"floor_reached":23,"playtime":555,"items_purged":[],"score":229,"play_id":"75944dc9-2a7d-4f1b-b7fc-2e821e7ac96e","local_time":"20181015090543","is_ascension_mode":true,"campfire_choices":[{"data":"Gash","floor":6,"key":"SMITH"},{"floor":10,"key":"REST"},{"floor":15,"key":"REST"}],"neow_cost":"NONE","seed_source_timestamp":400093729678998,"circlet_count":0,"master_deck":["Strike_B","Strike_B","Strike_B","Defend_B","Defend_B","Defend_B","Defend_B","Zap","Gash","Gash+1","Reboot","Streamline","Machine Learning","Sweeping Beam","Scrape","Rebound","Conserve Battery","All For One","Reinforced Body+1","Gash","Streamline","Steam","Stack+1"],"relics":["Cracked Core","Happy Flower","Odd Mushroom","Anchor","Tiny Chest","Lantern","White Beast Statue","Unceasing Top","Sundial","Bag of Marbles"],"potions_floor_usage":[21,21,23],"damage_taken":[{"damage":0,"enemies":"Small Slimes","floor":1,"turns":3},{"damage":45,"enemies":"The Mushroom Lair","floor":7,"turns":4},{"damage":25,"enemies":"Lagavulin","floor":11,"turns":5},{"damage":0,"enemies":"2 Louse","floor":13,"turns":2},{"damage":25,"enemies":"3 Sentries","floor":14,"turns":6},{"damage":13,"enemies":"Slime Boss","floor":16,"turns":7},{"damage":23,"enemies":"Shell Parasite","floor":18,"turns":4},{"damage":3,"enemies":"Colosseum Slavers","floor":21,"turns":6},{"damage":30,"enemies":"Colosseum Nobs","floor":21,"turns":4},{"damage":38,"enemies":"Book of Stabbing","floor":23,"turns":4}],"seed_played":"-6170085706183086692","potions_obtained":[{"floor":13,"key":"Ancient Potion"},{"floor":14,"key":"GamblersBrew"},{"floor":18,"key":"EssenceOfSteel"},{"floor":21,"key":"PowerPotion"}],"is_trial":false,"path_per_floor":["M","?","?","$","$","R","?","?","T","R","E","$","M","E","R","B",null,"M","?","$","?","T"],"character_chosen":"DEFECT","items_purchased":["Gash","Reboot","Scrape","Gash","Streamline","Steam"],"campfire_rested":2,"item_purchase_floors":[4,5,12,20,20,20],"current_hp_per_floor":[75,75,75,75,75,75,30,30,30,52,27,27,27,2,24,11,75,52,52,52,19,19,0],"gold":183,"neow_bonus":"HUNDRED_GOLD","is_prod":false,"is_daily":false,"chose_seed":false,"campfire_upgraded":1,"win_rate":0,"timestamp":1539619543,"path_taken":["M","?","?","?","$","R","?","?","T","R","E","$","?","E","R","BOSS","M","?","$","?","?","E"],"build_version":"2018-10-11","purchased_purges":0,"victory":false,"max_hp_per_floor":[75,75,75,75,75,75,75,75,75,75,75,75,75,75,75,75,75,75,75,75,75,75,75],"card_choices":[{"not_picked":["Ball Lightning","Compile Driver"],"picked":"Gash","floor":1},{"not_picked":["Glacier","Barrage"],"picked":"Streamline","floor":7},{"not_picked":["Recycle","Ball Lightning"],"picked":"Sweeping Beam","floor":11},{"not_picked":["Rip and Tear","Ball Lightning"],"picked":"Rebound","floor":13},{"not_picked":["Self Repair","Stack"],"picked":"Conserve Battery","floor":14},{"not_picked":["Machine Learning","Fission"],"picked":"All For One","floor":16},{"not_picked":["Go for the Eyes","Coolheaded"],"picked":"Reinforced Body+1","floor":18},{"not_picked":["Cold Snap","Coolheaded+1"],"picked":"Stack+1","floor":21}],"player_experience":512257,"relics_obtained":[{"floor":7,"key":"Odd Mushroom"},{"floor":9,"key":"Anchor"},{"floor":11,"key":"Tiny Chest"},{"floor":14,"key":"Lantern"},{"floor":21,"key":"Unceasing Top"},{"floor":21,"key":"Sundial"},{"floor":22,"key":"Bag of Marbles"}],"event_choices":[{"event_name":"World of Goop","player_choice":"Left","floor":2,"damage_taken":0},{"event_name":"WeMeetAgain","player_choice":"Gold","floor":3,"damage_taken":0},{"event_name":"Mushrooms","player_choice":"Fought Mushrooms","floor":7,"damage_taken":0},{"event_name":"Transmorgrifier","player_choice":"Transform","floor":8,"damage_taken":0},{"event_name":"Bonfire Elementals","player_choice":"BASIC","floor":19,"damage_taken":0},{"event_name":"Colosseum","player_choice":"Fight","floor":21,"damage_taken":0},{"event_name":"Colosseum","player_choice":"Fought Nobs","floor":21,"damage_taken":0}],"is_beta":false,"boss_relics":[{"not_picked":["Coffee Dripper","Velvet Choker"],"picked":"White Beast Statue"}],"items_purged_floors":[],"is_endless":false,"potions_floor_spawned":[13,14,18,21,21],"killed_by":"Book of Stabbing","ascension_level":4}