{"gold_per_floor":[118,129,57,83,96,96,106,135,161,161,161,161,161,173,173,268,268,283,257,257,269,170,170,170],"floor_reached":24,"playtime":586,"items_purged":["Strike_R"],"score":223,"play_id":"0ef2358f-e756-4381-9f2a-4f13ca6b9fb7","local_time":"20190201153116","is_ascension_mode":true,"campfire_choices":[{"floor":6,"key":"RECALL"},{"floor":10,"key":"REST"},{"floor":13,"key":"REST"},{"data":"Perfected Strike","floor":15,"key":"SMITH"},{"data":"Armaments","floor":23,"key":"SMITH"}],"neow_cost":"NONE","seed_source_timestamp":4815874791500,"circlet_count":0,"master_deck":["Strike_R","Strike_R","Strike_R","Defend_R","Defend_R","Defend_R","Defend_R","Bash","Bludgeon","Combust","Spot Weakness","Warcry","Armaments+1","Twin Strike","Juggernaut","Perfected Strike+1","Dark Embrace","Sword Boomerang","Rampage","Twin Strike","Infernal Blade","Corruption","Seeing Red+1","Wild Strike","Shame","Headbutt+1","Havoc"],"relics":["Burning Blood","Blood Vial","Juzu Bracelet","Pantograph","Orrery","Molten Egg 2"],"potions_floor_usage":[8,8,18],"damage_taken":[{"damage":6,"enemies":"Cultist","floor":1,"turns":3},{"damage":12,"enemies":"Jaw Worm","floor":2,"turns":3},{"damage":9,"enemies":"2 Louse","floor":5,"turns":3},{"damage":16,"enemies":"Blue Slaver","floor":7,"turns":3},{"damage":32,"enemies":"3 Sentries","floor":8,"turns":6},{"damage":30,"enemies":"Exordium Thugs","floor":14,"turns":5},{"damage":52,"enemies":"Slime Boss","floor":16,"turns":8},{"damage":30,"enemies":"2 Thieves","floor":18,"turns":4},{"damage":14,"enemies":"Chosen","floor":21,"turns":4},{"damage":48,"enemies":"Slavers","floor":24,"turns":3}],"seed_played":"-6528010988093586529","potions_obtained":[{"floor":2,"key":"SteroidPotion"},{"floor":7,"key":"SteroidPotion"},{"floor":16,"key":"GamblersBrew"}],"is_trial":false,"path_per_floor":["M","M","$","T","M","R","M","E","T","R","?","?","R","M","R","B",null,"M","$","?","M","$","R","E"],"character_chosen":"IRONCLAD","items_purchased":["Warcry","Armaments","Wild Strike","Havoc"],"campfire_rested":2,"item_purchase_floors":[3,3,19,22],"current_hp_per_floor":[80,74,74,74,71,71,61,35,35,59,56,49,73,51,51,32,80,56,56,56,50,50,50,4],"gold":170,"neow_bonus":"ONE_RANDOM_RARE_CARD","is_prod":false,"is_daily":false,"chose_seed":false,"campfire_upgraded":2,"win_rate":0,"timestamp":1549063876,"path_taken":["M","M","$","?","M","R","M","E","T","R","?","?","R","M","R","BOSS","M","$","?","M","$","R","E"],"build_version":"2019-01-23","purchased_purges":1,"victory":false,"max_hp_per_floor":[80,80,80,80,80,80,80,80,80,80,80,80,80,80,80,80,80,80,80,80,80,80,80,80],"card_choices":[{"not_picked":["Warcry","Blood for Blood"],"picked":"Combust","floor":1},{"not_picked":["Warcry","Evolve"],"picked":"Spot Weakness","floor":2},{"not_picked":["Cleave","Iron Wave"],"picked":"Twin Strike","floor":5},{"not_picked":["Headbutt","Clash"],"picked":"Juggernaut","floor":7},{"not_picked":["Juggernaut","Dual Wield","Clash"],"picked":"SKIP","floor":8},{"not_picked":["Pommel Strike","Clash"],"picked":"Perfected Strike","floor":14},{"not_picked":["Berserk","Fiend Fire"],"picked":"Dark Embrace","floor":16},{"not_picked":["Blood for Blood","True Grit"],"picked":"Sword Boomerang","floor":17},{"not_picked":["Havoc","Entrench"],"picked":"Rampage","floor":17},{"not_picked":["Pommel Strike","Second Wind"],"picked":"Twin Strike","floor":17},{"not_picked":["Exhume","Clothesline"],"picked":"Infernal Blade","floor":17},{"not_picked":["Whirlwind","Sword Boomerang"],"picked":"Corruption","floor":17},{"not_picked":["Clothesline+1","True Grit"],"picked":"Seeing Red+1","floor":18},{"not_picked":["Anger+1","Disarm+1"],"picked":"Headbutt+1","floor":21}],"player_experience":435410,"relics_obtained":[{"floor":8,"key":"Blood Vial"},{"floor":9,"key":"Juzu Bracelet"}],"event_choices":[{"damage_healed":0,"gold_gain":0,"player_choice":"Success","damage_taken":3,"relics_obtained":["Pantograph"],"max_hp_gain":0,"max_hp_loss":0,"event_name":"Scrap Ooze","floor":11,"gold_loss":0},{"cards_removed":["Strike_R"],"damage_healed":0,"gold_gain":0,"player_choice":"Card Removal","damage_taken":7,"max_hp_gain":0,"max_hp_loss":0,"event_name":"Golden Wing","floor":12,"gold_loss":0},{"damage_healed":0,"gold_gain":0,"player_choice":"Stole Relic","damage_taken":0,"relics_obtained":["Molten Egg 2"],"max_hp_gain":0,"max_hp_loss":0,"event_name":"Addict","floor":20,"gold_loss":0,"cards_obtained":["Shame"]}],"is_beta":true,"boss_relics":[{"not_picked":["Mark of Pain","Calling Bell"],"picked":"Orrery"}],"items_purged_floors":[22],"is_endless":false,"potions_floor_spawned":[2,7,16],"killed_by":"Slavers","ascension_level":3}