{"gold_per_floor":[115,65,65,65,82,82,110,210,210,225,225,256,273,1,1,96,96,106,116,131,3,21,21,40,40,121,121,47,47,61,93,93,188,188,198,20,20,30,30,30,50,67,92,92,92,92,107,120,120,120],"floor_reached":51,"playtime":3315,"items_purged":["Strike_G","Strike_G"],"score":715,"play_id":"6f073eb5-749b-4ffa-a500-9b94c9fe6d39","local_time":"20190412152413","is_ascension_mode":true,"campfire_choices":[{"data":"Endless Agony","floor":6,"key":"SMITH"},{"floor":11,"key":"REST"},{"floor":15,"key":"REST"},{"data":"Apotheosis","floor":23,"key":"SMITH"},{"data":"Neutralize","floor":25,"key":"SMITH"},{"data":"Well Laid Plans","floor":27,"key":"SMITH"},{"data":"Cloak And Dagger","floor":29,"key":"SMITH"},{"floor":32,"key":"REST"},{"data":"Madness","floor":40,"key":"SMITH"},{"data":"Madness","floor":44,"key":"SMITH"},{"data":"Envenom","floor":46,"key":"SMITH"},{"floor":49,"key":"REST"}],"neow_cost":"NONE","seed_source_timestamp":507107737555773,"circlet_count":0,"master_deck":["Defend_G+1","Defend_G","Defend_G","Defend_G","Defend_G","Strike_G+1","Strike_G","Survivor+1","Neutralize+1","Endless Agony+1","Cloak And Dagger","Infinite Blades","Dash+1","Backflip","Cloak And Dagger+1","After Image","Cloak And Dagger","Well Laid Plans+1","Apotheosis+1","Envenom+1","Madness+1","Madness+1","Parasite","Injury","Pain"],"relics":["Ring of the Snake","Regal Pillow","Centennial Puzzle","Oddly Smooth Stone","Membership Card","War Paint","WristBlade","Mercury Hourglass","Lantern","Bronze Scales","Cursed Key","Pear","Whetstone","WarpedTongs"],"potions_floor_usage":[7,12,18,22,22,48,50],"damage_taken":[{"damage":0,"enemies":"Small Slimes","floor":1,"turns":5},{"damage":3,"enemies":"Cultist","floor":5,"turns":4},{"damage":44,"enemies":"Lagavulin","floor":7,"turns":9},{"damage":1,"enemies":"Jaw Worm","floor":10,"turns":3},{"damage":16,"enemies":"Gremlin Nob","floor":12,"turns":5},{"damage":26,"enemies":"Gremlin Gang","floor":13,"turns":7},{"damage":21,"enemies":"The Guardian","floor":16,"turns":17},{"damage":0,"enemies":"3 Byrds","floor":18,"turns":2},{"damage":4,"enemies":"Shell Parasite","floor":19,"turns":6},{"damage":8,"enemies":"Snake Plant","floor":20,"turns":8},{"damage":0,"enemies":"Centurion and Healer","floor":22,"turns":7},{"damage":0,"enemies":"Cultist and Chosen","floor":24,"turns":8},{"damage":12,"enemies":"Sentry and Sphere","floor":30,"turns":4},{"damage":22,"enemies":"Gremlin Leader","floor":31,"turns":8},{"damage":2,"enemies":"Collector","floor":33,"turns":10},{"damage":0,"enemies":"3 Shapes","floor":35,"turns":4},{"damage":10,"enemies":"3 Darklings","floor":38,"turns":5},{"damage":0,"enemies":"Maw","floor":41,"turns":7},{"damage":0,"enemies":"Writhing Mass","floor":42,"turns":7},{"damage":11,"enemies":"4 Shapes","floor":47,"turns":7},{"damage":1,"enemies":"Transient","floor":48,"turns":5},{"damage":59,"enemies":"Time Eater","floor":50,"turns":14}],"seed_played":"5764191482404271470","potions_obtained":[{"floor":0,"key":"Swift Potion"},{"floor":0,"key":"Block Potion"},{"floor":0,"key":"FairyPotion"},{"floor":13,"key":"LiquidBronze"},{"floor":16,"key":"Swift Potion"},{"floor":20,"key":"Block Potion"},{"floor":24,"key":"SpeedPotion"},{"floor":38,"key":"SkillPotion"},{"floor":42,"key":"Swift Potion"}],"is_trial":false,"path_per_floor":["M","?","$","?","M","R","E","?","T","M","R","E","M","$","R","B",null,"M","M","M","$","M","R","M","R","T","R","?","R","M","E","R","B",null,"M","$","?","M","?","R","M","M","T","R","?","R","M","M","R","B",null],"character_chosen":"THE_SILENT","items_purchased":["Membership Card","War Paint","Apotheosis","Pear"],"campfire_rested":4,"item_purchase_floors":[14,14,21,36],"current_hp_per_floor":[70,70,70,70,67,67,23,23,23,22,58,42,16,16,52,31,70,70,66,58,58,58,58,58,58,58,58,58,58,46,24,60,58,70,70,80,70,60,60,60,60,60,60,60,60,60,49,48,80,21],"gold":120,"neow_bonus":"THREE_SMALL_POTIONS","is_prod":false,"is_daily":false,"chose_seed":false,"campfire_upgraded":8,"win_rate":0,"timestamp":1555097053,"path_taken":["M","?","$","?","M","R","E","?","T","M","R","E","M","$","R","BOSS","M","M","?","$","M","R","M","R","T","R","?","R","?","E","R","BOSS","M","?","?","M","?","R","?","M","T","R","?","R","M","M","R","BOSS"],"build_version":"2019-01-23","purchased_purges":2,"victory":true,"max_hp_per_floor":[70,70,70,70,70,70,70,70,70,70,70,70,70,70,70,70,70,70,70,70,70,70,70,70,70,70,70,70,70,70,70,70,70,70,70,80,80,80,80,80,80,80,80,80,80,80,80,80,80,80],"card_choices":[{"not_picked":["Slice","Bane"],"picked":"Endless Agony","floor":1},{"not_picked":["Deadly Poison","Unload"],"picked":"Cloak And Dagger","floor":5},{"not_picked":["Corpse Explosion","Phantasmal Killer"],"picked":"Infinite Blades","floor":7},{"not_picked":["Outmaneuver","Sucker Punch"],"picked":"Dash","floor":10},{"not_picked":["PiercingWail","Poisoned Stab"],"picked":"Backflip","floor":12},{"not_picked":["Bane","Blade Dance"],"picked":"Cloak And Dagger","floor":13},{"not_picked":["Burst","Doppelganger"],"picked":"After Image","floor":16},{"not_picked":["PiercingWail","Deadly Poison","Poisoned Stab"],"picked":"SKIP","floor":18},{"not_picked":["Poisoned Stab","Prepared"],"picked":"Cloak And Dagger","floor":19},{"not_picked":["Eviscerate","Finisher+1"],"picked":"Well Laid Plans","floor":20},{"not_picked":["Blur","Noxious Fumes","Heel Hook"],"picked":"SKIP","floor":22},{"not_picked":["Bullet Time","Cloak And Dagger","Poisoned Stab"],"picked":"SKIP","floor":24},{"not_picked":["Finisher","Dagger Spray","Acrobatics+1"],"picked":"SKIP","floor":30},{"not_picked":["Quick Slash+1","Prepared","Noxious Fumes"],"picked":"SKIP","floor":31},{"not_picked":["After Image","Phantasmal Killer"],"picked":"Envenom","floor":33},{"not_picked":["Sucker Punch","All Out Attack+1","Crippling Poison+1"],"picked":"SKIP","floor":35},{"not_picked":["Prepared+1","Acrobatics","Quick Slash"],"picked":"SKIP","floor":38},{"not_picked":["Dagger Spray+1","Outmaneuver","Flechettes"],"picked":"SKIP","floor":41},{"not_picked":["Prepared","Backflip","Heel Hook"],"picked":"SKIP","floor":42},{"not_picked":["Masterful Stab+1","Escape Plan+1","Acrobatics"],"picked":"SKIP","floor":47},{"not_picked":["Bane","Infinite Blades","Bouncing Flask+1"],"picked":"SKIP","floor":48}],"player_experience":291473,"relics_obtained":[{"floor":7,"key":"Regal Pillow"},{"floor":9,"key":"Centennial Puzzle"},{"floor":12,"key":"Oddly Smooth Stone"},{"floor":26,"key":"Mercury Hourglass"},{"floor":31,"key":"Bronze Scales"},{"floor":43,"key":"Whetstone"}],"event_choices":[{"cards_removed":["Strike_G"],"damage_healed":0,"gold_gain":0,"player_choice":"Card Removal","damage_taken":0,"max_hp_gain":0,"max_hp_loss":0,"event_name":"The Cleric","floor":2,"gold_loss":50},{"damage_healed":0,"gold_gain":0,"player_choice":"Ignored","damage_taken":0,"max_hp_gain":0,"max_hp_loss":0,"event_name":"Liars Game","floor":4,"gold_loss":0},{"damage_healed":0,"gold_gain":100,"player_choice":"Gold","damage_taken":0,"max_hp_gain":0,"max_hp_loss":0,"event_name":"Wheel of Change","floor":8,"gold_loss":0},{"damage_healed":0,"gold_gain":0,"player_choice":"Paid Gold","damage_taken":0,"relics_obtained":["Lantern"],"max_hp_gain":0,"max_hp_loss":0,"event_name":"WeMeetAgain","floor":28,"gold_loss":74},{"damage_healed":0,"gold_gain":0,"player_choice":"Embrace Madness","damage_taken":10,"max_hp_gain":0,"max_hp_loss":0,"event_name":"Winding Halls","floor":37,"gold_loss":0,"cards_obtained":["Madness","Madness"]},{"damage_healed":0,"gold_gain":0,"player_choice":"Memory 1","damage_taken":0,"max_hp_gain":0,"max_hp_loss":0,"event_name":"SensoryStone","floor":39,"gold_loss":0},{"damage_healed":0,"gold_gain":0,"player_choice":"Rummage","damage_taken":0,"relics_obtained":["WarpedTongs"],"max_hp_gain":0,"max_hp_loss":0,"event_name":"Accursed Blacksmith","floor":45,"gold_loss":0,"cards_obtained":["Pain"]}],"is_beta":false,"boss_relics":[{"not_picked":["Ectoplasm","Tiny House"],"picked":"WristBlade"},{"not_picked":["Astrolabe","Calling Bell"],"picked":"Cursed Key"}],"items_purged_floors":[21,36],"is_endless":false,"potions_floor_spawned":[1,5,13,16,20,24,38,42],"ascension_level":2}