{"gold_per_floor":[112,166,22,197,197,197,225,243,270,270,24,99,45,45,45,169,169,192,192,192,3,3,12,12,12,39,39],"floor_reached":27,"playtime":627,"items_purged":["Strike_R"],"score":258,"play_id":"2cc840c7-7844-4ff4-93ca-1a70378f0e9d","local_time":"20190314230106","is_ascension_mode":true,"campfire_choices":[{"data":"Rampage","floor":6,"key":"SMITH"},{"floor":10,"key":"REST"},{"floor":15,"key":"REST"},{"floor":24,"key":"REST"}],"neow_cost":"NONE","seed_source_timestamp":23930158974000,"circlet_count":0,"master_deck":["Strike_R","Strike_R","Strike_R","Strike_R","Defend_R","Defend_R","Defend_R","Defend_R","Bash","Exhume","Warcry","Rampage+1","Doubt","Carnage","True Grit","Good Instincts","Shrug It Off","Injury","Limit Break","Feel No Pain","Sentinel","Flame Barrier+1","Shame"],"relics":["Burning Blood","Tiny Chest","Pear","Kunai","Blood Vial","Red Skull","Bloody Idol","Philosopher\u0027s Stone","Orichalcum","Art of War","Smiling Mask"],"potions_floor_usage":[7,16,22],"damage_taken":[{"damage":11,"enemies":"Cultist","floor":1,"turns":4},{"damage":72,"enemies":"Lagavulin","floor":7,"turns":7},{"damage":9,"enemies":"2 Louse","floor":8,"turns":4},{"damage":56,"enemies":"Slime Boss","floor":16,"turns":15},{"damage":34,"enemies":"Shell Parasite","floor":18,"turns":5},{"damage":42,"enemies":"Colosseum Slavers","floor":22,"turns":7},{"damage":33,"enemies":"2 Thieves","floor":23,"turns":4},{"damage":51,"enemies":"Gremlin Leader","floor":27,"turns":3}],"seed_played":"4221512180806378169","potions_obtained":[{"floor":1,"key":"Fire Potion"},{"floor":16,"key":"Fruit Juice"},{"floor":18,"key":"SkillPotion"}],"is_trial":false,"path_per_floor":["M","T","$","?","T","R","E","M","T","R","$","?","$","?","R","B",null,"M","?","T","$","?","M","R","?","T","E"],"character_chosen":"IRONCLAD","items_purchased":["Rampage","Red Skull","Good Instincts","Shrug It Off","Orichalcum","Sentinel"],"campfire_rested":3,"item_purchase_floors":[3,11,11,13,21,21],"current_hp_per_floor":[75,75,75,75,85,85,19,16,16,43,43,32,32,32,59,16,95,67,67,67,67,33,13,41,41,46,0],"gold":39,"neow_bonus":"ONE_RANDOM_RARE_CARD","is_prod":false,"is_daily":false,"chose_seed":false,"campfire_upgraded":1,"win_rate":0,"timestamp":1552629666,"path_taken":["M","?","$","?","?","R","E","?","T","R","$","?","?","?","R","BOSS","M","?","?","$","?","M","R","?","T","E"],"build_version":"2019-02-06","purchased_purges":1,"victory":false,"max_hp_per_floor":[80,80,80,80,90,90,90,90,90,90,90,90,90,90,90,95,95,95,95,95,95,95,95,95,95,95,95],"card_choices":[{"not_picked":["Body Slam","Reckless Charge"],"picked":"Warcry","floor":1},{"not_picked":["Sword Boomerang","Seeing Red"],"picked":"Carnage","floor":7},{"not_picked":["Headbutt","Warcry"],"picked":"True Grit","floor":8},{"not_picked":["Impervious","Offering"],"picked":"Limit Break","floor":16},{"not_picked":["Blood for Blood","Perfected Strike"],"picked":"Feel No Pain","floor":18},{"not_picked":["Sword Boomerang+1","Heavy Blade"],"picked":"Flame Barrier+1","floor":23}],"player_experience":566404,"relics_obtained":[{"floor":2,"key":"Tiny Chest"},{"floor":5,"key":"Pear"},{"floor":7,"key":"Kunai"},{"floor":9,"key":"Blood Vial"},{"floor":26,"key":"Smiling Mask"}],"event_choices":[{"damage_healed":0,"gold_gain":175,"player_choice":"AGREE","damage_taken":0,"max_hp_gain":0,"max_hp_loss":0,"event_name":"Liars Game","floor":4,"gold_loss":0,"cards_obtained":["Doubt"]},{"damage_healed":0,"gold_gain":75,"player_choice":"Gather Gold","damage_taken":11,"max_hp_gain":0,"max_hp_loss":0,"event_name":"World of Goop","floor":12,"gold_loss":0},{"damage_healed":0,"gold_gain":0,"player_choice":"Take Wound","damage_taken":0,"relics_obtained":["Golden Idol"],"max_hp_gain":0,"max_hp_loss":0,"event_name":"Golden Idol","floor":14,"gold_loss":0,"cards_obtained":["Injury"]},{"damage_healed":0,"gold_gain":0,"player_choice":"Gave Idol","damage_taken":0,"relics_obtained":["Bloody Idol"],"max_hp_gain":0,"max_hp_loss":0,"event_name":"Forgotten Altar","floor":19,"relics_lost":["Golden Idol"],"gold_loss":0},{"damage_healed":0,"gold_gain":0,"player_choice":"Fight","damage_taken":0,"max_hp_gain":0,"max_hp_loss":0,"event_name":"Colosseum","floor":22,"gold_loss":0},{"damage_healed":0,"gold_gain":0,"player_choice":"Fled From Nobs","damage_taken":0,"max_hp_gain":0,"max_hp_loss":0,"event_name":"Colosseum","floor":22,"gold_loss":0},{"damage_healed":0,"gold_gain":0,"player_choice":"Stole Relic","damage_taken":0,"relics_obtained":["Art of War"],"max_hp_gain":0,"max_hp_loss":0,"event_name":"Addict","floor":25,"gold_loss":0,"cards_obtained":["Shame"]}],"is_beta":true,"boss_relics":[{"not_picked":["Black Blood","Runic Pyramid"],"picked":"Philosopher\u0027s Stone"}],"items_purged_floors":[3],"is_endless":false,"potions_floor_spawned":[1,16,18],"killed_by":"Gremlin Leader","ascension_level":3}