{"gold_per_floor":[113,38,38,38,38,38,54,54,80,3,3,3,14,44,44,123,123,137,156,0,55,70,70,0,0,81,112,129,228,228,153,153,227,227,240,167,181,14,24,24,24],"floor_reached":41,"playtime":1027,"items_purged":["Pain","Wild Strike"],"score":731,"play_id":"38fd8d75-ef90-4c9b-b308-49dc6177706a","local_time":"20181022124247","is_ascension_mode":true,"campfire_choices":[{"data":"Demon Form","floor":6,"key":"SMITH"},{"data":"Heavy Blade","floor":12,"key":"SMITH"},{"data":"Shrug It Off","floor":15,"key":"SMITH"},{"data":"Seeing Red","floor":23,"key":"SMITH"},{"data":"Spot Weakness","floor":25,"key":"SMITH"},{"floor":32,"key":"REST"},{"floor":40,"key":"REST"}],"neow_cost":"CURSE","seed_source_timestamp":1017444153530363,"circlet_count":0,"master_deck":["Bash","AscendersBane","Demon Form+1","Shrug It Off+1","Heavy Blade+1","Spot Weakness+1","Impervious","Flex","Impervious","Seeing Red+1","Seeing Red+1","Uppercut+1","Shockwave","Offering","Combust+1","Power Through","Wild Strike","Ghostly Armor","Iron Wave","Spot Weakness","Iron Wave","Battle Trance","Berserk+1","Dropkick","Inflame+1"],"relics":["Burning Blood","Turnip","Pen Nib","Pantograph","Frozen Egg 2","Lizard Tail","Orichalcum","PreservedInsect","Mummified Hand","Bronze Scales","Pandora\u0027s Box"],"potions_floor_usage":[14,18,19,22,28,37],"damage_taken":[{"damage":4,"enemies":"Small Slimes","floor":1,"turns":4},{"damage":0,"enemies":"Cultist","floor":7,"turns":3},{"damage":6,"enemies":"2 Louse","floor":13,"turns":3},{"damage":30,"enemies":"Lagavulin","floor":14,"turns":6},{"damage":37,"enemies":"The Guardian","floor":16,"turns":9},{"damage":20,"enemies":"Spheric Guardian","floor":18,"turns":6},{"damage":43,"enemies":"Chosen","floor":19,"turns":7},{"damage":19,"enemies":"Snecko","floor":22,"turns":5},{"damage":24,"enemies":"Book of Stabbing","floor":27,"turns":4},{"damage":7,"enemies":"Centurion and Healer","floor":28,"turns":5},{"damage":56,"enemies":"Collector","floor":33,"turns":9},{"damage":21,"enemies":"3 Shapes","floor":35,"turns":7},{"damage":16,"enemies":"3 Darklings","floor":37,"turns":3},{"damage":34,"enemies":"Maw","floor":39,"turns":7},{"damage":35,"enemies":"Reptomancer","floor":41,"turns":2}],"seed_played":"1673104070731096950","potions_obtained":[{"floor":13,"key":"Poison Potion"},{"floor":14,"key":"Block Potion"},{"floor":16,"key":"SpeedPotion"},{"floor":18,"key":"AttackPotion"},{"floor":27,"key":"AttackPotion"},{"floor":28,"key":"Dexterity Potion"},{"floor":35,"key":"SneckoOil"},{"floor":39,"key":"Fire Potion"}],"is_trial":false,"path_per_floor":["M","$","?","?","$","R","M","?","T","$","T","R","M","E","R","B",null,"M","M","$","T","M","R","?","R","T","E","M","?","?","?","R","B",null,"M","$","M","$","M","R"],"character_chosen":"IRONCLAD","items_purchased":["Spot Weakness","Orichalcum","Berserk+1","Inflame+1"],"campfire_rested":2,"item_purchase_floors":[10,20,36,38],"current_hp_per_floor":[70,70,70,70,70,70,75,75,75,75,75,75,75,51,51,44,67,53,16,16,16,43,43,43,43,43,25,24,24,24,24,46,21,62,47,47,37,37,9,31,0],"gold":24,"neow_bonus":"THREE_RARE_CARDS","is_prod":false,"is_daily":false,"chose_seed":false,"campfire_upgraded":5,"win_rate":0,"timestamp":1540237367,"path_taken":["M","$","?","?","$","R","M","?","T","?","?","R","M","E","R","BOSS","M","?","$","?","M","R","?","R","T","E","M","?","?","?","R","BOSS","M","$","?","?","M","R","E"],"build_version":"2018-10-18","purchased_purges":2,"victory":false,"max_hp_per_floor":[75,75,75,75,75,75,75,75,75,75,75,75,75,75,75,75,75,75,75,75,75,75,75,75,75,75,75,75,75,75,75,75,75,75,75,75,75,75,75,75,75],"card_choices":[{"not_picked":["Dark Embrace","Exhume"],"picked":"Demon Form","floor":0},{"not_picked":["Shockwave","Sword Boomerang"],"picked":"Shrug It Off","floor":1},{"not_picked":["True Grit","Ghostly Armor"],"picked":"Heavy Blade","floor":7},{"not_picked":["Pommel Strike","Rupture"],"picked":"Impervious","floor":13},{"not_picked":["Carnage","Thunderclap"],"picked":"Flex","floor":14},{"not_picked":["Brutality+1","Fiend Fire"],"picked":"Impervious","floor":16},{"not_picked":["Sword Boomerang","Flex"],"picked":"Seeing Red+1","floor":18},{"not_picked":["Iron Wave","Feel No Pain+1"],"picked":"Seeing Red","floor":19},{"not_picked":["Body Slam","Dual Wield"],"picked":"Uppercut+1","floor":22},{"not_picked":["Anger","Headbutt"],"picked":"Shockwave","floor":27},{"not_picked":["Ghostly Armor","Evolve+1","Havoc"],"picked":"SKIP","floor":28},{"not_picked":["Feed","Juggernaut+1"],"picked":"Offering","floor":33},{"not_picked":["Flex","Spot Weakness"],"picked":"Battle Trance","floor":35},{"not_picked":["Pommel Strike","Cleave"],"picked":"Dropkick","floor":37},{"not_picked":["Havoc","Sword Boomerang","Seeing Red"],"picked":"SKIP","floor":39}],"player_experience":615192,"relics_obtained":[{"floor":9,"key":"Pen Nib"},{"floor":11,"key":"Pantograph"},{"floor":14,"key":"Frozen Egg 2"},{"floor":21,"key":"PreservedInsect"},{"floor":26,"key":"Mummified Hand"},{"floor":27,"key":"Bronze Scales"}],"event_choices":[{"damage_healed":0,"gold_gain":0,"cards_transformed":["Defend_R"],"player_choice":"Transformed","damage_taken":0,"max_hp_gain":0,"max_hp_loss":0,"event_name":"Transmorgrifier","floor":3,"gold_loss":0,"cards_obtained":["Reckless Charge"]},{"cards_removed":["Reckless Charge"],"damage_healed":0,"gold_gain":0,"player_choice":"Forget","damage_taken":0,"max_hp_gain":0,"max_hp_loss":0,"event_name":"Living Wall","floor":4,"gold_loss":0},{"damage_healed":0,"gold_gain":0,"player_choice":"Box","damage_taken":0,"relics_obtained":["Turnip"],"max_hp_gain":0,"max_hp_loss":0,"event_name":"Big Fish","floor":8,"gold_loss":0,"cards_obtained":["Regret"]},{"damage_healed":0,"gold_gain":0,"player_choice":"Paid Fearfully","damage_taken":0,"max_hp_gain":0,"max_hp_loss":0,"event_name":"Masked Bandits","floor":24,"gold_loss":70},{"damage_healed":0,"gold_gain":99,"player_choice":"Stole From Cult","damage_taken":0,"max_hp_gain":0,"max_hp_loss":0,"event_name":"Nest","floor":29,"gold_loss":0},{"damage_healed":0,"gold_gain":0,"player_choice":"Ignored","damage_taken":0,"max_hp_gain":0,"max_hp_loss":0,"event_name":"Cursed Tome","floor":30,"gold_loss":0},{"cards_removed":["Regret"],"damage_healed":0,"gold_gain":0,"player_choice":"Gave Gold","damage_taken":0,"max_hp_gain":0,"max_hp_loss":0,"event_name":"Beggar","floor":31,"gold_loss":75}],"is_beta":false,"boss_relics":[{"not_picked":["Busted Crown","Eternal Feather"],"picked":"Lizard Tail"},{"not_picked":["Astrolabe","Fusion Hammer"],"picked":"Pandora\u0027s Box"}],"items_purged_floors":[2,38],"is_endless":false,"potions_floor_spawned":[13,14,16,18,27,28,35,39],"killed_by":"Reptomancer","ascension_level":14}