{"gold_per_floor":[117,41,16,16,16,51,51,66,114,126,141,121,146,146,146,220,220,235,157,157,174,184,215,215,215],"floor_reached":25,"playtime":749,"items_purged":[],"score":419,"play_id":"b26480a2-8a52-4d92-b6e0-d473b391fc5a","local_time":"20181030180545","is_ascension_mode":true,"campfire_choices":[{"data":"Deadly Poison","floor":7,"key":"SMITH"},{"data":"Footwork","floor":15,"key":"SMITH"},{"floor":24,"key":"REST"}],"neow_cost":"NONE","seed_source_timestamp":1728304319713381,"circlet_count":0,"master_deck":["Survivor","Neutralize","AscendersBane","Bouncing Flask+1","Well Laid Plans","Deadly Poison+1","Cloak And Dagger","Leg Sweep","Bouncing Flask","Footwork+1","Backstab","Burst","Dagger Throw","Sucker Punch","Choke","Acrobatics","Outmaneuver","Backflip","Quick Slash","Sucker Punch","Dagger Spray","Poisoned Stab","Backstab","Dagger Throw+1","Dodge and Roll","Backflip"],"relics":["Ring of the Snake","NeowsBlessing","Happy Flower","Pen Nib","Ancient Tea Set","Pandora\u0027s Box","WingedGreaves"],"potions_floor_usage":[23,23],"damage_taken":[{"damage":0,"enemies":"Cultist","floor":1,"turns":1},{"damage":0,"enemies":"3 Sentries","floor":6,"turns":1},{"damage":0,"enemies":"Small Slimes","floor":8,"turns":1},{"damage":1,"enemies":"Jaw Worm","floor":10,"turns":2},{"damage":0,"enemies":"Large Slime","floor":11,"turns":4},{"damage":17,"enemies":"Lagavulin","floor":13,"turns":5},{"damage":16,"enemies":"Hexaghost","floor":16,"turns":8},{"damage":19,"enemies":"Shell Parasite","floor":18,"turns":3},{"damage":2,"enemies":"Chosen","floor":21,"turns":3},{"damage":3,"enemies":"Snake Plant","floor":22,"turns":3},{"damage":22,"enemies":"Slavers","floor":23,"turns":5},{"damage":69,"enemies":"Gremlin Leader","floor":25,"turns":4}],"seed_played":"3483529539106510521","potions_obtained":[{"floor":8,"key":"Explosive Potion"},{"floor":12,"key":"Weak Potion"},{"floor":13,"key":"PowerPotion"},{"floor":21,"key":"Energy Potion"}],"is_trial":false,"path_per_floor":["M","$","$","?","?","E","R","M","T","M","M","?","E","?","R","B",null,"M","$","?","M","M","E","R"],"character_chosen":"THE_SILENT","items_purchased":["Well Laid Plans","Deadly Poison","Backstab"],"campfire_rested":1,"item_purchase_floors":[2,3,19],"current_hp_per_floor":[63,63,63,49,70,70,70,70,70,69,69,69,52,52,52,36,62,43,43,66,64,61,39,60,0],"gold":215,"neow_bonus":"THREE_ENEMY_KILL","is_prod":false,"is_daily":false,"chose_seed":false,"campfire_upgraded":2,"win_rate":0,"timestamp":1540947945,"path_taken":["M","?","$","?","?","E","R","M","T","?","?","?","E","?","R","BOSS","M","$","?","M","M","E","R","E"],"build_version":"2018-10-25v2","purchased_purges":0,"victory":false,"max_hp_per_floor":[70,70,70,70,70,70,70,70,70,70,70,70,70,70,70,70,70,70,70,70,70,70,70,70,70],"card_choices":[{"not_picked":["Poisoned Stab","Dodge and Roll"],"picked":"Bouncing Flask","floor":1},{"not_picked":["Choke","Underhanded Strike"],"picked":"Cloak And Dagger","floor":6},{"not_picked":["Outmaneuver","Tactician"],"picked":"Leg Sweep","floor":8},{"not_picked":["Dagger Spray","Backstab"],"picked":"Bouncing Flask","floor":10},{"not_picked":["Underhanded Strike","Flechettes"],"picked":"Footwork","floor":11},{"not_picked":["Underhanded Strike","Quick Slash"],"picked":"Backstab","floor":13},{"not_picked":["After Image","Doppelganger"],"picked":"Burst","floor":16},{"not_picked":["Choke","Flying Knee","Bane"],"picked":"SKIP","floor":18},{"not_picked":["Accuracy","Sucker Punch"],"picked":"Dagger Throw+1","floor":21},{"not_picked":["Cloak And Dagger","All Out Attack"],"picked":"Dodge and Roll","floor":22},{"not_picked":["Deflect","Eviscerate"],"picked":"Backflip","floor":23}],"player_experience":752696,"relics_obtained":[{"floor":6,"key":"Happy Flower"},{"floor":9,"key":"Pen Nib"},{"floor":13,"key":"Ancient Tea Set"},{"floor":23,"key":"WingedGreaves"}],"event_choices":[{"damage_healed":0,"gold_gain":0,"player_choice":"Entered Light","damage_taken":14,"max_hp_gain":0,"max_hp_loss":0,"event_name":"Shining Light","floor":4,"gold_loss":0,"cards_upgraded":["Bouncing Flask","Strike_G"]},{"damage_healed":23,"gold_gain":0,"player_choice":"Banana","damage_taken":0,"max_hp_gain":0,"max_hp_loss":0,"event_name":"Big Fish","floor":5,"gold_loss":0},{"damage_healed":0,"gold_gain":0,"player_choice":"Bought 1 Potion","damage_taken":0,"max_hp_gain":0,"max_hp_loss":0,"event_name":"The Woman in Blue","floor":12,"gold_loss":0},{"damage_healed":0,"gold_gain":0,"player_choice":"Ignored","damage_taken":0,"max_hp_gain":0,"max_hp_loss":0,"event_name":"Liars Game","floor":14,"gold_loss":0},{"damage_healed":23,"gold_gain":0,"player_choice":"Heal","damage_taken":0,"max_hp_gain":0,"max_hp_loss":0,"event_name":"The Library","floor":20,"gold_loss":0}],"is_beta":false,"boss_relics":[{"not_picked":["Philosopher\u0027s Stone","Cursed Key"],"picked":"Pandora\u0027s Box"}],"items_purged_floors":[],"is_endless":false,"potions_floor_spawned":[8,13,16,21,22],"killed_by":"Gremlin Leader","ascension_level":13}