{"gold_per_floor":[109,120,133,133,133,159,159,334,334,354,11,11,11,24,24,127,127,139,150,162,6,105,105,123,123,123,158,158,171,171,188,188,188],"floor_reached":33,"playtime":1712,"items_purged":[],"score":280,"play_id":"9edc37a3-0e47-4e8c-b7dc-f2353363eaeb","local_time":"20190408225615","is_ascension_mode":true,"campfire_choices":[{"floor":7,"key":"REST"},{"data":"Loop","floor":13,"key":"SMITH"},{"floor":15,"key":"REST"},{"floor":23,"key":"REST"},{"floor":28,"key":"REST"},{"floor":32,"key":"REST"}],"neow_cost":"NONE","seed_source_timestamp":84698029898500,"circlet_count":0,"master_deck":["Strike_B","Strike_B","Strike_B","Defend_B","Defend_B","Defend_B","Defend_B","Zap","Dualcast","Sweeping Beam","Loop+1","Hologram","Static Discharge","Doubt","Rebound","All For One","Undo","Hyperbeam","Melter","Conserve Battery","Auto Shields+1","Self Repair","Dramatic Entrance"],"relics":["Cracked Core","Darkstone Periapt","Regal Pillow","Question Card","Anchor","Happy Flower","Lizard Tail","Dream Catcher","Omamori","WarpedTongs"],"potions_floor_usage":[6,16,18,20,20,33,33],"damage_taken":[{"damage":12,"enemies":"2 Louse","floor":1,"turns":3},{"damage":5,"enemies":"Jaw Worm","floor":2,"turns":5},{"damage":2,"enemies":"Small Slimes","floor":3,"turns":3},{"damage":28,"enemies":"Lagavulin","floor":6,"turns":7},{"damage":15,"enemies":"Gremlin Gang","floor":10,"turns":4},{"damage":10,"enemies":"Red Slaver","floor":14,"turns":4},{"damage":51,"enemies":"Hexaghost","floor":16,"turns":8},{"damage":17,"enemies":"3 Byrds","floor":18,"turns":3},{"damage":28,"enemies":"2 Thieves","floor":19,"turns":4},{"damage":47,"enemies":"3 Cultists","floor":20,"turns":6},{"damage":22,"enemies":"Snecko","floor":24,"turns":5},{"damage":72,"enemies":"Slavers","floor":27,"turns":5},{"damage":16,"enemies":"Chosen and Byrds","floor":29,"turns":7},{"damage":25,"enemies":"Shelled Parasite and Fungi","floor":31,"turns":5},{"damage":88,"enemies":"Champ","floor":33,"turns":17}],"seed_played":"2400258715744872263","potions_obtained":[{"floor":1,"key":"Weak Potion"},{"floor":10,"key":"Explosive Potion"},{"floor":14,"key":"Block Potion"},{"floor":19,"key":"FearPotion"},{"floor":27,"key":"LiquidBronze"},{"floor":31,"key":"SkillPotion"}],"is_trial":false,"path_per_floor":["M","M","M","?","?","E","R","?","T","M","$","?","R","M","R","B",null,"M","M","M","$","?","R","M","?","T","E","R","M","?","M","R","B"],"character_chosen":"DEFECT","items_purchased":["Anchor","Happy Flower","PowerPotion","Self Repair","Dramatic Entrance"],"campfire_rested":5,"item_purchase_floors":[11,11,11,21,21],"current_hp_per_floor":[70,65,63,56,56,28,67,73,73,58,58,58,58,48,88,37,88,71,43,44,44,44,85,70,88,88,23,64,55,55,37,78,0],"gold":188,"neow_bonus":"TEN_PERCENT_HP_BONUS","is_prod":false,"is_daily":false,"chose_seed":false,"campfire_upgraded":1,"win_rate":0,"timestamp":1554778575,"path_taken":["M","M","M","?","?","E","R","?","T","M","$","?","R","M","R","BOSS","M","M","?","$","?","R","M","?","T","E","R","M","?","?","R","BOSS"],"build_version":"2019-01-23","purchased_purges":0,"victory":false,"max_hp_per_floor":[82,82,82,82,82,82,82,88,88,88,88,88,88,88,88,88,88,88,88,88,88,88,88,88,88,88,88,88,88,88,88,88,88],"card_choices":[{"not_picked":["Fusion","Gash"],"picked":"Sweeping Beam","floor":1},{"not_picked":["Darkness","Go for the Eyes"],"picked":"Loop","floor":2},{"not_picked":["White Noise","Lockon"],"picked":"Hologram","floor":3},{"not_picked":["Force Field","Go for the Eyes"],"picked":"Static Discharge","floor":6},{"not_picked":["Blizzard","Tempest","Redo"],"picked":"Rebound","floor":10},{"not_picked":["Gash","Ball Lightning","Streamline"],"picked":"Undo","floor":14},{"not_picked":["Meteor Strike","Fission","Machine Learning"],"picked":"Hyperbeam","floor":16},{"not_picked":["Double Energy+1","Leap","Tempest"],"picked":"Melter","floor":18},{"not_picked":["Melter","Turbo","Rip and Tear"],"picked":"Conserve Battery","floor":19},{"not_picked":["Streamline","Redo","Conserve Battery+1"],"picked":"Auto Shields+1","floor":20},{"not_picked":["Compile Driver","Go for the Eyes","Reinforced Body","Cold Snap"],"picked":"SKIP","floor":24},{"not_picked":["Steam","Fusion","Rebound","Machine Learning"],"picked":"SKIP","floor":27},{"not_picked":["Blizzard","Beam Cell","Cold Snap","Ball Lightning+1"],"picked":"SKIP","floor":29},{"not_picked":["Leap","Coolheaded+1","Redo","Ball Lightning"],"picked":"SKIP","floor":31}],"player_experience":176225,"relics_obtained":[{"floor":6,"key":"Regal Pillow"},{"floor":9,"key":"Question Card"},{"floor":26,"key":"Dream Catcher"},{"floor":27,"key":"Omamori"}],"event_choices":[{"damage_healed":0,"gold_gain":0,"player_choice":"Success","damage_taken":7,"relics_obtained":["Darkstone Periapt"],"max_hp_gain":0,"max_hp_loss":0,"event_name":"Scrap Ooze","floor":4,"gold_loss":0},{"damage_healed":0,"gold_gain":0,"player_choice":"Ignored","damage_taken":0,"max_hp_gain":0,"max_hp_loss":0,"event_name":"Golden Wing","floor":5,"gold_loss":0},{"damage_healed":0,"gold_gain":175,"player_choice":"AGREE","damage_taken":0,"max_hp_gain":0,"max_hp_loss":0,"event_name":"Liars Game","floor":8,"gold_loss":0,"cards_obtained":["Doubt"]},{"damage_healed":0,"gold_gain":0,"cards_transformed":["Strike_B"],"player_choice":"Transformed","damage_taken":0,"max_hp_gain":0,"max_hp_loss":0,"event_name":"Transmorgrifier","floor":12,"gold_loss":0,"cards_obtained":["All For One"]},{"damage_healed":0,"gold_gain":99,"player_choice":"Stole From Cult","damage_taken":0,"max_hp_gain":0,"max_hp_loss":0,"event_name":"Nest","floor":22,"gold_loss":0},{"damage_healed":29,"gold_gain":0,"player_choice":"Heal","damage_taken":0,"max_hp_gain":0,"max_hp_loss":0,"event_name":"The Library","floor":25,"gold_loss":0},{"damage_healed":0,"gold_gain":0,"player_choice":"Rummage","damage_taken":0,"relics_obtained":["WarpedTongs"],"max_hp_gain":0,"max_hp_loss":0,"event_name":"Accursed Blacksmith","floor":30,"gold_loss":0,"cards_obtained":["Pain"]}],"is_beta":false,"boss_relics":[{"not_picked":["Velvet Choker","Runic Pyramid"],"picked":"Lizard Tail"}],"items_purged_floors":[],"is_endless":false,"potions_floor_spawned":[1,10,14,19,27,31],"killed_by":"Champ","ascension_level":1}