{"gold_per_floor":[360,17,17,42,62,62,94,94,94,126,143,169,188,188,188,278,278,293,343,43,43,0,0],"floor_reached":23,"playtime":592,"items_purged":[],"score":410,"play_id":"06b688ea-86e6-4c6d-ba61-065fb2b21031","local_time":"20190410014155","is_ascension_mode":true,"campfire_choices":[{"data":"Zap","floor":6,"key":"SMITH"},{"data":"Coolheaded","floor":8,"key":"SMITH"},{"data":"Barrage","floor":15,"key":"SMITH"}],"neow_cost":"PERCENT_DAMAGE","seed_source_timestamp":1062801645950274,"circlet_count":0,"master_deck":["AscendersBane","Defend_B","Defend_B","Defend_B","Defend_B","Zap+1","Dualcast","Coolheaded+1","Self Repair","Rip and Tear","Rip and Tear","Cold Snap","Gash","Barrage","Barrage+1","Loop","Echo Form","Skim+1","Rebound+1","Heatsinks+1","Doom and Gloom","Self Repair"],"relics":["Cracked Core","Runic Capacitor","Smiling Mask","Kunai","Pear","Thread and Needle","Blue Candle","Golden Idol","Astrolabe","OrangePellets"],"potions_floor_usage":[11,23],"damage_taken":[{"damage":7,"enemies":"Jaw Worm","floor":1,"turns":5},{"damage":0,"enemies":"Cultist","floor":5,"turns":3},{"damage":20,"enemies":"Lagavulin","floor":7,"turns":8},{"damage":14,"enemies":"3 Sentries","floor":10,"turns":7},{"damage":0,"enemies":"Small Slimes","floor":11,"turns":3},{"damage":4,"enemies":"Lagavulin","floor":12,"turns":6},{"damage":7,"enemies":"Looter","floor":13,"turns":2},{"damage":10,"enemies":"The Guardian","floor":16,"turns":10},{"damage":30,"enemies":"3 Byrds","floor":18,"turns":5},{"damage":45,"enemies":"Slavers","floor":23,"turns":2}],"seed_played":"-290999445116055792","potions_obtained":[{"floor":1,"key":"AttackPotion"},{"floor":10,"key":"Ancient Potion"},{"floor":11,"key":"Strength Potion"}],"is_trial":false,"path_per_floor":["M","$","?","T","M","R","E","R","T","E","M","E","M","?","R","B",null,"M","?","$","?","?","E"],"character_chosen":"DEFECT","items_purchased":["Runic Capacitor","Self Repair","Rip and Tear","OrangePellets","Self Repair"],"campfire_rested":0,"item_purchase_floors":[2,2,2,20,20],"current_hp_per_floor":[39,39,39,39,46,46,33,33,43,36,43,46,46,46,46,43,66,43,43,43,43,43,0],"gold":0,"neow_bonus":"TWO_FIFTY_GOLD","is_prod":false,"is_daily":false,"chose_seed":false,"campfire_upgraded":3,"win_rate":0,"timestamp":1554885715,"path_taken":["M","$","?","?","M","R","E","R","T","E","?","E","M","?","R","BOSS","M","?","$","?","?","E"],"build_version":"2019-01-23","purchased_purges":0,"victory":false,"max_hp_per_floor":[71,71,71,71,71,71,71,71,81,81,81,81,81,73,73,73,73,73,73,73,73,73,73],"card_choices":[{"not_picked":["Force Field","Leap"],"picked":"Coolheaded","floor":1},{"not_picked":["Turbo","Go for the Eyes"],"picked":"Cold Snap","floor":5},{"not_picked":["Aggregate","Buffer"],"picked":"Gash","floor":7},{"not_picked":["Doom and Gloom","Turbo"],"picked":"Barrage","floor":10},{"not_picked":["Steam","Stack","Streamline"],"picked":"SKIP","floor":11},{"not_picked":["Darkness","Heatsinks"],"picked":"Barrage","floor":12},{"not_picked":["Beam Cell","White Noise"],"picked":"Loop","floor":13},{"not_picked":["Amplify","Creative AI"],"picked":"Echo Form","floor":16},{"not_picked":["Steam","Streamline"],"picked":"Doom and Gloom","floor":18}],"player_experience":1162460,"relics_obtained":[{"floor":4,"key":"Smiling Mask"},{"floor":7,"key":"Kunai"},{"floor":9,"key":"Pear"},{"floor":10,"key":"Thread and Needle"},{"floor":12,"key":"Blue Candle"}],"event_choices":[{"damage_healed":0,"gold_gain":0,"cards_transformed":["Strike_B"],"player_choice":"Change","damage_taken":0,"max_hp_gain":0,"max_hp_loss":0,"event_name":"Living Wall","floor":3,"gold_loss":0,"cards_obtained":["Rip and Tear"]},{"damage_healed":0,"gold_gain":0,"player_choice":"Lose Max HP","damage_taken":0,"relics_obtained":["Golden Idol"],"max_hp_gain":0,"max_hp_loss":8,"event_name":"Golden Idol","floor":14,"gold_loss":0},{"damage_healed":0,"gold_gain":50,"player_choice":"Stole From Cult","damage_taken":0,"max_hp_gain":0,"max_hp_loss":0,"event_name":"Nest","floor":19,"gold_loss":0},{"damage_healed":0,"gold_gain":0,"player_choice":"Ignored","damage_taken":0,"max_hp_gain":0,"max_hp_loss":0,"event_name":"Beggar","floor":21,"gold_loss":0},{"damage_healed":0,"gold_gain":0,"player_choice":"Paid Fearfully","damage_taken":0,"max_hp_gain":0,"max_hp_loss":0,"event_name":"Masked Bandits","floor":22,"gold_loss":43}],"is_beta":false,"boss_relics":[{"not_picked":["Black Star","Calling Bell"],"picked":"Astrolabe"}],"items_purged_floors":[],"is_endless":false,"potions_floor_spawned":[1,10,11],"killed_by":"Slavers","ascension_level":20}