{"gold_per_floor":[119,133,408,408,419,419,434,142,142,169,203,203,234,234,234,333,333,344,36,36,36,54,86,100,100,182,182,194,194,194,218,230,345,357,384,98,123,123,123,155,155,80,106,160,21,0,35,46,46,46],"floor_reached":51,"playtime":1496,"items_purged":[],"score":969,"play_id":"8e0b1d86-d44d-48bf-81d3-4aa200e1cad1","local_time":"20181015122051","is_ascension_mode":true,"campfire_choices":[{"data":"Electrodynamics","floor":6,"key":"SMITH"},{"data":"White Noise","floor":12,"key":"SMITH"},{"floor":15,"key":"REST"},{"floor":25,"key":"REST"},{"floor":27,"key":"REST"},{"floor":30,"key":"REST"},{"data":"Buffer","floor":32,"key":"SMITH"},{"floor":41,"key":"REST"},{"data":"White Noise","floor":49,"key":"SMITH"}],"neow_cost":"NONE","seed_source_timestamp":410849639615287,"circlet_count":0,"master_deck":["Strike_B+1","Strike_B+1","Strike_B+1","Defend_B+1","Defend_B+1","Defend_B+1","Defend_B+1","Zap","Dualcast","Electrodynamics+1","Leap","Ball Lightning","Rebound","Conserve Battery","Sweeping Beam","Echo Form","White Noise+1","Sunder","Buffer+1","Leap","Seek","Redo+1","Glacier","Conserve Battery","Fusion+1","Electrodynamics+1","Go for the Eyes+1","Panache+1","Discovery","Madness","Madness","Melter+1","Heatsinks+1","Steam+1","Hello World+1","White Noise+1","Self Repair+1","Hologram+1"],"relics":["Cracked Core","Gambling Chip","Tiny Chest","Juzu Bracelet","Sundial","Odd Mushroom","Cables","Blue Candle","Eternal Feather","MealTicket","Pen Nib","Frozen Egg 2","MawBank","Nuclear Battery","Boot","Bird Faced Urn","Bag of Marbles","StoneCalendar","Red Mask","Omamori"],"potions_floor_usage":[16,16,16,18,23,23,33,44],"damage_taken":[{"damage":0,"enemies":"Small Slimes","floor":1,"turns":2},{"damage":1,"enemies":"Cultist","floor":2,"turns":3},{"damage":3,"enemies":"Jaw Worm","floor":5,"turns":2},{"damage":2,"enemies":"Looter","floor":7,"turns":2},{"damage":3,"enemies":"The Mushroom Lair","floor":10,"turns":2},{"damage":16,"enemies":"Lagavulin","floor":11,"turns":4},{"damage":10,"enemies":"3 Sentries","floor":13,"turns":2},{"damage":27,"enemies":"Hexaghost","floor":16,"turns":6},{"damage":44,"enemies":"2 Thieves","floor":18,"turns":3},{"damage":7,"enemies":"Shell Parasite","floor":22,"turns":4},{"damage":8,"enemies":"Gremlin Leader","floor":23,"turns":4},{"damage":6,"enemies":"Cultist and Chosen","floor":24,"turns":5},{"damage":40,"enemies":"Centurion and Healer","floor":28,"turns":8},{"damage":36,"enemies":"Champ","floor":33,"turns":12},{"damage":0,"enemies":"Orb Walker","floor":35,"turns":3},{"damage":40,"enemies":"Nemesis","floor":40,"turns":7},{"damage":9,"enemies":"Mysterious Sphere","floor":44,"turns":3},{"damage":40,"enemies":"Giant Head","floor":47,"turns":8},{"damage":0,"enemies":"3 Darklings","floor":48,"turns":2},{"damage":49,"enemies":"Donu and Deca","floor":50,"turns":6}],"seed_played":"2956993198049508372","potions_obtained":[{"floor":2,"key":"LiquidBronze"},{"floor":5,"key":"Regen Potion"},{"floor":11,"key":"SkillPotion"},{"floor":16,"key":"Fruit Juice"},{"floor":23,"key":"FocusPotion"},{"floor":33,"key":"LiquidBronze"},{"floor":35,"key":"FairyPotion"},{"floor":40,"key":"PowerPotion"}],"is_trial":false,"path_per_floor":["M","M","?","?","M","R","M","$","T","?","E","R","E","?","R","B",null,"M","$","?","?","M","E","M","R","T","R","M","?","R","T","R","B",null,"M","$","T","?","?","E","R","$","T","?","$","?","E","M","R","B"],"character_chosen":"DEFECT","items_purchased":["Tiny Chest","Juzu Bracelet","Sweeping Beam","MealTicket","PowerPotion","SkillPotion","Panache+1","Discovery","Heatsinks+1","Hello World+1","White Noise"],"campfire_rested":5,"item_purchase_floors":[8,8,8,19,19,19,36,36,42,45,45],"current_hp_per_floor":[75,74,74,71,68,68,66,66,66,63,47,47,37,37,59,46,68,29,29,29,29,22,14,8,47,47,80,40,40,79,79,80,44,71,71,80,80,80,70,30,72,72,72,73,80,80,46,66,80,49],"gold":46,"neow_bonus":"ONE_RANDOM_RARE_CARD","is_prod":false,"is_daily":false,"chose_seed":false,"campfire_upgraded":4,"win_rate":0,"timestamp":1539631251,"path_taken":["M","M","?","?","?","R","M","$","T","?","E","R","E","?","R","BOSS","M","$","?","?","M","E","M","R","T","R","M","?","R","?","R","BOSS","M","$","?","?","?","E","R","?","T","?","$","?","E","M","R","BOSS"],"build_version":"2018-10-11","purchased_purges":0,"victory":true,"max_hp_per_floor":[75,75,75,75,75,75,75,75,75,75,75,75,75,75,75,75,75,80,80,80,80,80,80,80,80,80,80,80,80,80,80,80,80,80,80,80,80,80,80,80,80,80,80,80,80,80,80,80,80,80],"card_choices":[{"not_picked":["Coolheaded","Fusion"],"picked":"Leap","floor":1},{"not_picked":["Rebound","Stack"],"picked":"Ball Lightning","floor":2},{"not_picked":["Recycle","Double Energy"],"picked":"Rebound","floor":5},{"not_picked":["Sweeping Beam","Ball Lightning"],"picked":"Conserve Battery","floor":7},{"not_picked":["Hologram","Reinforced Body"],"picked":"Echo Form","floor":10},{"not_picked":["Rebound","Multi-Cast"],"picked":"White Noise","floor":11},{"not_picked":["Compile Driver","Gash"],"picked":"Sunder","floor":13},{"not_picked":["Core Surge","Fission"],"picked":"Buffer","floor":16},{"not_picked":["Doom and Gloom","Streamline"],"picked":"Leap","floor":18},{"not_picked":["Ball Lightning","Hello World"],"picked":"Redo+1","floor":22},{"not_picked":["Leap","Steam+1"],"picked":"Glacier","floor":23},{"not_picked":["Compile Driver+1","Stack"],"picked":"Conserve Battery","floor":24},{"not_picked":["Rip and Tear","Gash"],"picked":"Fusion+1","floor":28},{"not_picked":["Core Surge","Biased Cognition+1"],"picked":"Electrodynamics+1","floor":33},{"not_picked":["Consume+1","Ball Lightning"],"picked":"Go for the Eyes+1","floor":35},{"not_picked":["Sweeping Beam+1","Coolheaded"],"picked":"Melter+1","floor":40},{"not_picked":["Skim","Compile Driver+1"],"picked":"Steam+1","floor":44},{"not_picked":["Compile Driver+1","Reprogram+1"],"picked":"Self Repair+1","floor":47},{"not_picked":["Rebound","Tempest+1"],"picked":"Hologram+1","floor":48}],"player_experience":516991,"relics_obtained":[{"floor":9,"key":"Sundial"},{"floor":10,"key":"Odd Mushroom"},{"floor":11,"key":"Cables"},{"floor":13,"key":"Blue Candle"},{"floor":23,"key":"Pen Nib"},{"floor":26,"key":"Frozen Egg 2"},{"floor":31,"key":"MawBank"},{"floor":37,"key":"Boot"},{"floor":40,"key":"Bird Faced Urn"},{"floor":43,"key":"Bag of Marbles"},{"floor":44,"key":"StoneCalendar"},{"floor":47,"key":"Omamori"}],"event_choices":[{"event_name":"Golden Shrine","player_choice":"Desecrate","floor":3,"damage_taken":0},{"event_name":"Scrap Ooze","player_choice":"success","floor":4,"damage_taken":3},{"event_name":"Mushrooms","player_choice":"Fought Mushrooms","floor":10,"damage_taken":0},{"event_name":"Purifier","player_choice":"One Purge","floor":14,"damage_taken":0},{"event_name":"Match and Keep!","player_choice":"1 cards matched","floor":20,"damage_taken":0},{"event_name":"Vampires","player_choice":"Ignored","floor":21,"damage_taken":0},{"event_name":"Back to Basics","player_choice":"Simplicity","floor":29,"damage_taken":0},{"event_name":"Falling","player_choice":"Removed Attack","floor":38,"damage_taken":0},{"event_name":"Winding Halls","player_choice":"Embrace Madness","floor":39,"damage_taken":0},{"event_name":"Mysterious Sphere","player_choice":"Fight","floor":44,"damage_taken":0},{"event_name":"Tomb of Lord Red Mask","player_choice":"Paid","floor":46,"damage_taken":0}],"is_beta":false,"boss_relics":[{"not_picked":["Snecko Eye","FrozenCore"],"picked":"Eternal Feather"},{"not_picked":["Runic Pyramid","Tiny House"],"picked":"Nuclear Battery"}],"items_purged_floors":[],"is_endless":false,"potions_floor_spawned":[2,5,11,16,23,33,35,40],"ascension_level":5}