{"gold_per_floor":[12,26,26,26,40,75,75,107,131,162,175,206,221,221,221,314,314,330,40,60,73,97,97,140,140,140,140,190,214,247,272,272,365,365,378,268,193,212,235,235,269,283,306,330,345,345,379,395,395,395,395,395,395,47,85,85],"floor_reached":57,"playtime":7541,"items_purged":["Defend_R"],"score":2897,"play_id":"7b32e4bc-5526-4da5-9f59-92e45a2499be","local_time":"20190413012830","is_ascension_mode":true,"campfire_choices":[{"floor":7.0,"key":"REST"},{"data":"Immolate","floor":15.0,"key":"SMITH"},{"data":"Bludgeon","floor":23.0,"key":"SMITH"},{"data":"Offering","floor":25.0,"key":"SMITH"},{"data":"Metallicize","floor":27.0,"key":"SMITH"},{"floor":32.0,"key":"RECALL"},{"data":"Shockwave","floor":40.0,"key":"SMITH"},{"data":"Metallicize","floor":46.0,"key":"SMITH"},{"data":"Barricade","floor":49.0,"key":"SMITH"},{"floor":53,"key":"REST"}],"neow_cost":"NO_GOLD","seed_source_timestamp":158131413959111,"circlet_count":0,"master_deck":["AscendersBane","Defend_R","Defend_R+1","Defend_R+1","Bash","Immolate+1","Bludgeon+1","Reaper","Metallicize+1","Offering+1","Dark Embrace+1","Seeing Red+1","Demon Form+1","Shrug It Off","Metallicize+1","Evolve","Shrug It Off","Shrug It Off","Barricade+1","Shrug It Off","Shockwave+1","Body Slam","Ghostly Armor","True Grit+1","Metallicize+1","Shrug It Off+1","Uppercut","Discovery","Ghostly Armor"],"special_seed":0,"relics":["Burning Blood","Strawberry","Anchor","Matryoshka","Gremlin Horn","Ancient Tea Set","Orichalcum","Mercury Hourglass","Golden Idol","Astrolabe","ClockworkSouvenir","Singing Bowl","Pen Nib","Kunai","Snecko Eye","Dead Branch","Art of War","Bottled Tornado","War Paint","Letter Opener"],"potions_floor_usage":[51,56,56],"damage_taken":[{"damage":7.0,"enemies":"Jaw Worm","floor":1.0,"turns":4.0},{"damage":0.0,"enemies":"Cultist","floor":2.0,"turns":2.0},{"damage":10.0,"enemies":"Small Slimes","floor":5.0,"turns":3.0},{"damage":42.0,"enemies":"Lagavulin","floor":6.0,"turns":6.0},{"damage":6.0,"enemies":"Gremlin Nob","floor":8.0,"turns":3.0},{"damage":25.0,"enemies":"Lagavulin","floor":10.0,"turns":6.0},{"damage":0.0,"enemies":"2 Fungi Beasts","floor":11.0,"turns":2.0},{"damage":0.0,"enemies":"Gremlin Nob","floor":12.0,"turns":3.0},{"damage":0.0,"enemies":"Looter","floor":13.0,"turns":4.0},{"damage":29.0,"enemies":"The Guardian","floor":16.0,"turns":14.0},{"damage":3.0,"enemies":"3 Byrds","floor":18.0,"turns":4.0},{"damage":14.0,"enemies":"Spheric Guardian","floor":20.0,"turns":4.0},{"damage":6.0,"enemies":"Centurion and Healer","floor":21.0,"turns":7.0},{"damage":6.0,"enemies":"3 Cultists","floor":22.0,"turns":3.0},{"damage":6.0,"enemies":"Gremlin Leader","floor":24.0,"turns":3.0},{"damage":12.0,"enemies":"Snake Plant","floor":29.0,"turns":3.0},{"damage":35.0,"enemies":"Slavers","floor":30.0,"turns":4.0},{"damage":6.0,"enemies":"Centurion and Healer","floor":31.0,"turns":5.0},{"damage":57.0,"enemies":"Collector","floor":33.0,"turns":10.0},{"damage":0.0,"enemies":"3 Darklings","floor":35.0,"turns":1.0},{"damage":6.0,"enemies":"Orb Walker","floor":38.0,"turns":3.0},{"damage":6.0,"enemies":"Spire Growth","floor":39.0,"turns":3.0},{"damage":74.0,"enemies":"Giant Head","floor":41.0,"turns":8.0},{"damage":0.0,"enemies":"4 Shapes","floor":42.0,"turns":4.0},{"damage":12.0,"enemies":"Sphere and 2 Shapes","floor":44.0,"turns":7.0},{"damage":14.0,"enemies":"Jaw Worm Horde","floor":45.0,"turns":2.0},{"damage":0.0,"enemies":"Nemesis","floor":47.0,"turns":5.0},{"damage":6.0,"enemies":"Writhing Mass","floor":48.0,"turns":4.0},{"damage":32.0,"enemies":"Donu and Deca","floor":50.0,"turns":9.0},{"damage":118,"enemies":"Awakened One","floor":51,"turns":17},{"damage":10,"enemies":"Shield and Spear","floor":55,"turns":7},{"damage":32,"enemies":"The Heart","floor":56,"turns":11}],"seed_played":"5101770167762867647","potions_obtained":[{"floor":6.0,"key":"Energy Potion"},{"floor":10.0,"key":"FearPotion"},{"floor":12.0,"key":"SkillPotion"},{"floor":20.0,"key":"GamblersBrew"},{"floor":24.0,"key":"BloodPotion"},{"floor":31.0,"key":"PowerPotion"},{"floor":33.0,"key":"SteroidPotion"},{"floor":39.0,"key":"AttackPotion"},{"floor":44.0,"key":"Poison Potion"},{"floor":45.0,"key":"Weak Potion"},{"floor":48.0,"key":"Ancient Potion"}],"is_trial":false,"path_per_floor":["M","M","?","?","M","E","R","E","T","E","M","E","M","?","R","B",null,"M","$","M","M","M","R","E","R","T","R","?","M","E","M","R","B",null,"M","?","$","M","M","R","E","M","T","M","M","R","E","M","R","B","B",null,"R","$","E","B",null],"character_chosen":"IRONCLAD","items_purchased":["ClockworkSouvenir","Shrug It Off","Uppercut","Discovery","War Paint","Weak Potion"],"campfire_rested":2,"item_purchase_floors":[19,19,54,54,54,54],"current_hp_per_floor":[67,73,62,62,58,22,46,46,46,29,43,55,65,37,37,18,66,73,73,65,78,82,82,84,84,84,84,84,80,53,69,69,48,78,84,84,84,88,88,88,44,70,70,76,90,90,90,92,92,92,8,71,92,92,92,92],"gold":85,"neow_bonus":"TRANSFORM_TWO_CARDS","is_prod":false,"is_daily":false,"chose_seed":false,"campfire_upgraded":7,"win_rate":0,"timestamp":1555140510,"path_taken":["M","M","?","?","?","E","R","E","T","E","M","E","M","?","R","BOSS","M","$","M","M","M","R","E","R","T","R","?","M","E","M","R","BOSS","M","?","$","?","M","R","E","M","T","M","M","R","E","M","R","BOSS","BOSS","R","$","E","BOSS"],"build_version":"2019-04-04","purchased_purges":1,"victory":true,"max_hp_per_floor":[75,75,82,82,82,82,82,82,82,82,82,82,82,82,82,82,82,82,82,82,82,82,82,84,84,84,84,84,86,88,88,88,88,88,88,88,88,88,88,88,88,90,90,90,90,90,90,92,92,92,92,92,92,92,92,92],"card_choices":[{"not_picked":["Havoc","Rage"],"picked":"Anger","floor":1.0},{"not_picked":["Body Slam","Reckless Charge","Wild Strike"],"picked":"SKIP","floor":2.0},{"not_picked":["Wild Strike","Armaments"],"picked":"Reaper","floor":5.0},{"not_picked":["Dark Embrace","Carnage","Searing Blow"],"picked":"SKIP","floor":6.0},{"not_picked":["Iron Wave","Cleave","Clothesline"],"picked":"SKIP","floor":8.0},{"not_picked":["Dropkick","Flex","Pommel Strike"],"picked":"SKIP","floor":10.0},{"not_picked":["True Grit","Clothesline"],"picked":"Metallicize","floor":11.0},{"not_picked":["Whirlwind","Fiend Fire","Wild Strike"],"picked":"SKIP","floor":12.0},{"not_picked":["Warcry","Thunderclap","Perfected Strike"],"picked":"SKIP","floor":13.0},{"not_picked":["Demon Form","Limit Break"],"picked":"Offering","floor":16.0},{"not_picked":["Reckless Charge","Wild Strike","Burning Pact+1"],"picked":"SKIP","floor":18.0},{"not_picked":["Cleave","Searing Blow"],"picked":"Metallicize+1","floor":20.0},{"not_picked":["Warcry","Heavy Blade"],"picked":"Evolve","floor":21.0},{"not_picked":["Headbutt","Feel No Pain+1"],"picked":"Shrug It Off","floor":22.0},{"not_picked":["Twin Strike+1","Blood for Blood","Flex"],"picked":"Singing Bowl","floor":24.0},{"not_picked":["Dropkick+1","Havoc","Infernal Blade+1"],"picked":"Singing Bowl","floor":29.0},{"not_picked":["True Grit","Rampage","Dropkick"],"picked":"Singing Bowl","floor":30.0},{"not_picked":["Sword Boomerang","Warcry"],"picked":"Shrug It Off","floor":31.0},{"not_picked":["Juggernaut","Immolate"],"picked":"Barricade","floor":33.0},{"not_picked":["Thunderclap","Body Slam"],"picked":"Shrug It Off","floor":35.0},{"not_picked":["Headbutt","Flex"],"picked":"Shockwave","floor":38.0},{"not_picked":["Carnage","Headbutt"],"picked":"Body Slam","floor":39.0},{"not_picked":["Headbutt+1","Cleave+1"],"picked":"Ghostly Armor","floor":41.0},{"not_picked":["Flex","Wild Strike+1","Clothesline+1"],"picked":"Singing Bowl","floor":42.0},{"not_picked":["Body Slam","Sever Soul"],"picked":"True Grit+1","floor":44.0},{"not_picked":["Spot Weakness","Ghostly Armor"],"picked":"Metallicize","floor":45.0},{"not_picked":["Seeing Red","Pommel Strike"],"picked":"Shrug It Off","floor":47.0},{"not_picked":["Armaments","Twin Strike+1","Hemokinesis+1"],"picked":"Singing Bowl","floor":48.0},{"not_picked":["Twin Strike","Flex"],"picked":"Ghostly Armor","floor":55}],"player_experience":2877598,"relics_obtained":[{"floor":6.0,"key":"Anchor"},{"floor":8.0,"key":"Matryoshka"},{"floor":9.0,"key":"Gremlin Horn"},{"floor":9.0,"key":"Ancient Tea Set"},{"floor":10.0,"key":"Orichalcum"},{"floor":12.0,"key":"Mercury Hourglass"},{"floor":24.0,"key":"Singing Bowl"},{"floor":26.0,"key":"Pen Nib"},{"floor":30.0,"key":"Kunai"},{"floor":41.0,"key":"Dead Branch"},{"floor":43.0,"key":"Art of War"},{"floor":47.0,"key":"Bottled Tornado"},{"floor":55,"key":"Letter Opener"}],"event_choices":[{"damage_healed":0.0,"max_hp_gain":0.0,"max_hp_loss":0.0,"gold_gain":0.0,"event_name":"Scrap Ooze","player_choice":"Success","floor":3.0,"gold_loss":0.0,"damage_taken":18.0,"relics_obtained":["Strawberry"]},{"damage_healed":0.0,"max_hp_gain":0.0,"max_hp_loss":0.0,"gold_gain":0.0,"event_name":"WeMeetAgain","player_choice":"Ignored","floor":4.0,"gold_loss":0.0,"damage_taken":0.0},{"damage_healed":0.0,"max_hp_gain":0.0,"max_hp_loss":0.0,"gold_gain":0.0,"event_name":"Golden Idol","player_choice":"Take Damage","floor":14.0,"gold_loss":0.0,"damage_taken":28.0,"relics_obtained":["Golden Idol"]},{"damage_healed":0.0,"max_hp_gain":0.0,"max_hp_loss":0.0,"gold_gain":50.0,"event_name":"Nest","player_choice":"Stole From Cult","floor":28.0,"gold_loss":0.0,"damage_taken":0.0},{"cards_removed":["Anger"],"damage_healed":0.0,"max_hp_gain":0.0,"max_hp_loss":0.0,"gold_gain":0.0,"event_name":"Designer","player_choice":"Upgrade and Remove","floor":36.0,"gold_loss":110.0,"damage_taken":0.0,"cards_upgraded":["Defend_R"]}],"is_beta":true,"boss_relics":[{"not_picked":["Lizard Tail","White Beast Statue"],"picked":"Astrolabe"},{"not_picked":["Busted Crown","Orrery"],"picked":"Snecko Eye"}],"items_purged_floors":[37],"is_endless":false,"potions_floor_spawned":[6,10,12,20,24,31,33,38,39,44,45,48],"ascension_level":20}