{"gold_per_floor":[115,115,115,129,1,30,30,55,80,98,109,16,0,26,26,99,99,117,117,117,137,137,137],"floor_reached":23,"playtime":796,"items_purged":[],"score":386,"play_id":"2c37a5b9-2fbb-4c35-85bb-ab2c8b2a6e79","local_time":"20181012030547","is_ascension_mode":true,"campfire_choices":[{"data":"Neutralize","floor":7,"key":"SMITH"},{"data":"After Image","floor":15,"key":"SMITH"}],"neow_cost":"NONE","seed_source_timestamp":119053648181366,"circlet_count":0,"master_deck":["Defend_G+1","Defend_G+1","Defend_G+1","Defend_G+1","Strike_G+1","Strike_G+1","Strike_G+1","Strike_G+1","Strike_G+1","Survivor","Neutralize+1","AscendersBane","Blade Dance","Infinite Blades","Flying Knee","Blade Dance","Slice","Cloak And Dagger","Skewer","Backstab","Expertise","Deflect","After Image+1","Venomology+1","Dagger Throw","Dagger Throw"],"relics":["Ring of the Snake","NeowsBlessing","Whetstone","Happy Flower","Orichalcum","Lantern","HoveringKite"],"potions_floor_usage":[8,11,14,16,21,21,22],"damage_taken":[{"damage":0,"enemies":"Cultist","floor":1,"turns":1},{"damage":0,"enemies":"2 Louse","floor":4,"turns":1},{"damage":0,"enemies":"Gremlin Nob","floor":6,"turns":1},{"damage":15,"enemies":"Lagavulin","floor":8,"turns":7},{"damage":2,"enemies":"Small Slimes","floor":10,"turns":3},{"damage":0,"enemies":"2 Fungi Beasts","floor":11,"turns":2},{"damage":13,"enemies":"3 Sentries","floor":14,"turns":7},{"damage":26,"enemies":"Slime Boss","floor":16,"turns":12},{"damage":19,"enemies":"Chosen","floor":18,"turns":5},{"damage":0,"enemies":"Shell Parasite","floor":21,"turns":3},{"damage":0,"enemies":"Snecko","floor":22,"turns":1},{"damage":18,"enemies":"Slavers","floor":23,"turns":2}],"seed_played":"-4923317173727374455","potions_obtained":[{"floor":4,"key":"Explosive Potion"},{"floor":10,"key":"Regen Potion"},{"floor":14,"key":"Energy Potion"},{"floor":18,"key":"Swift Potion"}],"is_trial":false,"path_per_floor":["M","?","?","M","$","E","R","E","T","M","M","$","?","E","R","B",null,"M","?","?","M","M"],"character_chosen":"THE_SILENT","items_purchased":["AttackPotion","Flying Knee","Blade Dance","Expertise","Deflect"],"campfire_rested":0,"item_purchase_floors":[5,5,5,12,12],"current_hp_per_floor":[63,56,70,70,70,70,70,55,55,53,53,53,53,55,55,29,60,41,41,41,41,41,23],"gold":137,"neow_bonus":"THREE_ENEMY_KILL","is_prod":false,"is_daily":false,"chose_seed":false,"campfire_upgraded":2,"win_rate":0,"timestamp":1539338747,"path_taken":["M","?","?","?","$","E","R","E","T","?","?","?","?","E","R","BOSS","M","?","?","?","M","E"],"build_version":"2018-10-11","purchased_purges":0,"victory":false,"max_hp_per_floor":[70,70,70,70,70,70,70,70,70,70,70,70,70,70,70,70,70,70,70,70,70,70,70],"card_choices":[{"not_picked":["Prepared","Crippling Poison"],"picked":"Blade Dance","floor":1},{"not_picked":["Quick Slash","Crippling Poison"],"picked":"Infinite Blades","floor":4},{"not_picked":["Prepared","Flechettes"],"picked":"Slice","floor":6},{"not_picked":["Distraction","Infinite Blades"],"picked":"Cloak And Dagger","floor":8},{"not_picked":["Backflip","Crippling Poison"],"picked":"Skewer","floor":10},{"not_picked":["Concentrate","Deadly Poison"],"picked":"Backstab","floor":11},{"not_picked":["Deadly Poison","Doppelganger"],"picked":"After Image","floor":14},{"not_picked":["Glass Knife","Bullet Time"],"picked":"Venomology","floor":16},{"not_picked":["Deflect","All Out Attack"],"picked":"Dagger Throw","floor":18},{"not_picked":["Dodge and Roll","Reflex"],"picked":"Dagger Throw","floor":21}],"player_experience":464482,"relics_obtained":[{"floor":6,"key":"Whetstone"},{"floor":8,"key":"Happy Flower"},{"floor":9,"key":"Orichalcum"},{"floor":14,"key":"Lantern"}],"event_choices":[{"event_name":"Golden Wing","player_choice":"Card Removal","floor":2,"damage_taken":0},{"event_name":"Big Fish","player_choice":"Banana","floor":3,"damage_taken":0},{"event_name":"World of Goop","player_choice":"Left","floor":13,"damage_taken":0},{"event_name":"Back to Basics","player_choice":"Simplicity","floor":19,"damage_taken":0},{"event_name":"Accursed Blacksmith","player_choice":"Forge","floor":20,"damage_taken":0}],"is_beta":false,"boss_relics":[{"not_picked":["Coffee Dripper","Runic Pyramid"],"picked":"HoveringKite"}],"items_purged_floors":[],"is_endless":false,"potions_floor_spawned":[4,10,14,18],"killed_by":"Slavers","ascension_level":13}