{"gold_per_floor":[110,110,58,73,348,382,399,424,424,441,471,17,17,52,52,124,124,142,155,155,12,22,22,22,57,130,164,164,196,215,229,229,229],"floor_reached":33,"playtime":972,"items_purged":[],"score":739,"play_id":"2a68ba02-8a6a-453a-b31b-afac25cb4f11","local_time":"20181024204940","is_ascension_mode":true,"campfire_choices":[{"floor":13,"key":"REST"},{"floor":15,"key":"REST"},{"data":"Flex","floor":23,"key":"SMITH"},{"data":"Limit Break","floor":28,"key":"SMITH"},{"floor":32,"key":"REST"}],"neow_cost":"NONE","seed_source_timestamp":1219518425177696,"circlet_count":0,"master_deck":["Strike_R","Strike_R","Strike_R","Strike_R","Strike_R+1","Defend_R","Defend_R","Bash","AscendersBane","Impervious","Cleave","Headbutt+1","Regret","Thunderclap","Carnage","Burning Pact","Cleave","Flex+1","Limit Break+1","Flex+1","Armaments","Warcry","Ghostly","Ghostly","Ghostly","Ghostly","Ghostly","Disarm","Armaments+1","Sentinel","Shrug It Off"],"relics":["Burning Blood","Happy Flower","Letter Opener","Regal Pillow","Ornamental Fan","Thread and Needle","Oddly Smooth Stone","Whetstone","Cursed Key","Lantern","Bag of Marbles","Omamori","The Courier","Juzu Bracelet","Vajra"],"potions_floor_usage":[6,8,10,11,31],"damage_taken":[{"damage":7,"enemies":"2 Louse","floor":1,"turns":4},{"damage":0,"enemies":"Jaw Worm","floor":4,"turns":3},{"damage":23,"enemies":"Lagavulin","floor":6,"turns":5},{"damage":9,"enemies":"Small Slimes","floor":7,"turns":2},{"damage":18,"enemies":"Gremlin Nob","floor":8,"turns":4},{"damage":0,"enemies":"3 Louse","floor":10,"turns":2},{"damage":32,"enemies":"3 Sentries","floor":11,"turns":5},{"damage":25,"enemies":"Gremlin Nob","floor":14,"turns":4},{"damage":15,"enemies":"Slime Boss","floor":16,"turns":9},{"damage":1,"enemies":"Spheric Guardian","floor":18,"turns":3},{"damage":15,"enemies":"Shell Parasite","floor":19,"turns":4},{"damage":16,"enemies":"Snake Plant","floor":22,"turns":4},{"damage":0,"enemies":"Book of Stabbing","floor":25,"turns":5},{"damage":2,"enemies":"Gremlin Leader","floor":27,"turns":5},{"damage":0,"enemies":"Slavers","floor":29,"turns":5},{"damage":7,"enemies":"Shelled Parasite and Fungi","floor":30,"turns":3},{"damage":24,"enemies":"Chosen and Byrds","floor":31,"turns":8},{"damage":61,"enemies":"Champ","floor":33,"turns":11}],"seed_played":"-7482192603872633872","potions_obtained":[{"floor":4,"key":"Poison Potion"},{"floor":6,"key":"Explosive Potion"},{"floor":8,"key":"SpeedPotion"},{"floor":19,"key":"Explosive Potion"},{"floor":22,"key":"EssenceOfSteel"},{"floor":27,"key":"SpeedPotion"}],"is_trial":false,"path_per_floor":["M","?","$","M","?","E","M","E","T","M","E","$","R","E","R","B",null,"M","M","?","$","M","R","?","E","T","E","R","E","M","M","R"],"character_chosen":"IRONCLAD","items_purchased":["AttackPotion","Thread and Needle","Oddly Smooth Stone","Bag of Marbles"],"campfire_rested":3,"item_purchase_floors":[3,12,12,21],"current_hp_per_floor":[67,60,60,66,66,49,46,34,34,40,14,14,51,32,69,60,71,75,66,66,66,56,56,37,37,37,37,37,37,36,18,37,0],"gold":229,"neow_bonus":"TRANSFORM_CARD","is_prod":false,"is_daily":false,"chose_seed":false,"campfire_upgraded":2,"win_rate":0,"timestamp":1540439380,"path_taken":["M","?","$","M","?","E","?","E","T","?","E","?","R","E","R","BOSS","M","M","?","$","M","R","?","E","T","E","R","E","M","M","R","BOSS"],"build_version":"2018-10-18","purchased_purges":0,"victory":false,"max_hp_per_floor":[75,75,75,75,75,75,75,75,75,75,75,75,75,75,75,75,75,75,75,75,75,75,75,37,37,37,37,37,37,37,37,37,37],"card_choices":[{"not_picked":["Warcry","Twin Strike"],"picked":"Cleave","floor":1},{"not_picked":["Armaments","Rage"],"picked":"Headbutt","floor":4},{"not_picked":["Sever Soul","Flex"],"picked":"Thunderclap","floor":6},{"not_picked":["Reckless Charge","Thunderclap","Anger"],"picked":"SKIP","floor":7},{"not_picked":["Searing Blow","Wild Strike"],"picked":"Carnage","floor":8},{"not_picked":["Intimidate","Entrench"],"picked":"Burning Pact","floor":10},{"not_picked":["Clothesline","Iron Wave"],"picked":"Cleave","floor":11},{"not_picked":["Sentinel","Armaments"],"picked":"Flex","floor":14},{"not_picked":["Impervious","Berserk"],"picked":"Limit Break","floor":16},{"not_picked":["Shrug It Off","Headbutt"],"picked":"Flex+1","floor":18},{"not_picked":["Feel No Pain","Heavy Blade"],"picked":"Armaments","floor":19},{"not_picked":["Dual Wield","True Grit"],"picked":"Warcry","floor":22},{"not_picked":["Perfected Strike","Twin Strike"],"picked":"Disarm","floor":25},{"not_picked":["Anger+1","Flex","Bloodletting"],"picked":"SKIP","floor":27},{"not_picked":["Thunderclap","Body Slam"],"picked":"Armaments+1","floor":29},{"not_picked":["Sever Soul","True Grit"],"picked":"Sentinel","floor":30},{"not_picked":["Hemokinesis","Warcry"],"picked":"Shrug It Off","floor":31}],"player_experience":646272,"relics_obtained":[{"floor":6,"key":"Happy Flower"},{"floor":8,"key":"Letter Opener"},{"floor":9,"key":"Regal Pillow"},{"floor":11,"key":"Ornamental Fan"},{"floor":14,"key":"Whetstone"},{"floor":25,"key":"Omamori"},{"floor":26,"key":"The Courier"},{"floor":27,"key":"Juzu Bracelet"},{"floor":29,"key":"Vajra"}],"event_choices":[{"cards_removed":["Defend_R"],"damage_healed":0,"gold_gain":0,"player_choice":"Card Removal","damage_taken":7,"max_hp_gain":0,"max_hp_loss":0,"event_name":"Golden Wing","floor":2,"gold_loss":0},{"damage_healed":0,"gold_gain":275,"player_choice":"Desecrate","damage_taken":0,"max_hp_gain":0,"max_hp_loss":0,"event_name":"Golden Shrine","floor":5,"gold_loss":0,"cards_obtained":["Regret"]},{"damage_healed":0,"gold_gain":0,"player_choice":"Gave Potion","damage_taken":0,"relics_obtained":["Lantern"],"max_hp_gain":0,"max_hp_loss":0,"event_name":"WeMeetAgain","floor":20,"gold_loss":0},{"damage_healed":0,"gold_gain":0,"player_choice":"Became a Ghost","damage_taken":0,"max_hp_gain":0,"max_hp_loss":38,"event_name":"Ghosts","floor":24,"gold_loss":0,"cards_obtained":["Ghostly","Ghostly","Ghostly","Ghostly","Ghostly"]}],"is_beta":false,"boss_relics":[{"not_picked":["Pandora\u0027s Box","Eternal Feather"],"picked":"Cursed Key"}],"items_purged_floors":[],"is_endless":false,"potions_floor_spawned":[4,6,8,19,22,27],"killed_by":"Champ","ascension_level":15}