{"gold_per_floor":[109,26,38,15,31,66,66,93,141,168,181,181,181,195,195,271,271,286,296,296,323,1,1,34,34,57,57,72,72,36,55,55,132,132,151,161,161,261,13,13],"floor_reached":40,"playtime":1179,"items_purged":["Parasite","Regret"],"score":721,"play_id":"549f32fa-6e68-4365-a4b0-63e8d93e4222","local_time":"20181012032540","is_ascension_mode":true,"campfire_choices":[{"floor":7,"key":"REST"},{"floor":13,"key":"REST"},{"floor":15,"key":"REST"},{"data":"Envenom","floor":23,"key":"SMITH"},{"floor":27,"key":"REST"},{"floor":32,"key":"REST"}],"neow_cost":"NONE","seed_source_timestamp":119865994606305,"circlet_count":0,"master_deck":["Defend_G","Defend_G","Defend_G","Defend_G","Defend_G","Strike_G","Strike_G","Strike_G+1","Strike_G","Strike_G","Survivor","Neutralize","AscendersBane","Dagger Spray","Terror","Dagger Throw","Predator","Dodge and Roll","Choke","Calculated Gamble","Dagger Throw+1","Envenom+1","Heel Hook+1","Sucker Punch+1","Phantasmal Killer","Dash+1","Calculated Gamble+1","Finisher+1","Cloak And Dagger","Bane+1","Backstab+1","Riddle With Holes+1","Tactician","Die Die Die+1","Backflip","Underhanded Strike+1"],"relics":["Ring of the Snake","NeowsBlessing","Ninja Scroll","Oddly Smooth Stone","Lantern","Molten Egg 2","Cursed Key","Juzu Bracelet","Vajra","Gremlin Horn","MutagenicStrength","Whetstone","WristBlade","Bag of Marbles"],"potions_floor_usage":[16,16,24,33,33,40,40],"damage_taken":[{"damage":0,"enemies":"Cultist","floor":1,"turns":1},{"damage":0,"enemies":"Small Slimes","floor":3,"turns":1},{"damage":0,"enemies":"2 Louse","floor":5,"turns":1},{"damage":27,"enemies":"Gremlin Nob","floor":6,"turns":5},{"damage":27,"enemies":"Lagavulin","floor":8,"turns":4},{"damage":5,"enemies":"3 Sentries","floor":10,"turns":8},{"damage":0,"enemies":"Red Slaver","floor":11,"turns":1},{"damage":0,"enemies":"Looter","floor":14,"turns":2},{"damage":40,"enemies":"Hexaghost","floor":16,"turns":7},{"damage":11,"enemies":"Spheric Guardian","floor":18,"turns":4},{"damage":10,"enemies":"2 Thieves","floor":19,"turns":4},{"damage":22,"enemies":"Slavers","floor":24,"turns":4},{"damage":0,"enemies":"3 Cultists","floor":28,"turns":3},{"damage":0,"enemies":"Snake Plant","floor":31,"turns":1},{"damage":67,"enemies":"Automaton","floor":33,"turns":7},{"damage":1,"enemies":"3 Shapes","floor":35,"turns":1},{"damage":0,"enemies":"3 Darklings","floor":36,"turns":1},{"damage":56,"enemies":"Giant Head","floor":40,"turns":5}],"seed_played":"1113791264274381280","potions_obtained":[{"floor":10,"key":"Weak Potion"},{"floor":14,"key":"GamblersBrew"},{"floor":16,"key":"AttackPotion"},{"floor":19,"key":"Regen Potion"},{"floor":28,"key":"Weak Potion"},{"floor":37,"key":"GamblersBrew"},{"floor":37,"key":"SkillPotion"}],"is_trial":false,"path_per_floor":["M","$","M","$","M","E","R","E","T","E","M","?","R","M","R","B",null,"M","M","?","T","$","R","E","?","T","R","M","?","$","M","R","B",null,"M","M","?","?","$"],"character_chosen":"THE_SILENT","items_purchased":["Terror","Dagger Throw","Dodge and Roll","Vajra","Finisher+1","Cloak And Dagger","Riddle With Holes+1","Bag of Marbles"],"campfire_rested":5,"item_purchase_floors":[2,2,4,22,22,22,30,39],"current_hp_per_floor":[63,63,63,63,63,36,57,30,30,25,25,25,46,46,67,27,59,48,38,61,61,61,61,39,39,39,59,59,47,47,47,68,6,56,55,55,55,55,55,0],"gold":13,"neow_bonus":"THREE_ENEMY_KILL","is_prod":false,"is_daily":false,"chose_seed":false,"campfire_upgraded":1,"win_rate":0,"timestamp":1539339940,"path_taken":["M","$","?","$","M","E","R","E","T","E","M","?","R","M","R","BOSS","M","M","?","?","$","R","E","?","T","R","M","?","?","M","R","BOSS","M","M","?","?","$","E"],"build_version":"2018-10-11","purchased_purges":2,"victory":false,"max_hp_per_floor":[70,70,70,70,70,70,70,70,70,70,70,70,70,70,70,70,70,70,70,70,70,67,67,67,67,67,67,67,72,72,72,72,72,72,72,72,72,72,72,72],"card_choices":[{"not_picked":["Slice","Blade Dance"],"picked":"Dagger Spray","floor":1},{"not_picked":["Dodge and Roll","Bane"],"picked":"Predator","floor":3},{"not_picked":["Reflex","Infinite Blades"],"picked":"Choke","floor":5},{"not_picked":["Caltrops","Sucker Punch"],"picked":"Calculated Gamble","floor":6},{"not_picked":["Flechettes","Riddle With Holes"],"picked":"Dagger Throw","floor":8},{"not_picked":["Die Die Die","Finisher"],"picked":"Envenom","floor":10},{"not_picked":["Deflect","Concentrate"],"picked":"Heel Hook+1","floor":11},{"not_picked":["PiercingWail","Footwork"],"picked":"Sucker Punch+1","floor":14},{"not_picked":["Corpse Explosion","Grand Finale+1"],"picked":"Phantasmal Killer","floor":16},{"not_picked":["Setup","Poisoned Stab+1"],"picked":"Dash+1","floor":18},{"not_picked":["Crippling Poison","Dodge and Roll"],"picked":"Calculated Gamble+1","floor":19},{"not_picked":["Infinite Blades","Skewer+1"],"picked":"Bane+1","floor":24},{"not_picked":["Finisher+1","Leg Sweep"],"picked":"Backstab+1","floor":28},{"not_picked":["Outmaneuver","Prepared"],"picked":"Tactician","floor":31},{"not_picked":["After Image","Tools of the Trade"],"picked":"Die Die Die+1","floor":33},{"not_picked":["Deflect","Infinite Blades"],"picked":"Backflip","floor":35},{"not_picked":["Masterful Stab+1","PiercingWail"],"picked":"Underhanded Strike+1","floor":36}],"player_experience":465278,"relics_obtained":[{"floor":6,"key":"Ninja Scroll"},{"floor":8,"key":"Oddly Smooth Stone"},{"floor":9,"key":"Lantern"},{"floor":10,"key":"Molten Egg 2"},{"floor":21,"key":"Juzu Bracelet"},{"floor":24,"key":"Gremlin Horn"},{"floor":26,"key":"Whetstone"}],"event_choices":[{"event_name":"Shining Light","player_choice":"Ignored","floor":12,"damage_taken":0},{"event_name":"The Library","player_choice":"Heal","floor":20,"damage_taken":0},{"event_name":"Drug Dealer","player_choice":"Inject Mutagens","floor":25,"damage_taken":0},{"event_name":"Forgotten Altar","player_choice":"Shed Blood","floor":29,"damage_taken":0},{"event_name":"The Lab","player_choice":"Got Potions","floor":37,"damage_taken":0},{"event_name":"Golden Shrine","player_choice":"Pray","floor":38,"damage_taken":0}],"is_beta":false,"boss_relics":[{"not_picked":["Runic Dome","Velvet Choker"],"picked":"Cursed Key"},{"not_picked":["Calling Bell","Runic Pyramid"],"picked":"WristBlade"}],"items_purged_floors":[22,39],"is_endless":false,"potions_floor_spawned":[10,14,16,19,28],"killed_by":"Giant Head","ascension_level":13}