{"path_per_floor":["M","?","?","?","?","R","M","R","T","E","M","$","E","M","R"],"character_chosen":"THE_SILENT","items_purchased":["Bottled Lightning","Accuracy"],"gold_per_floor":[119,119,219,219,294,294,314,314,314,349,363,30,55,72,72],"floor_reached":16,"campfire_rested":0,"playtime":408,"current_hp_per_floor":[67,67,67,67,56,56,55,55,55,55,55,55,46,40,40],"items_purged":[],"gold":72,"score":160,"play_id":"cb7cd68d-ed1b-4cc5-b4eb-c9b34e53eea7","is_prod":false,"is_daily":false,"is_ascension_mode":true,"campfire_upgraded":3,"path_taken":["M","?","?","?","?","R","?","R","T","E","M","$","E","M","R","BOSS"],"build_version":"2018-02-15-PROD1","purchased_purges":0,"victory":false,"master_deck":["Defend_G","Defend_G","Defend_G","Defend_G","Defend_G","Strike_G","Strike_G","Strike_G","Strike_G","Survivor","Neutralize","Venomology+1","Dash","Skewer+1","Sucker Punch+1","Blade Dance+1","Outmaneuver","Accuracy","Dagger Spray","Dagger Spray"],"max_hp_per_floor":[70,70,70,70,70,70,70,70,70,70,70,70,77,77,77],"relics":["Ring of the Snake","Bag of Marbles","Art of War","Bottled Lightning","Strawberry"],"card_choices":[{"not_picked":["Blur","Predator"],"picked":"Dash"},{"not_picked":["Dagger Throw","Endless Agony"],"picked":"Sucker Punch"},{"not_picked":["PiercingWail","Choke"],"picked":"Blade Dance"},{"not_picked":["Sucker Punch","Deadly Poison"],"picked":"Outmaneuver"},{"not_picked":["Corpse Explosion","PiercingWail"],"picked":"Dagger Spray"},{"not_picked":["Sucker Punch","Flechettes"],"picked":"Dagger Spray"}],"player_experience":165901,"potions_floor_usage":[10,11,14,16,16,16,16],"damage_taken":[{"damage":3,"enemies":"2 Louse","floor":1,"turns":3},{"damage":1,"enemies":"Cultist","floor":7,"turns":3},{"damage":0,"enemies":"Gremlin Nob","floor":10,"turns":2},{"damage":0,"enemies":"Small Slimes","floor":11,"turns":1},{"damage":16,"enemies":"3 Sentries","floor":13,"turns":6},{"damage":6,"enemies":"Red Slaver","floor":14,"turns":2},{"damage":41,"enemies":"Hexaghost","floor":16,"turns":11}],"event_choices":[{"event_name":"Transmorgrifier","player_choice":"Transform","floor":2,"damage_taken":0},{"event_name":"Golden Shrine","player_choice":"Pray","floor":3,"damage_taken":0},{"event_name":"Upgrade Shrine","player_choice":"Upgraded","floor":4,"damage_taken":0},{"event_name":"World of Goop","player_choice":"Gather Gold","floor":5,"damage_taken":0}],"boss_relics":[],"potions_floor_spawned":[10],"seed_played":"-1390511473111132522","killed_by":"Hexaghost","ascension_level":4,"is_trial":false}