{"path_per_floor":["M","$","M","?","?","E","?","$","T","$","R","E","M","?","R","B",null,"M","?","?","?","M","R","E","R","T","R","?","E","$","M","R","B",null,"M","?","?","$","?","R","E","?","T","E","?","E","R","$","R"],"character_chosen":"THE_SILENT","items_purchased":["Backflip","Sucker Punch","Caltrops","Deflect","Poisoned Stab","Membership Card","Backstab"],"gold_per_floor":[119,20,31,31,31,63,138,138,165,19,19,44,62,62,62,163,163,176,91,91,91,111,111,136,136,208,208,208,237,165,176,176,277,277,289,289,289,23,0,0,30,30,30,56,107,142,142,62,62],"floor_reached":50,"campfire_rested":3,"playtime":1468,"current_hp_per_floor":[63,63,60,60,46,24,13,13,13,13,34,18,18,18,39,19,57,56,56,56,56,46,46,40,40,40,40,40,40,40,35,56,52,66,54,54,47,47,47,47,29,61,61,38,37,36,36,36,36],"items_purged":["Strike_G","Writhe"],"gold":62,"score":783,"play_id":"574e15dc-d038-4a48-b506-47dbc8aae8f1","is_prod":false,"is_daily":false,"is_ascension_mode":true,"campfire_upgraded":4,"path_taken":["M","$","M","?","?","E","?","?","T","$","R","E","?","?","R","BOSS","M","?","?","?","M","R","E","R","T","R","?","E","?","?","R","BOSS","M","?","?","$","?","R","E","?","T","E","?","E","R","$","R","BOSS"],"build_version":"2018-02-22-PROD2","purchased_purges":2,"victory":false,"master_deck":["Defend_G","Defend_G","Defend_G","Defend_G","Defend_G","Strike_G","Strike_G+1","Strike_G","Strike_G+1","Survivor","Neutralize+1","Calculated Gamble","Backflip","Sucker Punch+1","Flying Knee","Crippling Poison","Caltrops+1","Cloak And Dagger","Neutralize","Jack Of All Trades+1","Adrenaline+1","Deflect+1","Adrenaline+1","Sucker Punch+1","Burst+1","Dagger Throw+1","Deflect","Poisoned Stab+1","Sucker Punch+1","Envenom","Slice+1","Backstab+1","Setup+1","Footwork+1","Distraction+1","Terror"],"max_hp_per_floor":[70,70,70,70,70,70,70,70,70,70,70,70,70,70,70,70,70,70,70,70,70,70,70,70,70,70,70,70,70,70,70,70,70,70,70,70,70,70,70,70,70,61,61,61,61,61,61,61,61],"relics":["Ring of the Snake","Mercury Hourglass","Vajra","Paper Crane","Cursed Key","Snake Skull","Omamori","Molten Egg 2","Lantern","Pantograph","Calling Bell","Torii","Peace Pipe","Letter Opener","Membership Card","Red Mask","Tough Bandages","Bronze Scales","Centennial Puzzle","Unceasing Top","Toolbox"],"card_choices":[{"not_picked":["Accuracy","Underhanded Strike"],"picked":"Calculated Gamble"},{"not_picked":["Deadly Poison","Flechettes"],"picked":"Flying Knee"},{"not_picked":["Bane","Masterful Stab"],"picked":"Crippling Poison"},{"not_picked":["Dagger Throw","Calculated Gamble"],"picked":"Cloak And Dagger"},{"not_picked":["Cloak And Dagger","Bane"],"picked":"Dagger Throw"},{"not_picked":["Night Terror","Envenom"],"picked":"Adrenaline"},{"not_picked":["Underhanded Strike","Malaise"],"picked":"Deflect"},{"not_picked":["Dagger Spray","Acrobatics"],"picked":"Sucker Punch"},{"not_picked":["All Out Attack","Dagger Spray"],"picked":"Burst"},{"not_picked":["Predator","Dagger Spray"],"picked":"Dagger Throw"},{"not_picked":["Expertise","Underhanded Strike"],"picked":"Sucker Punch"},{"not_picked":["Burst","Die Die Die"],"picked":"Envenom"},{"not_picked":["Accuracy","Deflect"],"picked":"Slice"},{"not_picked":["Noxious Fumes","Bane"],"picked":"Setup"},{"not_picked":["Sucker Punch","Concentrate"],"picked":"Footwork"},{"not_picked":["Underhanded Strike","Flying Knee"],"picked":"Distraction"},{"not_picked":["Dagger Throw","Skewer"],"picked":"Terror"}],"player_experience":209320,"potions_floor_usage":[16,24,31,41,45,46],"damage_taken":[{"damage":0,"enemies":"Cultist","floor":1,"turns":4},{"damage":3,"enemies":"Jaw Worm","floor":3,"turns":3},{"damage":22,"enemies":"Gremlin Nob","floor":6,"turns":5},{"damage":16,"enemies":"Lagavulin","floor":12,"turns":6},{"damage":0,"enemies":"2 Louse","floor":13,"turns":2},{"damage":20,"enemies":"Hexaghost","floor":16,"turns":9},{"damage":1,"enemies":"3 Byrds","floor":18,"turns":3},{"damage":10,"enemies":"2 Thieves","floor":22,"turns":3},{"damage":6,"enemies":"Slavers","floor":24,"turns":3},{"damage":0,"enemies":"Book of Stabbing","floor":29,"turns":3},{"damage":5,"enemies":"Snecko","floor":31,"turns":4},{"damage":18,"enemies":"Automaton","floor":33,"turns":10},{"damage":12,"enemies":"3 Shapes","floor":35,"turns":3},{"damage":18,"enemies":"2 Orb Walkers","floor":41,"turns":6},{"damage":23,"enemies":"Nemesis","floor":44,"turns":7},{"damage":1,"enemies":"Mysterious Sphere","floor":45,"turns":3},{"damage":1,"enemies":"Giant Head","floor":46,"turns":7},{"damage":66,"enemies":"Awakened One","floor":50,"turns":9}],"event_choices":[{"event_name":"Living Wall","player_choice":"Grow","floor":4,"damage_taken":0},{"event_name":"Shining Light","player_choice":"Entered Light","floor":5,"damage_taken":0},{"event_name":"World of Goop","player_choice":"Gather Gold","floor":7,"damage_taken":0},{"event_name":"Match and Keep!","player_choice":"2 cards matched","floor":14,"damage_taken":0},{"event_name":"Addict","player_choice":"Obtained Relic","floor":19,"damage_taken":0},{"event_name":"Accursed Blacksmith","player_choice":"Forge","floor":20,"damage_taken":0},{"event_name":"Duplicator","player_choice":"One dupe","floor":21,"damage_taken":0},{"event_name":"The Mausoleum","player_choice":"Yes","floor":28,"damage_taken":0},{"event_name":"Wheel of Change","player_choice":"Damage","floor":37,"damage_taken":0},{"event_name":"Tomb of Lord Red Mask","player_choice":"Paid","floor":39,"damage_taken":0},{"event_name":"The Moai Head","player_choice":"Heal","floor":42,"damage_taken":0},{"event_name":"Mysterious Sphere","player_choice":"Fight","floor":45,"damage_taken":0}],"boss_relics":[{"not_picked":["Velvet Choker","Question Card"],"picked":"Cursed Key"},{"not_picked":["Black Star","Orrery"],"picked":"Calling Bell"}],"potions_floor_spawned":[1,16,29,33,41,44],"seed_played":"-6962896868197228310","killed_by":"Awakened One","ascension_level":6,"is_trial":false}