{"gold_per_floor":[112,112,132,132,35,68,91,131,185,218,59,59,59,74,74,74],"floor_reached":16,"playtime":294,"items_purged":["Defend_R"],"score":250,"play_id":"1ac7ae71-a8b0-47b2-af59-8da93decfc27","local_time":"20181024195732","is_ascension_mode":true,"campfire_choices":[{"data":"Infernal Blade","floor":13,"key":"SMITH"},{"data":"Seeing Red","floor":15,"key":"SMITH"}],"neow_cost":"NONE","seed_source_timestamp":1217066700581685,"circlet_count":0,"master_deck":["Strike_R","Strike_R","Strike_R","Strike_R","Strike_R","Defend_R","Defend_R","Defend_R","Bash","AscendersBane","Infernal Blade+1","Shrug It Off","Dramatic Entrance","Flex","Thunderclap","Armaments","Pommel Strike","Seeing Red+1","Flex"],"relics":["Burning Blood","NeowsBlessing","Golden Idol","Gremlin Horn","PreservedInsect","Gambling Chip","Omamori","Pear"],"potions_floor_usage":[8,10,16,16],"damage_taken":[{"damage":0,"enemies":"Cultist","floor":1,"turns":1},{"damage":0,"enemies":"2 Louse","floor":3,"turns":1},{"damage":0,"enemies":"Gremlin Nob","floor":6,"turns":1},{"damage":0,"enemies":"Jaw Worm","floor":7,"turns":1},{"damage":10,"enemies":"3 Sentries","floor":8,"turns":4},{"damage":16,"enemies":"Gremlin Nob","floor":10,"turns":3},{"damage":0,"enemies":"Gremlin Gang","floor":14,"turns":1},{"damage":78,"enemies":"Hexaghost","floor":16,"turns":9}],"seed_played":"6950138706872766098","potions_obtained":[{"floor":1,"key":"SpeedPotion"},{"floor":7,"key":"FearPotion"},{"floor":8,"key":"Strength Potion"},{"floor":14,"key":"AttackPotion"}],"is_trial":false,"path_per_floor":["M","?","M","?","$","E","M","E","T","E","$","?","R","M","R"],"character_chosen":"IRONCLAD","items_purchased":["Dramatic Entrance","Seeing Red","Fire Potion"],"campfire_rested":0,"item_purchase_floors":[5,11,11],"current_hp_per_floor":[74,68,68,42,42,48,54,50,50,50,50,76,76,78,78,0],"gold":74,"neow_bonus":"THREE_ENEMY_KILL","is_prod":false,"is_daily":false,"chose_seed":false,"campfire_upgraded":2,"win_rate":0,"timestamp":1540436252,"path_taken":["M","?","?","?","$","E","M","E","T","E","$","?","R","M","R","BOSS"],"build_version":"2018-10-18","purchased_purges":1,"victory":false,"max_hp_per_floor":[75,68,68,68,68,68,68,68,68,78,78,78,78,78,78,78],"card_choices":[{"not_picked":["Heavy Blade","Shrug It Off"],"picked":"Infernal Blade","floor":1},{"not_picked":["Cleave","Ghostly Armor"],"picked":"Shrug It Off","floor":3},{"not_picked":["Havoc","Dropkick"],"picked":"Flex","floor":6},{"not_picked":["Twin Strike","Armaments"],"picked":"Thunderclap","floor":7},{"not_picked":["Entrench","Power Through"],"picked":"Armaments","floor":8},{"not_picked":["Corruption","Rage"],"picked":"Pommel Strike","floor":10},{"not_picked":["Power Through","Clothesline"],"picked":"Flex","floor":14}],"player_experience":645277,"relics_obtained":[{"floor":6,"key":"PreservedInsect"},{"floor":8,"key":"Gambling Chip"},{"floor":9,"key":"Omamori"},{"floor":10,"key":"Pear"}],"event_choices":[{"damage_healed":0,"gold_gain":0,"player_choice":"Lose Max HP","damage_taken":0,"relics_obtained":["Golden Idol"],"max_hp_gain":0,"max_hp_loss":7,"event_name":"Golden Idol","floor":2,"gold_loss":0},{"damage_healed":0,"gold_gain":0,"player_choice":"Success","damage_taken":26,"relics_obtained":["Gremlin Horn"],"max_hp_gain":0,"max_hp_loss":0,"event_name":"Scrap Ooze","floor":4,"gold_loss":0},{"damage_healed":26,"gold_gain":0,"player_choice":"Banana","damage_taken":0,"max_hp_gain":0,"max_hp_loss":0,"event_name":"Big Fish","floor":12,"gold_loss":0}],"is_beta":false,"boss_relics":[],"items_purged_floors":[11],"is_endless":false,"potions_floor_spawned":[1,7,8,14],"killed_by":"Hexaghost","ascension_level":15}