{"gold_per_floor":[99,99,99,99,99,99,99,99,99,99,99,99,99,99,99,99,99,99,99,18,18,18,18,18,18],"floor_reached":25,"playtime":2338,"items_purged":[],"score":447,"play_id":"ffc0150a-3621-42cd-84c9-78cda22263a4","local_time":"20190408103351","is_ascension_mode":true,"campfire_choices":[{"data":"Neutralize","floor":6,"key":"SMITH"},{"data":"Dash","floor":10,"key":"SMITH"},{"floor":13,"key":"REST"},{"data":"Crippling Poison","floor":15,"key":"SMITH"},{"floor":23,"key":"REST"}],"neow_cost":"NONE","seed_source_timestamp":356826862712264,"circlet_count":0,"master_deck":["AscendersBane","Defend_G","Defend_G","Defend_G","Defend_G","Defend_G","Strike_G","Strike_G","Strike_G","Strike_G","Strike_G","Survivor","Neutralize+1","PiercingWail","Dash+1","Sucker Punch","Poisoned Stab","Cloak And Dagger","Crippling Poison+1","Poisoned Stab","Malaise+1","Backflip","Well Laid Plans","Noxious Fumes","Skewer"],"relics":["Ectoplasm","Vajra","Snake Skull","Orichalcum","HoveringKite","Potion Belt"],"potions_floor_usage":[7,12,16,21,21],"damage_taken":[{"damage":0,"enemies":"2 Louse","floor":1,"turns":5},{"damage":3,"enemies":"Cultist","floor":2,"turns":5},{"damage":2,"enemies":"Small Slimes","floor":3,"turns":3},{"damage":0,"enemies":"Blue Slaver","floor":5,"turns":4},{"damage":0,"enemies":"Red Slaver","floor":7,"turns":4},{"damage":26,"enemies":"Lagavulin","floor":8,"turns":8},{"damage":18,"enemies":"Gremlin Nob","floor":11,"turns":4},{"damage":6,"enemies":"Gremlin Gang","floor":12,"turns":5},{"damage":4,"enemies":"Exordium Thugs","floor":14,"turns":5},{"damage":3,"enemies":"Hexaghost","floor":16,"turns":8},{"damage":16,"enemies":"Chosen","floor":18,"turns":7},{"damage":14,"enemies":"Shell Parasite","floor":19,"turns":6},{"damage":22,"enemies":"Shelled Parasite and Fungi","floor":21,"turns":7},{"damage":13,"enemies":"Book of Stabbing","floor":24,"turns":6},{"damage":9,"enemies":"Snake Plant","floor":25,"turns":2}],"seed_played":"5857022397309502612","potions_obtained":[{"floor":2,"key":"SpeedPotion"},{"floor":8,"key":"SpeedPotion"},{"floor":11,"key":"GhostInAJar"},{"floor":14,"key":"Strength Potion"},{"floor":16,"key":"Dexterity Potion"},{"floor":21,"key":"SteroidPotion"}],"is_trial":false,"path_per_floor":["M","M","M","?","M","R","M","E","T","R","E","M","R","M","R","B",null,"M","M","$","M","?","R","E","M"],"character_chosen":"THE_SILENT","items_purchased":["Noxious Fumes"],"campfire_rested":2,"item_purchase_floors":[20],"current_hp_per_floor":[59,56,54,54,54,54,54,28,28,28,10,4,23,19,19,16,54,38,24,24,2,2,21,8,0],"gold":18,"neow_bonus":"BOSS_RELIC","is_prod":false,"is_daily":false,"chose_seed":false,"campfire_upgraded":3,"win_rate":0,"timestamp":1554716031,"path_taken":["M","M","M","?","M","R","M","E","T","R","E","M","R","M","R","BOSS","M","M","$","M","?","R","E","M"],"build_version":"2019-01-23","purchased_purges":0,"victory":false,"max_hp_per_floor":[66,66,66,66,66,66,66,66,66,66,66,66,66,66,66,66,66,66,66,66,66,66,66,66,66],"card_choices":[{"not_picked":["Outmaneuver","Prepared"],"picked":"PiercingWail","floor":1},{"not_picked":["Quick Slash","Outmaneuver"],"picked":"Dash","floor":2},{"not_picked":["PiercingWail","Tactician"],"picked":"Sucker Punch","floor":3},{"not_picked":["Quick Slash","Prepared"],"picked":"Poisoned Stab","floor":5},{"not_picked":["Endless Agony","Eviscerate","Escape Plan"],"picked":"SKIP","floor":7},{"not_picked":["Sucker Punch","Dash","A Thousand Cuts"],"picked":"SKIP","floor":8},{"not_picked":["Infinite Blades","Underhanded Strike"],"picked":"Cloak And Dagger","floor":11},{"not_picked":["Deflect","Backflip"],"picked":"Crippling Poison","floor":12},{"not_picked":["Slice","Quick Slash"],"picked":"Poisoned Stab","floor":14},{"not_picked":["Burst","Doppelganger"],"picked":"Malaise","floor":16},{"not_picked":["Underhanded Strike","Blade Dance+1"],"picked":"Backflip","floor":18},{"not_picked":["PiercingWail","Distraction"],"picked":"Well Laid Plans","floor":19},{"not_picked":["Slice","Calculated Gamble","Concentrate"],"picked":"SKIP","floor":21},{"not_picked":["Deadly Poison","Reflex"],"picked":"Skewer","floor":24}],"player_experience":936009,"relics_obtained":[{"floor":8,"key":"Vajra"},{"floor":9,"key":"Snake Skull"},{"floor":11,"key":"Orichalcum"},{"floor":24,"key":"Potion Belt"}],"event_choices":[{"damage_healed":0,"gold_gain":0,"player_choice":"Ignored","damage_taken":0,"max_hp_gain":0,"max_hp_loss":0,"event_name":"Liars Game","floor":4,"gold_loss":0},{"damage_healed":0,"gold_gain":0,"player_choice":"Upgraded","damage_taken":0,"max_hp_gain":0,"max_hp_loss":0,"event_name":"Upgrade Shrine","floor":22,"gold_loss":0,"cards_upgraded":["Malaise"]}],"is_beta":false,"boss_relics":[{"not_picked":["Calling Bell","Lizard Tail"],"picked":"HoveringKite"}],"items_purged_floors":[],"is_endless":false,"potions_floor_spawned":[2,8,11,14,16,21],"killed_by":"Snake Plant","ascension_level":18}