{"gold_per_floor":[109,109,79,91,108,108,142,142,165,178,178,207,207,218,218,296,296,315,39,39,57,57,92,92,111,135,135,135],"floor_reached":28,"playtime":595,"items_purged":["Pain"],"score":518,"play_id":"9cfbfcb2-19f4-448b-ba5e-b028b1d7033a","local_time":"20181019170158","is_ascension_mode":true,"campfire_choices":[{"data":"Wild Strike","floor":6,"key":"SMITH"},{"floor":11,"key":"REST"},{"data":"Fire Breathing","floor":13,"key":"SMITH"},{"data":"Perfected Strike","floor":15,"key":"SMITH"},{"floor":24,"key":"REST"}],"neow_cost":"NONE","seed_source_timestamp":774227018442352,"circlet_count":0,"master_deck":["Strike_R","Strike_R","Strike_R","Strike_R","Strike_R","Defend_R","Defend_R","Defend_R","Defend_R","Bash","AscendersBane","Wild Strike+1","Sword Boomerang","Flame Barrier","Flame Barrier","Perfected Strike+1","Wild Strike","Fire Breathing+1","Perfected Strike","Perfected Strike","Bludgeon","Clumsy","Doubt","Blood for Blood","Inflame","The Bomb","Dark Shackles","Infernal Blade","Shame","Twin Strike","Warcry+1","Decay"],"relics":["Burning Blood","Art of War","PreservedInsect","Dream Catcher","Incense Burner","Calling Bell","Centennial Puzzle","Mummified Hand","Ice Cream","Boot","Unceasing Top","Blood Vial"],"potions_floor_usage":[12,16,18,23],"damage_taken":[{"damage":0,"enemies":"Small Slimes","floor":1,"turns":4},{"damage":2,"enemies":"Jaw Worm","floor":4,"turns":3},{"damage":2,"enemies":"2 Louse","floor":5,"turns":3},{"damage":33,"enemies":"3 Sentries","floor":7,"turns":10},{"damage":0,"enemies":"Large Slime","floor":10,"turns":4},{"damage":8,"enemies":"Gremlin Nob","floor":12,"turns":3},{"damage":4,"enemies":"2 Fungi Beasts","floor":14,"turns":3},{"damage":49,"enemies":"Hexaghost","floor":16,"turns":7},{"damage":4,"enemies":"Spheric Guardian","floor":18,"turns":3},{"damage":33,"enemies":"2 Thieves","floor":21,"turns":3},{"damage":31,"enemies":"Slavers","floor":23,"turns":5},{"damage":22,"enemies":"Shelled Parasite and Fungi","floor":25,"turns":5},{"damage":26,"enemies":"Book of Stabbing","floor":28,"turns":2}],"seed_played":"6996465524915527705","potions_obtained":[{"floor":10,"key":"AttackPotion"},{"floor":14,"key":"LiquidBronze"},{"floor":16,"key":"PowerPotion"},{"floor":18,"key":"Regen Potion"},{"floor":25,"key":"Fire Potion"}],"is_trial":false,"path_per_floor":["M","?","?","M","M","R","E","?","T","M","R","E","R","M","R","B",null,"M","$","?","M","?","E","R","M","T","?"],"character_chosen":"IRONCLAD","items_purchased":["Inflame","The Bomb"],"campfire_rested":2,"item_purchase_floors":[19,19],"current_hp_per_floor":[74,49,49,53,57,57,30,55,55,61,75,73,73,75,75,32,64,66,66,52,25,25,14,36,20,20,20,0],"gold":135,"neow_bonus":"THREE_CARDS","is_prod":false,"is_daily":false,"chose_seed":false,"campfire_upgraded":3,"win_rate":0,"timestamp":1539993718,"path_taken":["M","?","?","M","?","R","E","?","T","M","R","E","R","M","R","BOSS","M","$","?","M","?","E","R","?","T","?","E"],"build_version":"2018-10-18","purchased_purges":1,"victory":false,"max_hp_per_floor":[75,75,75,75,75,75,75,75,75,75,75,75,75,75,75,75,75,75,75,75,75,75,75,75,75,75,75,75],"card_choices":[{"not_picked":["Thunderclap","Fire Breathing"],"picked":"Wild Strike","floor":0},{"not_picked":["Havoc","Clash"],"picked":"Sword Boomerang","floor":1},{"not_picked":["Wild Strike","Warcry"],"picked":"Flame Barrier","floor":4},{"not_picked":["Body Slam","Heavy Blade"],"picked":"Flame Barrier","floor":5},{"not_picked":["Disarm","Limit Break"],"picked":"Perfected Strike","floor":7},{"not_picked":["Body Slam","Armaments"],"picked":"Wild Strike","floor":10},{"not_picked":["Clash","True Grit"],"picked":"Fire Breathing","floor":11},{"not_picked":["Heavy Blade","Cleave"],"picked":"Perfected Strike","floor":12},{"not_picked":["Heavy Blade","True Grit"],"picked":"Perfected Strike","floor":14},{"not_picked":["Berserk","Limit Break"],"picked":"Bludgeon","floor":16},{"not_picked":["Pummel","Thunderclap"],"picked":"Blood for Blood","floor":18},{"not_picked":["Wild Strike","Shrug It Off"],"picked":"Infernal Blade","floor":21},{"not_picked":["True Grit","Anger"],"picked":"Twin Strike","floor":23},{"not_picked":["True Grit","Body Slam"],"picked":"Warcry+1","floor":25}],"player_experience":562213,"relics_obtained":[{"floor":7,"key":"PreservedInsect"},{"floor":9,"key":"Dream Catcher"},{"floor":12,"key":"Incense Burner"},{"floor":17,"key":"Centennial Puzzle"},{"floor":17,"key":"Mummified Hand"},{"floor":17,"key":"Ice Cream"},{"floor":23,"key":"Unceasing Top"},{"floor":26,"key":"Blood Vial"}],"event_choices":[{"damage_healed":0,"gold_gain":0,"player_choice":"Success","damage_taken":25,"relics_obtained":["Art of War"],"max_hp_gain":0,"max_hp_loss":0,"event_name":"Scrap Ooze","floor":2,"gold_loss":0},{"damage_healed":0,"gold_gain":0,"player_choice":"Left Gold","damage_taken":0,"max_hp_gain":0,"max_hp_loss":0,"event_name":"World of Goop","floor":3,"gold_loss":30},{"damage_healed":25,"gold_gain":0,"player_choice":"Banana","damage_taken":0,"max_hp_gain":0,"max_hp_loss":0,"event_name":"Big Fish","floor":8,"gold_loss":0},{"damage_healed":0,"gold_gain":0,"player_choice":"CARD ","damage_taken":14,"max_hp_gain":0,"max_hp_loss":0,"event_name":"Knowing Skull","floor":20,"potions_obtained":[],"gold_loss":0,"cards_obtained":["Dark Shackles"]},{"damage_healed":0,"gold_gain":0,"player_choice":"Stole Relic","damage_taken":0,"relics_obtained":["Boot"],"max_hp_gain":0,"max_hp_loss":0,"event_name":"Addict","floor":22,"gold_loss":0,"cards_obtained":["Shame"]},{"damage_healed":0,"gold_gain":0,"player_choice":"Smashed Altar","damage_taken":0,"max_hp_gain":0,"max_hp_loss":0,"event_name":"Forgotten Altar","floor":27,"gold_loss":0,"cards_obtained":["Decay"]}],"is_beta":false,"boss_relics":[{"not_picked":["Philosopher\u0027s Stone","Eternal Feather"],"picked":"Calling Bell"}],"items_purged_floors":[19],"is_endless":false,"potions_floor_spawned":[10,14,16,18,25],"killed_by":"Book of Stabbing","ascension_level":14}