{"gold_per_floor":[119,85,85,110,131,171,194,194,194,194,235,251,251,265,265,389,389,404,419,419],"floor_reached":20,"playtime":558,"items_purged":[],"score":205,"play_id":"6c138e11-6422-4987-943b-7dc485576a6b","local_time":"20181014135703","is_ascension_mode":true,"campfire_choices":[{"floor":8,"key":"REST"},{"floor":13,"key":"REST"},{"floor":15,"key":"REST"}],"neow_cost":"NONE","seed_source_timestamp":331169542808753,"circlet_count":0,"master_deck":["Strike_B","Strike_B","Strike_B","Strike_B","Defend_B","Defend_B","Defend_B","Defend_B","Zap","Dualcast","Buffer","Doom and Gloom","Defragment","Doom and Gloom","Redo","Redo","Sunder","Auto Shields","Trip","Go for the Eyes","Self Repair","All For One","Multi-Cast","Ball Lightning"],"relics":["Cracked Core","Golden Idol","Matryoshka","Art of War","Bottled Flame","Torii","Busted Crown"],"potions_floor_usage":[11,16,19,20,20],"damage_taken":[{"damage":2,"enemies":"Jaw Worm","floor":1,"turns":3},{"damage":8,"enemies":"2 Louse","floor":4,"turns":2},{"damage":1,"enemies":"Cultist","floor":5,"turns":4},{"damage":28,"enemies":"Gremlin Nob","floor":6,"turns":5},{"damage":10,"enemies":"Lots of Slimes","floor":7,"turns":2},{"damage":18,"enemies":"Lagavulin","floor":11,"turns":4},{"damage":13,"enemies":"Large Slime","floor":12,"turns":4},{"damage":0,"enemies":"Blue Slaver","floor":14,"turns":3},{"damage":16,"enemies":"Hexaghost","floor":16,"turns":9},{"damage":28,"enemies":"Shell Parasite","floor":18,"turns":5},{"damage":33,"enemies":"2 Thieves","floor":19,"turns":3},{"damage":17,"enemies":"Centurion and Healer","floor":20,"turns":4}],"seed_played":"-7214295444540835437","potions_obtained":[{"floor":6,"key":"PowerPotion"},{"floor":7,"key":"LiquidBronze"},{"floor":11,"key":"FocusPotion"},{"floor":12,"key":"Weak Potion"},{"floor":18,"key":"SteroidPotion"},{"floor":19,"key":"Swift Potion"}],"is_trial":false,"path_per_floor":["M","$","?","M","M","E","M","R","T","?","E","M","R","M","R","B",null,"M","M"],"character_chosen":"DEFECT","items_purchased":["Defragment"],"campfire_rested":3,"item_purchase_floors":[2],"current_hp_per_floor":[73,73,69,61,60,32,22,42,42,42,24,11,31,38,58,42,69,48,15,0],"gold":419,"neow_bonus":"ONE_RANDOM_RARE_CARD","is_prod":false,"is_daily":false,"chose_seed":false,"campfire_upgraded":0,"win_rate":0,"timestamp":1539550623,"path_taken":["M","$","?","?","?","E","M","R","T","?","E","M","R","M","R","BOSS","M","?","M"],"build_version":"2018-10-11","purchased_purges":0,"victory":false,"max_hp_per_floor":[75,75,69,69,69,69,69,69,69,69,69,69,69,69,69,69,69,69,69,69],"card_choices":[{"not_picked":["Hologram","Reprogram"],"picked":"Doom and Gloom","floor":1},{"not_picked":["Reprogram","Hologram"],"picked":"Doom and Gloom","floor":4},{"not_picked":["Self Repair","Compile Driver"],"picked":"Redo","floor":5},{"not_picked":["Cold Snap","Heatsinks"],"picked":"Redo","floor":6},{"not_picked":["Turbo","Conserve Battery"],"picked":"Sunder","floor":7},{"not_picked":["Rebound","Steam"],"picked":"Go for the Eyes","floor":11},{"not_picked":["Rip and Tear","BootSequence"],"picked":"Self Repair","floor":12},{"not_picked":["Stack","Hologram"],"picked":"All For One","floor":14},{"not_picked":["Core Surge","Seek"],"picked":"Multi-Cast","floor":16},{"not_picked":[],"picked":"Ball Lightning","floor":18},{"not_picked":["Consume"],"picked":"SKIP","floor":19}],"player_experience":497899,"relics_obtained":[{"floor":6,"key":"Matryoshka"},{"floor":9,"key":"Art of War"},{"floor":9,"key":"Bottled Flame"},{"floor":11,"key":"Torii"}],"event_choices":[{"event_name":"Golden Idol","player_choice":"Lose Max HP","floor":3,"damage_taken":0},{"event_name":"Match and Keep!","player_choice":"2 cards matched","floor":10,"damage_taken":0}],"is_beta":false,"boss_relics":[{"not_picked":["Snecko Eye","Coffee Dripper"],"picked":"Busted Crown"}],"items_purged_floors":[],"is_endless":false,"potions_floor_spawned":[6,7,11,12,18,19],"killed_by":"Centurion and Healer","ascension_level":2}