{"gold_per_floor":[113,113,113,123,4,4,37,37,60,60,60,74,39,69,69,144,144,155,155,171,4,20,51,51,51,51,80,90,121,140,159,159,159],"floor_reached":33,"playtime":983,"items_purged":["Defend_R"],"score":679,"play_id":"66e44e1d-e311-40f1-9a52-4fe73b5a1a0e","local_time":"20181024184658","is_ascension_mode":true,"campfire_choices":[{"data":"Shrug It Off","floor":6,"key":"SMITH"},{"floor":10,"key":"REST"},{"data":"Perfected Strike","floor":15,"key":"SMITH"},{"data":"Offering","floor":25,"key":"SMITH"},{"floor":32,"key":"REST"}],"neow_cost":"NONE","seed_source_timestamp":1212142682459772,"circlet_count":0,"master_deck":["Strike_R","Strike_R","Strike_R","Strike_R","Strike_R","Defend_R","Defend_R","Bash","AscendersBane","Bloodletting","Shrug It Off+1","Thunderclap","Flex","Perfected Strike+1","Battle Trance","Flame Barrier","Impervious","Shrug It Off","Pommel Strike","Iron Wave","Pommel Strike","Offering+1","Offering","True Grit+1","Warcry","Armaments+1","Uppercut"],"relics":["Burning Blood","Boot","The Courier","Happy Flower","Bag of Marbles","Dodecahedron","Omamori","Mark of Pain","Pantograph","PreservedInsect","Bottled Flame","Shovel","Art of War","Gremlin Horn"],"potions_floor_usage":[23,29,33],"damage_taken":[{"damage":7,"enemies":"2 Louse","floor":1,"turns":3},{"damage":14,"enemies":"Jaw Worm","floor":4,"turns":3},{"damage":48,"enemies":"Gremlin Nob","floor":7,"turns":5},{"damage":3,"enemies":"Small Slimes","floor":12,"turns":2},{"damage":13,"enemies":"3 Sentries","floor":14,"turns":5},{"damage":56,"enemies":"The Guardian","floor":16,"turns":8},{"damage":9,"enemies":"3 Byrds","floor":18,"turns":4},{"damage":5,"enemies":"Shell Parasite","floor":20,"turns":4},{"damage":4,"enemies":"Chosen and Byrds","floor":22,"turns":6},{"damage":0,"enemies":"Gremlin Leader","floor":23,"turns":3},{"damage":0,"enemies":"Slavers","floor":27,"turns":5},{"damage":33,"enemies":"Centurion and Healer","floor":28,"turns":5},{"damage":6,"enemies":"Gremlin Leader","floor":29,"turns":3},{"damage":13,"enemies":"Cultist and Chosen","floor":30,"turns":4},{"damage":12,"enemies":"Chosen and Byrds","floor":31,"turns":3},{"damage":116,"enemies":"Automaton","floor":33,"turns":12}],"seed_played":"4821174617871123651","potions_obtained":[{"floor":1,"key":"BloodPotion"},{"floor":7,"key":"Strength Potion"},{"floor":12,"key":"Explosive Potion"},{"floor":28,"key":"Dexterity Potion"},{"floor":30,"key":"SmokeBomb"}],"is_trial":false,"path_per_floor":["M","?","?","M","$","R","E","?","T","R","?","M","?","E","R","B",null,"M","T","M","$","M","E","?","R","T","E","M","E","M","M","R"],"character_chosen":"IRONCLAD","items_purchased":["Thunderclap","Flex","PreservedInsect","Iron Wave"],"campfire_rested":2,"item_purchase_floors":[5,5,21,21],"current_hp_per_floor":[67,60,60,52,52,52,10,35,35,57,46,49,67,60,60,10,59,56,56,57,57,59,65,65,65,65,71,44,44,37,31,53,0],"gold":159,"neow_bonus":"RANDOM_COMMON_RELIC","is_prod":false,"is_daily":false,"chose_seed":false,"campfire_upgraded":3,"win_rate":0,"timestamp":1540432018,"path_taken":["M","?","?","M","$","R","E","?","T","R","?","M","?","E","R","BOSS","M","?","M","$","M","E","?","R","T","E","?","E","M","M","R","BOSS"],"build_version":"2018-10-18","purchased_purges":1,"victory":false,"max_hp_per_floor":[75,75,75,75,75,75,75,75,75,75,75,75,75,75,75,75,75,75,75,75,75,75,75,75,75,75,75,75,75,75,75,75,75],"card_choices":[{"not_picked":["Clash","Evolve"],"picked":"Bloodletting","floor":1},{"not_picked":["Sword Boomerang","Cleave"],"picked":"Shrug It Off","floor":4},{"not_picked":["Second Wind","Berserk"],"picked":"Perfected Strike","floor":7},{"not_picked":["Twin Strike","Thunderclap"],"picked":"Battle Trance","floor":12},{"not_picked":["Seeing Red","Second Wind"],"picked":"Flame Barrier","floor":14},{"not_picked":["Exhume","Berserk"],"picked":"Impervious","floor":16},{"not_picked":["Carnage","Clash"],"picked":"Shrug It Off","floor":18},{"not_picked":["Feel No Pain","Warcry"],"picked":"Pommel Strike","floor":20},{"not_picked":["Clash+1","Searing Blow"],"picked":"Pommel Strike","floor":22},{"not_picked":["Bludgeon","Wild Strike+1"],"picked":"Offering","floor":23},{"not_picked":["Disarm","Metallicize"],"picked":"Offering","floor":27},{"not_picked":["Havoc","Bloodletting"],"picked":"True Grit+1","floor":28},{"not_picked":["Dual Wield","Exhume"],"picked":"Warcry","floor":29},{"not_picked":["Carnage","Clash"],"picked":"Armaments+1","floor":30},{"not_picked":["Flex","Iron Wave"],"picked":"Uppercut","floor":31}],"player_experience":640446,"relics_obtained":[{"floor":7,"key":"Happy Flower"},{"floor":9,"key":"Bag of Marbles"},{"floor":14,"key":"Omamori"},{"floor":19,"key":"Pantograph"},{"floor":23,"key":"Bottled Flame"},{"floor":26,"key":"Shovel"},{"floor":27,"key":"Art of War"},{"floor":29,"key":"Gremlin Horn"}],"event_choices":[{"cards_removed":["Defend_R"],"damage_healed":0,"gold_gain":0,"player_choice":"Card Removal","damage_taken":7,"max_hp_gain":0,"max_hp_loss":0,"event_name":"Golden Wing","floor":2,"gold_loss":0},{"damage_healed":0,"gold_gain":0,"player_choice":"Gave Potion","damage_taken":0,"relics_obtained":["The Courier"],"max_hp_gain":0,"max_hp_loss":0,"event_name":"WeMeetAgain","floor":3,"gold_loss":0},{"damage_healed":25,"gold_gain":0,"player_choice":"Banana","damage_taken":0,"max_hp_gain":0,"max_hp_loss":0,"event_name":"Big Fish","floor":8,"gold_loss":0},{"damage_healed":0,"gold_gain":0,"player_choice":"Success","damage_taken":11,"relics_obtained":["Dodecahedron"],"max_hp_gain":0,"max_hp_loss":0,"event_name":"Scrap Ooze","floor":11,"gold_loss":0},{"damage_healed":18,"gold_gain":0,"player_choice":"Healed","damage_taken":0,"max_hp_gain":0,"max_hp_loss":0,"event_name":"The Cleric","floor":13,"gold_loss":35},{"damage_healed":0,"gold_gain":0,"player_choice":"Ignored","damage_taken":0,"max_hp_gain":0,"max_hp_loss":0,"event_name":"Vampires","floor":24,"gold_loss":0}],"is_beta":false,"boss_relics":[{"not_picked":["Runic Dome","Philosopher\u0027s Stone"],"picked":"Mark of Pain"}],"items_purged_floors":[5],"is_endless":false,"potions_floor_spawned":[1,7,12,18,20,28,30],"killed_by":"Automaton","ascension_level":15}