{"gold_per_floor":[112,124,45,45,45,75,40,40,40,54,54,85,48,73,73,73],"floor_reached":16,"playtime":474,"items_purged":[],"score":197,"play_id":"4df38d1b-528e-4c88-9713-9d1bf611db19","local_time":"20181019172712","is_ascension_mode":true,"campfire_choices":[{"data":"Whirlwind","floor":8,"key":"SMITH"},{"data":"Infernal Blade","floor":11,"key":"SMITH"},{"floor":15,"key":"REST"}],"neow_cost":"CURSE","seed_source_timestamp":775861904479837,"circlet_count":0,"master_deck":["Strike_R","Strike_R","Strike_R","Strike_R","Defend_R","Defend_R","Defend_R","Defend_R","Bash","AscendersBane","Decay","Hemokinesis","Wild Strike","Hemokinesis","Entrench","Armaments","Whirlwind+1","Infernal Blade+1","Shrug It Off","Disarm","Inflame"],"relics":["Burning Blood","Du-Vu Doll","Centennial Puzzle","Pen Nib","Self Forming Clay","Bag of Preparation"],"potions_floor_usage":[6,16,16],"damage_taken":[{"damage":7,"enemies":"Small Slimes","floor":1,"turns":4},{"damage":4,"enemies":"Cultist","floor":2,"turns":3},{"damage":31,"enemies":"3 Sentries","floor":6,"turns":4},{"damage":7,"enemies":"Jaw Worm","floor":10,"turns":2},{"damage":26,"enemies":"Lagavulin","floor":12,"turns":4},{"damage":27,"enemies":"3 Sentries","floor":14,"turns":7},{"damage":33,"enemies":"The Guardian","floor":16,"turns":8}],"seed_played":"413885288254309519","potions_obtained":[{"floor":1,"key":"Dexterity Potion"},{"floor":2,"key":"AttackPotion"},{"floor":10,"key":"Dexterity Potion"},{"floor":14,"key":"SkillPotion"}],"is_trial":false,"path_per_floor":["M","M","$","?","?","E","$","R","T","M","R","E","$","E","R"],"character_chosen":"IRONCLAD","items_purchased":["Hemokinesis","Whirlwind","Disarm"],"campfire_rested":1,"item_purchase_floors":[3,7,13],"current_hp_per_floor":[67,69,69,69,75,50,50,50,50,49,49,29,29,8,30,0],"gold":73,"neow_bonus":"ONE_RARE_RELIC","is_prod":false,"is_daily":false,"chose_seed":false,"campfire_upgraded":2,"win_rate":0,"timestamp":1539995232,"path_taken":["M","M","$","?","?","E","?","R","T","M","R","E","$","E","R","BOSS"],"build_version":"2018-10-18","purchased_purges":0,"victory":false,"max_hp_per_floor":[75,75,75,75,75,75,75,75,75,75,75,75,75,75,75,75],"card_choices":[{"not_picked":["Iron Wave","Clothesline"],"picked":"Hemokinesis","floor":1},{"not_picked":["Havoc","Clash"],"picked":"Wild Strike","floor":2},{"not_picked":["Body Slam","Wild Strike"],"picked":"Armaments","floor":6},{"not_picked":["Searing Blow","Clash"],"picked":"Infernal Blade","floor":10},{"not_picked":["Clash","Dropkick"],"picked":"Shrug It Off","floor":12},{"not_picked":["Feel No Pain","Iron Wave"],"picked":"Inflame","floor":14}],"player_experience":563826,"relics_obtained":[{"floor":6,"key":"Centennial Puzzle"},{"floor":9,"key":"Pen Nib"},{"floor":12,"key":"Self Forming Clay"},{"floor":14,"key":"Bag of Preparation"}],"event_choices":[{"damage_healed":0,"gold_gain":0,"cards_transformed":["Strike_R"],"player_choice":"Transformed","damage_taken":0,"max_hp_gain":0,"max_hp_loss":0,"event_name":"Transmorgrifier","floor":4,"gold_loss":0,"cards_obtained":["Entrench"]},{"damage_healed":6,"gold_gain":0,"player_choice":"Full Heal","damage_taken":0,"max_hp_gain":0,"max_hp_loss":0,"event_name":"Wheel of Change","floor":5,"gold_loss":0}],"is_beta":false,"boss_relics":[],"items_purged_floors":[],"is_endless":false,"potions_floor_spawned":[1,2,10,14],"killed_by":"The Guardian","ascension_level":14}