{"gold_per_floor":[14,14,45,68,93,105,152,164,176,188,200,235,422,470,482,590,602,646,658,585,611,623,635,647],"floor_reached":24,"playtime":2583,"items_purged":[],"score":347,"play_id":"07b56ab0-0994-4313-9802-e0970675a8fd","local_time":"20181020173948","is_ascension_mode":true,"campfire_choices":[{"floor":6.0,"key":"REST"},{"floor":8.0,"key":"REST"},{"data":"Bludgeon","floor":11.0,"key":"SMITH"},{"floor":15.0,"key":"REST"},{"floor":23,"key":"REST"}],"neow_cost":"NO_GOLD","seed_source_timestamp":0,"circlet_count":0,"master_deck":["Bash","AscendersBane","Bludgeon+1","Iron Wave","Clash","Spot Weakness","Flex","Pommel Strike","Infernal Blade","Doubt","Cleave","Bludgeon","Thunderclap","Clash","Sentinel","Inflame","Evolve","Cleave","Combust","Pommel Strike","Second Wind","Searing Blow","RitualDagger","Headbutt","Perfected Strike+1"],"special_seed":0,"relics":["Burning Blood","MawBank","Singing Bowl","Orichalcum","Golden Idol","Bottled Flame","Pandora\u0027s Box","Dream Catcher"],"potions_floor_usage":[24],"damage_taken":[{"damage":15.0,"enemies":"Small Slimes","floor":1.0,"turns":3.0},{"damage":5.0,"enemies":"2 Louse","floor":3.0,"turns":4.0},{"damage":7.0,"enemies":"Jaw Worm","floor":4.0,"turns":2.0},{"damage":11.0,"enemies":"Blue Slaver","floor":5.0,"turns":3.0},{"damage":37.0,"enemies":"Gremlin Nob","floor":7.0,"turns":5.0},{"damage":10.0,"enemies":"3 Louse","floor":12.0,"turns":3.0},{"damage":12.0,"enemies":"3 Sentries","floor":14.0,"turns":4.0},{"damage":63.0,"enemies":"The Guardian","floor":16.0,"turns":8.0},{"damage":12.0,"enemies":"Shell Parasite","floor":18.0,"turns":3.0},{"damage":7,"enemies":"Chosen","floor":21,"turns":3},{"damage":64,"enemies":"Slavers","floor":24,"turns":5}],"seed_played":"892687633927547781","potions_obtained":[{"floor":3.0,"key":"LiquidBronze"},{"floor":7.0,"key":"Fruit Juice"},{"floor":14.0,"key":"PowerPotion"},{"floor":18,"key":"Weak Potion"}],"is_trial":false,"path_per_floor":["M","?","M","M","M","R","E","R","T","?","R","M","?","E","R","B",null,"M","?","?","M","?","R"],"character_chosen":"IRONCLAD","items_purchased":[],"campfire_rested":4,"item_purchase_floors":[],"current_hp_per_floor":[59,41,42,41,36,58,27,49,49,49,49,50,50,44,66,9,58,52,46,46,45,38,60,0],"gold":647,"neow_bonus":"THREE_RARE_CARDS","is_prod":false,"is_daily":false,"chose_seed":false,"campfire_upgraded":1,"win_rate":0,"timestamp":1540082388,"path_taken":["M","?","M","M","M","R","E","R","T","?","R","M","?","E","R","BOSS","M","?","?","M","?","R","E"],"build_version":"2018-10-18","purchased_purges":0,"victory":false,"max_hp_per_floor":[75,75,75,75,75,75,75,75,75,69,69,74,74,74,74,74,74,74,74,74,74,74,74,74],"card_choices":[{"not_picked":["Double Tap","Brutality"],"picked":"Bludgeon","floor":0.0},{"not_picked":["Sword Boomerang","Evolve"],"picked":"Iron Wave","floor":1.0},{"not_picked":["Flex","Iron Wave"],"picked":"Clash","floor":3.0},{"not_picked":["Seeing Red","Heavy Blade"],"picked":"Spot Weakness","floor":4.0},{"not_picked":["Flame Barrier","Sever Soul"],"picked":"Flex","floor":5.0},{"not_picked":["Rage","Flex"],"picked":"Pommel Strike","floor":7.0},{"not_picked":["Pommel Strike","Havoc"],"picked":"Infernal Blade","floor":12.0},{"not_picked":["Wild Strike","Corruption"],"picked":"Cleave","floor":14.0},{"not_picked":["Brutality","Double Tap"],"picked":"Bludgeon","floor":16.0},{"not_picked":["Bloodletting","Thunderclap"],"picked":"Searing Blow","floor":18},{"not_picked":["Body Slam","Havoc"],"picked":"Headbutt","floor":21},{"not_picked":["Rage","True Grit"],"picked":"Perfected Strike+1","floor":23}],"player_experience":579023,"relics_obtained":[{"floor":7.0,"key":"Singing Bowl"},{"floor":9.0,"key":"Orichalcum"},{"floor":14.0,"key":"Bottled Flame"}],"event_choices":[{"damage_healed":0.0,"max_hp_gain":0.0,"max_hp_loss":0.0,"gold_gain":0.0,"event_name":"Scrap Ooze","player_choice":"Success","floor":2.0,"gold_loss":0.0,"damage_taken":18.0,"relics_obtained":["MawBank"]},{"damage_healed":0.0,"max_hp_gain":0.0,"max_hp_loss":6.0,"gold_gain":0.0,"event_name":"Golden Idol","player_choice":"Lose Max HP","floor":10.0,"gold_loss":0.0,"damage_taken":0.0,"relics_obtained":["Golden Idol"]},{"damage_healed":0.0,"max_hp_gain":0.0,"max_hp_loss":0.0,"gold_gain":175.0,"event_name":"Liars Game","player_choice":"AGREE","floor":13.0,"gold_loss":0.0,"damage_taken":0.0,"cards_obtained":["Doubt"]},{"damage_healed":0,"gold_gain":0,"player_choice":"Joined the Cult","damage_taken":6,"max_hp_gain":0,"max_hp_loss":0,"event_name":"Nest","floor":19,"gold_loss":0,"cards_obtained":["RitualDagger"]},{"damage_healed":0,"gold_gain":0,"player_choice":"Obtained Relic","damage_taken":0,"relics_obtained":["Dream Catcher"],"max_hp_gain":0,"max_hp_loss":0,"event_name":"Addict","floor":20,"gold_loss":85},{"damage_healed":0,"gold_gain":0,"player_choice":"Damaged","damage_taken":7,"max_hp_gain":0,"max_hp_loss":0,"event_name":"Wheel of Change","floor":22,"gold_loss":0}],"is_beta":false,"boss_relics":[{"not_picked":["Snecko Eye","Runic Dome"],"picked":"Pandora\u0027s Box"}],"items_purged_floors":[],"is_endless":false,"potions_floor_spawned":[3,7,14,18],"killed_by":"Slavers","ascension_level":14}