{"gold_per_floor":[118,6,6,24,24,53,53,53,79,79,94,113,147,166,166,270,270,290,308,408,507,524,549,549,568,591,292,292,319,319,354,354,452,452,467,519,529,379,396,396,414,414,414,414,426,426,456,471,471,471,471,471,61,93,93],"floor_reached":55,"playtime":3784,"items_purged":["Strike_R","Strike_R","Defend_R"],"score":834,"play_id":"ccce265f-d93d-4176-853f-8ddf7c2f532d","local_time":"20190209034303","is_ascension_mode":true,"campfire_choices":[{"data":"Whirlwind","floor":8,"key":"SMITH"},{"data":"Bash","floor":10,"key":"SMITH"},{"data":"Pommel Strike","floor":15,"key":"SMITH"},{"floor":28,"key":"RECALL"},{"floor":30,"key":"REST"},{"floor":32,"key":"REST"},{"data":"Entrench","floor":40,"key":"SMITH"},{"data":"Limit Break","floor":42,"key":"SMITH"},{"data":"Flex","floor":46,"key":"SMITH"},{"data":"Entrench","floor":49,"key":"SMITH"},{"data":"Shockwave","floor":52,"key":"SMITH"}],"neow_cost":"NONE","seed_source_timestamp":27760505749274,"circlet_count":0,"master_deck":["Strike_R+1","Defend_R","Defend_R+1","Bash+1","Offering+1","Flame Barrier","Whirlwind+1","Double Tap","Pommel Strike+1","Limit Break+1","Evolve+1","Offering","Shockwave+1","Thunderclap+1","Entrench+1","Feed+1","Flame Barrier","Body Slam+1","Heavy Blade+1","Flex+1","Shrug It Off+1","Entrench+1","Disarm","Purity","Body Slam+1"],"relics":["Burning Blood","Frozen Egg 2","Question Card","Sozu","Peace Pipe","Gremlin Horn","Blue Candle","Ornamental Fan","Whetstone","Brimstone","Blood Vial","War Paint","Empty Cage","Turnip","Self Forming Clay","FossilizedHelix","Dead Branch","Dodecahedron"],"potions_floor_usage":[13,14,16],"damage_taken":[{"damage":7,"enemies":"Jaw Worm","floor":1,"turns":2},{"damage":6,"enemies":"Cultist","floor":4,"turns":2},{"damage":30,"enemies":"Lagavulin","floor":6,"turns":5},{"damage":6,"enemies":"Small Slimes","floor":11,"turns":2},{"damage":0,"enemies":"3 Louse","floor":12,"turns":2},{"damage":6,"enemies":"Gremlin Nob","floor":13,"turns":2},{"damage":10,"enemies":"Gremlin Gang","floor":14,"turns":3},{"damage":52,"enemies":"The Guardian","floor":16,"turns":13},{"damage":12,"enemies":"2 Thieves","floor":18,"turns":2},{"damage":20,"enemies":"Shell Parasite","floor":19,"turns":4},{"damage":13,"enemies":"Colosseum Slavers","floor":20,"turns":2},{"damage":12,"enemies":"Colosseum Nobs","floor":20,"turns":2},{"damage":15,"enemies":"Snake Plant","floor":22,"turns":3},{"damage":18,"enemies":"Gremlin Leader","floor":23,"turns":4},{"damage":5,"enemies":"Chosen and Byrds","floor":25,"turns":6},{"damage":25,"enemies":"Slavers","floor":31,"turns":3},{"damage":53,"enemies":"Automaton","floor":33,"turns":6},{"damage":10,"enemies":"3 Darklings","floor":35,"turns":3},{"damage":12,"enemies":"2 Orb Walkers","floor":36,"turns":1},{"damage":10,"enemies":"Orb Walker","floor":37,"turns":4},{"damage":19,"enemies":"4 Shapes","floor":39,"turns":2},{"damage":6,"enemies":"Transient","floor":41,"turns":5},{"damage":6,"enemies":"Jaw Worm Horde","floor":45,"turns":1},{"damage":12,"enemies":"Giant Head","floor":47,"turns":4},{"damage":6,"enemies":"Sphere and 2 Shapes","floor":48,"turns":3},{"damage":24,"enemies":"Donu and Deca","floor":50,"turns":4},{"damage":21,"enemies":"Shield and Spear","floor":54,"turns":5},{"damage":86,"enemies":"The Heart","floor":55,"turns":5}],"seed_played":"5433358719703290570","potions_obtained":[{"floor":11,"key":"Block Potion"},{"floor":12,"key":"Strength Potion"},{"floor":13,"key":"Energy Potion"},{"floor":14,"key":"SmokeBomb"}],"is_trial":false,"path_per_floor":["M","$","?","M","?","E","?","R","T","R","M","M","E","M","R","B",null,"M","M","?","?","M","E","?","M","T","$","R","T","R","E","R","B",null,"M","?","M","$","M","R","M","R","T","?","M","R","E","M","R","B",null,"R","$","E","B"],"character_chosen":"IRONCLAD","items_purchased":["Whirlwind","Brimstone","Flex","Dead Branch","Disarm","Purity"],"campfire_rested":2,"item_purchase_floors":[2,27,38,53,53,53],"current_hp_per_floor":[79,79,79,79,79,55,55,55,55,55,55,61,61,57,57,11,80,74,60,47,47,38,26,26,27,27,27,27,27,51,38,63,18,84,80,76,78,78,67,67,69,69,69,69,71,71,67,69,69,57,92,92,92,81,0],"gold":93,"neow_bonus":"ONE_RANDOM_RARE_CARD","is_prod":false,"is_daily":false,"chose_seed":false,"campfire_upgraded":8,"win_rate":0,"timestamp":1549680183,"path_taken":["M","$","?","?","?","E","?","R","T","R","M","M","E","M","R","BOSS","M","?","?","?","M","E","?","M","T","$","R","?","R","E","R","BOSS","M","?","M","$","M","R","M","R","T","?","M","R","E","M","R","BOSS","R","$","E","BOSS"],"build_version":"2019-01-23","purchased_purges":3,"victory":false,"max_hp_per_floor":[80,80,80,80,80,80,80,80,80,80,80,80,80,80,80,80,80,80,80,80,80,80,80,80,80,80,80,80,80,80,84,84,84,84,84,84,88,88,88,88,88,88,88,88,88,88,88,88,88,92,92,92,92,96,96],"card_choices":[{"not_picked":["Heavy Blade","Sword Boomerang"],"picked":"Flame Barrier","floor":1},{"not_picked":["Armaments","Pummel"],"picked":"Pommel Strike","floor":4},{"not_picked":["Reckless Charge","Sentinel"],"picked":"Limit Break","floor":6},{"not_picked":["Heavy Blade","Pummel","Wild Strike"],"picked":"SKIP","floor":11},{"not_picked":["Pommel Strike","Rage","Blood for Blood"],"picked":"SKIP","floor":12},{"not_picked":["Perfected Strike","Havoc"],"picked":"Evolve+1","floor":13},{"not_picked":["Dual Wield","Wild Strike","Havoc","Pommel Strike"],"picked":"SKIP","floor":14},{"not_picked":["Double Tap","Juggernaut+1","Immolate"],"picked":"Offering","floor":16},{"not_picked":["Clash","Perfected Strike+1","Cleave"],"picked":"Shockwave","floor":18},{"not_picked":["Evolve+1","Clash","Shrug It Off+1"],"picked":"Thunderclap+1","floor":19},{"not_picked":["Clothesline","Cleave","Sentinel"],"picked":"Entrench","floor":22},{"not_picked":["Reckless Charge+1","Bludgeon","Sword Boomerang"],"picked":"Feed","floor":23},{"not_picked":["Clothesline+1","Pommel Strike","Intimidate"],"picked":"Flame Barrier","floor":25},{"not_picked":["Flex+1","Wild Strike","Anger"],"picked":"Body Slam+1","floor":31},{"not_picked":["Anger","Pommel Strike","Sword Boomerang","Havoc"],"picked":"SKIP","floor":35},{"not_picked":["Shrug It Off","Burning Pact+1","Anger"],"picked":"Heavy Blade+1","floor":37},{"not_picked":["Flex+1","Spot Weakness","Feed"],"picked":"Shrug It Off+1","floor":39},{"not_picked":["Sever Soul+1","Pommel Strike","True Grit+1","Metallicize+1"],"picked":"SKIP","floor":41},{"not_picked":["Dropkick","Fire Breathing+1","Intimidate","Uppercut+1"],"picked":"SKIP","floor":45},{"not_picked":["Headbutt+1","Anger","Warcry","Rage+1"],"picked":"SKIP","floor":47},{"not_picked":["Anger","Brutality+1","Cleave","Clothesline"],"picked":"SKIP","floor":48},{"not_picked":["Burning Pact+1","Armaments+1","Sword Boomerang+1"],"picked":"Body Slam+1","floor":54}],"player_experience":804159,"relics_obtained":[{"floor":6,"key":"Frozen Egg 2"},{"floor":13,"key":"Question Card"},{"floor":20,"key":"Peace Pipe"},{"floor":20,"key":"Gremlin Horn"},{"floor":23,"key":"Blue Candle"},{"floor":26,"key":"Whetstone"},{"floor":29,"key":"Blood Vial"},{"floor":31,"key":"War Paint"},{"floor":36,"key":"Turnip"},{"floor":43,"key":"Self Forming Clay"},{"floor":47,"key":"FossilizedHelix"},{"floor":54,"key":"Dodecahedron"}],"event_choices":[{"damage_healed":0,"gold_gain":0,"player_choice":"1 cards matched","damage_taken":0,"max_hp_gain":0,"max_hp_loss":0,"event_name":"Match and Keep!","floor":3,"gold_loss":0,"cards_obtained":["Double Tap"]},{"damage_healed":0,"gold_gain":0,"player_choice":"Leave","damage_taken":0,"max_hp_gain":0,"max_hp_loss":0,"event_name":"The Cleric","floor":5,"gold_loss":0},{"damage_healed":0,"gold_gain":0,"player_choice":"Ignored","damage_taken":0,"max_hp_gain":0,"max_hp_loss":0,"event_name":"NoteForYourself","floor":7,"gold_loss":0},{"damage_healed":0,"gold_gain":0,"player_choice":"Fight","damage_taken":0,"max_hp_gain":0,"max_hp_loss":0,"event_name":"Colosseum","floor":20,"gold_loss":0},{"damage_healed":0,"gold_gain":0,"player_choice":"Fought Nobs","damage_taken":0,"max_hp_gain":0,"max_hp_loss":0,"event_name":"Colosseum","floor":20,"gold_loss":0},{"damage_healed":0,"gold_gain":99,"player_choice":"Stole From Cult","damage_taken":0,"max_hp_gain":0,"max_hp_loss":0,"event_name":"Nest","floor":21,"gold_loss":0},{"damage_healed":0,"gold_gain":0,"player_choice":"Opened","damage_taken":0,"relics_obtained":["Ornamental Fan"],"max_hp_gain":0,"max_hp_loss":0,"event_name":"The Mausoleum","floor":24,"gold_loss":0},{"damage_healed":0,"gold_gain":0,"player_choice":"Fight","damage_taken":0,"max_hp_gain":0,"max_hp_loss":0,"event_name":"Mysterious Sphere","floor":36,"gold_loss":0},{"damage_healed":0,"gold_gain":0,"cards_transformed":["Defend_R"],"player_choice":"Transformed","damage_taken":0,"max_hp_gain":0,"max_hp_loss":0,"event_name":"Transmorgrifier","floor":44,"gold_loss":0,"cards_obtained":["Entrench"]}],"is_beta":false,"boss_relics":[{"not_picked":["Ectoplasm","Runic Cube"],"picked":"Sozu"},{"not_picked":["Orrery","Fusion Hammer"],"picked":"Empty Cage"}],"items_purged_floors":[2,27,38],"is_endless":false,"potions_floor_spawned":[11,12,13,14,19,20,31,33,36,41,47,54],"killed_by":"The Heart","ascension_level":1}