{"gold_per_floor":[118,134,59,234,252,286,286,316,616,228,248,263,61,92,92,92],"floor_reached":16,"playtime":949,"items_purged":["Strike_R","Doubt","Strike_R"],"score":126,"play_id":"fee2d625-3a43-4eaa-86fd-f0eb4b28636b","local_time":"20190907180025","is_ascension_mode":true,"campfire_choices":[{"floor":7,"key":"REST"},{"floor":15,"key":"REST"}],"neow_cost":"NONE","seed_source_timestamp":278551617935,"circlet_count":0,"master_deck":["Strike_R","Strike_R","Strike_R","Defend_R","Defend_R","Defend_R","Defend_R","Bash","Cleave","Hemokinesis","Pommel Strike","Spot Weakness","Fiend Fire","Double Tap","Shrug It Off","Uppercut","Body Slam"],"relics":["Burning Blood","Pen Nib","Calipers","StoneCalendar","Old Coin","Regal Pillow","Bottled Lightning"],"potions_floor_usage":[6,11,12],"damage_taken":[{"damage":0,"enemies":"Small Slimes","floor":1,"turns":3},{"damage":6,"enemies":"Jaw Worm","floor":2,"turns":2},{"damage":3,"enemies":"Cultist","floor":5,"turns":2},{"damage":60,"enemies":"Lagavulin","floor":6,"turns":7},{"damage":31,"enemies":"Gremlin Nob","floor":8,"turns":4},{"damage":0,"enemies":"Exordium Thugs","floor":11,"turns":3},{"damage":3,"enemies":"Blue Slaver","floor":12,"turns":2},{"damage":31,"enemies":"Lagavulin","floor":14,"turns":4},{"damage":49,"enemies":"The Guardian","floor":16,"turns":7}],"seed_played":"-907830943761243379","potions_obtained":[{"floor":5,"key":"Block Potion"},{"floor":6,"key":"SkillPotion"},{"floor":8,"key":"Poison Potion"}],"is_trial":false,"path_per_floor":["M","M","$","?","M","E","R","E","T","$","M","M","$","E","R","B"],"character_chosen":"IRONCLAD","items_purchased":["Regal Pillow","Fiend Fire","Uppercut"],"campfire_rested":2,"item_purchase_floors":[10,10,13],"current_hp_per_floor":[80,80,80,80,80,26,50,25,25,25,31,34,34,9,48,0],"gold":92,"neow_bonus":"RANDOM_COMMON_RELIC","is_prod":false,"is_daily":false,"chose_seed":false,"campfire_upgraded":0,"win_rate":0,"timestamp":1567872025,"path_taken":["M","M","$","?","M","E","R","E","T","$","M","M","$","E","R","BOSS"],"build_version":"2019-07-17","purchased_purges":3,"victory":false,"max_hp_per_floor":[80,80,80,80,80,80,80,80,80,80,80,80,80,80,80,80],"card_choices":[{"not_picked":["Warcry","Sever Soul"],"picked":"Cleave","floor":1},{"not_picked":["Rage","Rupture"],"picked":"Hemokinesis","floor":2},{"not_picked":["Sword Boomerang","Anger"],"picked":"Pommel Strike","floor":5},{"not_picked":["Warcry","Flex","Cleave"],"picked":"SKIP","floor":6},{"not_picked":["Anger","Twin Strike"],"picked":"Spot Weakness","floor":8},{"not_picked":["Carnage","Hemokinesis"],"picked":"Double Tap","floor":11},{"not_picked":["Warcry","Rupture"],"picked":"Shrug It Off","floor":12},{"not_picked":["Blood for Blood","Hemokinesis"],"picked":"Body Slam","floor":14}],"player_experience":838879,"relics_obtained":[{"floor":6,"key":"Calipers"},{"floor":8,"key":"StoneCalendar"},{"floor":9,"key":"Old Coin"},{"floor":14,"key":"Bottled Lightning"}],"event_choices":[{"damage_healed":0,"gold_gain":175,"player_choice":"AGREE","damage_taken":0,"max_hp_gain":0,"max_hp_loss":0,"event_name":"Liars Game","floor":4,"gold_loss":0,"cards_obtained":["Doubt"]}],"is_beta":false,"boss_relics":[],"items_purged_floors":[3,10,13],"is_endless":false,"potions_floor_spawned":[5,6,8],"killed_by":"The Guardian","ascension_level":1}