{"gold_per_floor":[109,120,137,151,168,196,207,238,238,238,252,252,263,289,289,384,384],"floor_reached":17,"playtime":1381,"items_purged":[],"score":256,"play_id":"51846f82-f08e-4e3c-8f37-19dbcd530014","local_time":"20190808113741","is_ascension_mode":false,"campfire_choices":[{"data":"True Grit","floor":12,"key":"SMITH"},{"data":"Entrench","floor":15,"key":"SMITH"}],"neow_cost":"NONE","seed_source_timestamp":3538033628400,"circlet_count":0,"master_deck":["Strike_R","Strike_R","Defend_R+1","Defend_R","Defend_R+1","Defend_R","Bash","Impervious","Thunderclap","Body Slam","Pummel","Demon Form","Iron Wave","True Grit+1","Hemokinesis","Entrench+1","Reaper","Clothesline+1","Double Tap+1","Clothesline+1"],"relics":["Burning Blood","Bottled Flame","War Paint","Blood Vial","Ancient Tea Set","Red Skull","Astrolabe"],"potions_floor_usage":[8,16,16],"damage_taken":[{"damage":1,"enemies":"Jaw Worm","floor":1,"turns":5},{"damage":5,"enemies":"Cultist","floor":2,"turns":4},{"damage":1,"enemies":"2 Louse","floor":3,"turns":3},{"damage":0,"enemies":"Looter","floor":4,"turns":2},{"damage":27,"enemies":"Exordium Thugs","floor":5,"turns":5},{"damage":20,"enemies":"Gremlin Nob","floor":6,"turns":5},{"damage":0,"enemies":"Large Slime","floor":7,"turns":5},{"damage":18,"enemies":"Lagavulin","floor":8,"turns":5},{"damage":0,"enemies":"Looter","floor":11,"turns":3},{"damage":0,"enemies":"Exordium Wildlife","floor":13,"turns":4},{"damage":42,"enemies":"Gremlin Nob","floor":14,"turns":5},{"damage":0,"enemies":"The Guardian","floor":16,"turns":26}],"seed_played":"-7960537544384015787","potions_obtained":[{"floor":2,"key":"GamblersBrew"},{"floor":4,"key":"PowerPotion"},{"floor":6,"key":"FearPotion"},{"floor":14,"key":"PowerPotion"}],"is_trial":false,"path_per_floor":["M","M","M","M","M","E","M","E","T","?","M","R","M","E","R","B",null],"character_chosen":"IRONCLAD","items_purchased":[],"campfire_rested":0,"item_purchase_floors":[],"current_hp_per_floor":[80,80,80,80,59,45,51,39,39,39,47,47,55,21,21,29,80],"gold":384,"neow_bonus":"ONE_RANDOM_RARE_CARD","is_prod":false,"is_daily":false,"chose_seed":false,"campfire_upgraded":2,"win_rate":0,"timestamp":1565278661,"path_taken":["M","M","M","M","M","E","M","E","T","?","?","R","M","E","R","BOSS"],"build_version":"2019-07-17","purchased_purges":0,"victory":false,"max_hp_per_floor":[80,80,80,80,80,80,80,80,80,80,80,80,80,80,80,80,80],"card_choices":[{"not_picked":["Iron Wave","Havoc"],"picked":"Thunderclap","floor":1},{"not_picked":["Twin Strike","Clothesline"],"picked":"Body Slam","floor":2},{"not_picked":["Ghostly Armor","Heavy Blade"],"picked":"Pummel","floor":3},{"not_picked":["Rampage","Infernal Blade","Flex"],"picked":"SKIP","floor":4},{"not_picked":["Dropkick","True Grit","Warcry"],"picked":"SKIP","floor":5},{"not_picked":["Blood for Blood","Bloodletting"],"picked":"Demon Form","floor":6},{"not_picked":["Anger","Sword Boomerang","Twin Strike"],"picked":"SKIP","floor":7},{"not_picked":["Sentinel","Evolve"],"picked":"Iron Wave","floor":8},{"not_picked":["Bloodletting","Sword Boomerang"],"picked":"True Grit","floor":11},{"not_picked":["Wild Strike","Seeing Red"],"picked":"Hemokinesis","floor":13},{"not_picked":["Rupture","Sentinel"],"picked":"Entrench","floor":14},{"not_picked":["Bludgeon","Offering"],"picked":"Reaper","floor":16}],"player_experience":2645548,"relics_obtained":[{"floor":6,"key":"Bottled Flame"},{"floor":8,"key":"War Paint"},{"floor":9,"key":"Blood Vial"},{"floor":14,"key":"Red Skull"}],"event_choices":[{"damage_healed":0,"gold_gain":0,"player_choice":"Gave Potion","damage_taken":0,"relics_obtained":["Ancient Tea Set"],"max_hp_gain":0,"max_hp_loss":0,"event_name":"WeMeetAgain","floor":10,"gold_loss":0}],"is_beta":false,"boss_relics":[{"not_picked":["Calling Bell","Lizard Tail"],"picked":"Astrolabe"}],"items_purged_floors":[],"is_endless":false,"potions_floor_spawned":[2,4,6,14],"ascension_level":0}