{"gold_per_floor":[110,185,201,126,126,126,138,138,163,182,182,207,219,241,253,265],"floor_reached":16,"playtime":987,"items_purged":["Strike_B"],"score":92,"play_id":"2a787b0f-7cc8-4ba4-be0b-4559e8d67813","local_time":"20190120163228","is_ascension_mode":false,"campfire_choices":[{"data":"Zap","floor":6,"key":"SMITH"},{"data":"Dualcast","floor":8,"key":"SMITH"},{"floor":15,"key":"REST"}],"neow_cost":"PERCENT_DAMAGE","seed_source_timestamp":10466614194186,"circlet_count":0,"master_deck":["Strike_B","Strike_B","Strike_B","Defend_B","Defend_B","Defend_B","Defend_B","Zap+1","Dualcast+1","Electrodynamics","Reprogram","Streamline","Chaos","Regret","Rainbow"],"relics":["Cracked Core","Pen Nib","MawBank"],"potions_floor_usage":[7],"damage_taken":[{"damage":0,"enemies":"2 Louse","floor":1,"turns":3},{"damage":0,"enemies":"Small Slimes","floor":3,"turns":2},{"damage":0,"enemies":"Cultist","floor":7,"turns":2},{"damage":13,"enemies":"Large Slime","floor":10,"turns":4},{"damage":10,"enemies":"Looter","floor":12,"turns":3},{"damage":2,"enemies":"3 Louse","floor":14,"turns":2},{"damage":40,"enemies":"The Guardian","floor":16,"turns":8}],"seed_played":"1295536152221116784","potions_obtained":[{"floor":1,"key":"Swift Potion"},{"floor":14,"key":"Energy Potion"}],"is_trial":false,"path_per_floor":["M","?","M","$","?","R","M","R","T","M","?","M","?","M","R","B"],"character_chosen":"DEFECT","items_purchased":[],"campfire_rested":1,"item_purchase_floors":[],"current_hp_per_floor":[54,43,43,43,43,43,43,43,43,30,30,20,20,18,40,0],"gold":265,"neow_bonus":"THREE_RARE_CARDS","is_prod":false,"is_daily":false,"chose_seed":false,"campfire_upgraded":2,"win_rate":0,"timestamp":1547998348,"path_taken":["M","?","M","$","?","R","?","R","T","M","?","M","?","M","R","BOSS"],"build_version":"2019-01-17v2","purchased_purges":1,"victory":false,"max_hp_per_floor":[75,75,75,75,75,75,75,75,75,75,75,75,75,75,75,75],"card_choices":[{"not_picked":["Amplify","All For One"],"picked":"Electrodynamics","floor":0},{"not_picked":["Conserve Battery","Auto Shields"],"picked":"Reprogram","floor":1},{"not_picked":["Coolheaded","Rebound"],"picked":"Streamline","floor":3},{"not_picked":["Conserve Battery","Leap","Rebound"],"picked":"SKIP","floor":7},{"not_picked":["Glacier","Beam Cell"],"picked":"Chaos","floor":10},{"not_picked":["Skim","Cold Snap"],"picked":"Rainbow","floor":12},{"not_picked":["Coolheaded","Aggregate","Streamline"],"picked":"SKIP","floor":14}],"player_experience":563954,"relics_obtained":[{"floor":9,"key":"Pen Nib"}],"event_choices":[{"damage_healed":0,"gold_gain":75,"player_choice":"Gather Gold","damage_taken":11,"max_hp_gain":0,"max_hp_loss":0,"event_name":"World of Goop","floor":2,"gold_loss":0},{"damage_healed":0,"gold_gain":0,"player_choice":"0 cards matched","damage_taken":0,"max_hp_gain":0,"max_hp_loss":0,"event_name":"Match and Keep!","floor":5,"gold_loss":0,"cards_obtained":[]},{"damage_healed":0,"gold_gain":0,"player_choice":"Box","damage_taken":0,"relics_obtained":["MawBank"],"max_hp_gain":0,"max_hp_loss":0,"event_name":"Big Fish","floor":11,"gold_loss":0,"cards_obtained":["Regret"]},{"damage_healed":0,"gold_gain":0,"player_choice":"Ignored","damage_taken":0,"max_hp_gain":0,"max_hp_loss":0,"event_name":"Shining Light","floor":13,"gold_loss":0}],"is_beta":false,"boss_relics":[],"items_purged_floors":[4],"is_endless":false,"potions_floor_spawned":[1,14],"killed_by":"The Guardian","ascension_level":0}