{"gold_per_floor":[118,138,63,81,91,91,10,10,10,10,26,53,53,82,82,82],"floor_reached":16,"playtime":1019,"items_purged":["Strike_R"],"score":100,"play_id":"2ee66599-c431-4899-a130-2676d7c712b1","local_time":"20190907043353","is_ascension_mode":false,"campfire_choices":[{"data":"Body Slam","floor":6,"key":"SMITH"},{"data":"Bash","floor":10,"key":"SMITH"},{"data":"Spot Weakness","floor":13,"key":"SMITH"},{"data":"Rampage","floor":15,"key":"SMITH"}],"neow_cost":"TEN_PERCENT_HP_LOSS","seed_source_timestamp":15038390894113,"circlet_count":0,"master_deck":["Strike_R","Strike_R","Strike_R","Strike_R","Defend_R","Defend_R","Defend_R","Defend_R","Bash+1","Clothesline","Thunderclap","Body Slam+1","Rampage+1","Seeing Red","Dark Embrace","Spot Weakness+1","Twin Strike+1"],"relics":["Burning Blood","WingedGreaves","Odd Mushroom","Molten Egg 2"],"potions_floor_usage":[12],"damage_taken":[{"damage":9,"enemies":"Small Slimes","floor":1,"turns":5},{"damage":1,"enemies":"Cultist","floor":2,"turns":4},{"damage":7,"enemies":"2 Louse","floor":4,"turns":3},{"damage":8,"enemies":"Lots of Slimes","floor":5,"turns":3},{"damage":16,"enemies":"2 Fungi Beasts","floor":11,"turns":3},{"damage":13,"enemies":"The Mushroom Lair","floor":12,"turns":3},{"damage":26,"enemies":"Lagavulin","floor":14,"turns":4},{"damage":34,"enemies":"The Guardian","floor":16,"turns":5}],"seed_played":"298976026134474631","potions_obtained":[{"floor":2,"key":"Fire Potion"}],"is_trial":false,"path_per_floor":["M","M","$","M","M","R","$","?","T","R","M","?","R","E","R","B"],"character_chosen":"IRONCLAD","items_purchased":["Rampage"],"campfire_rested":0,"item_purchase_floors":[7],"current_hp_per_floor":[69,72,72,71,69,69,69,69,69,69,59,52,52,32,32,0],"gold":82,"neow_bonus":"ONE_RARE_RELIC","is_prod":false,"is_daily":false,"chose_seed":false,"campfire_upgraded":4,"win_rate":0,"timestamp":1567823633,"path_taken":["M","M","$","M","M","R","$","?","T","R","?","?","R","E","R","BOSS"],"build_version":"2019-07-17","purchased_purges":1,"victory":false,"max_hp_per_floor":[72,72,72,72,72,72,72,72,72,72,72,72,72,72,72,72],"card_choices":[{"not_picked":["Sword Boomerang","Shockwave"],"picked":"Clothesline","floor":1},{"not_picked":["Sever Soul","Armaments"],"picked":"Thunderclap","floor":2},{"not_picked":["Havoc","Thunderclap","Clothesline"],"picked":"SKIP","floor":4},{"not_picked":["True Grit","Clash"],"picked":"Body Slam","floor":5},{"not_picked":["Clothesline","Armaments"],"picked":"Dark Embrace","floor":11},{"not_picked":["Rupture","Armaments"],"picked":"Spot Weakness","floor":12},{"not_picked":["Anger","Blood for Blood"],"picked":"Twin Strike","floor":14}],"player_experience":827294,"relics_obtained":[{"floor":12,"key":"Odd Mushroom"},{"floor":14,"key":"Molten Egg 2"}],"event_choices":[{"damage_healed":0,"gold_gain":0,"player_choice":"1 cards matched","damage_taken":0,"max_hp_gain":0,"max_hp_loss":0,"event_name":"Match and Keep!","floor":8,"gold_loss":0,"cards_obtained":["Seeing Red"]},{"damage_healed":0,"gold_gain":0,"player_choice":"Fought Mushrooms","damage_taken":0,"max_hp_gain":0,"max_hp_loss":0,"event_name":"Mushrooms","floor":12,"gold_loss":0}],"is_beta":false,"boss_relics":[],"items_purged_floors":[3],"is_endless":false,"potions_floor_spawned":[2],"killed_by":"The Guardian","ascension_level":0}