{"gold_per_floor":[12,27,39,59,79,79,79,99,99,113,113,145,145,155,155,255,255,265,265,285,74,74],"floor_reached":22,"playtime":1112,"items_purged":["Strike_B"],"score":219,"play_id":"80dcb19e-b3ba-48a0-8ed0-dc671a8d4f1b","local_time":"20190721171210","is_ascension_mode":true,"campfire_choices":[{"data":"Zap","floor":6,"key":"SMITH"},{"floor":11,"key":"REST"},{"floor":13,"key":"REST"},{"floor":15,"key":"REST"}],"neow_cost":"NO_GOLD","seed_source_timestamp":947822582181864,"circlet_count":0,"master_deck":["Strike_B","Defend_B","Defend_B","Defend_B","Defend_B","Zap+1","Dualcast","Storm","Rebound","Thunder Strike","Conserve Battery","Melter","BootSequence","Ball Lightning","Machine Learning+1","Auto Shields","Ball Lightning+1","Defragment","FTL"],"relics":["Cracked Core","Bottled Lightning","Nuclear Battery"],"potions_floor_usage":[16,16],"damage_taken":[{"damage":0,"enemies":"Cultist","floor":1,"turns":4},{"damage":5,"enemies":"Small Slimes","floor":2,"turns":3},{"damage":0,"enemies":"2 Louse","floor":3,"turns":3},{"damage":7,"enemies":"Exordium Wildlife","floor":4,"turns":3},{"damage":8,"enemies":"Blue Slaver","floor":5,"turns":3},{"damage":6,"enemies":"Looter","floor":8,"turns":3},{"damage":7,"enemies":"3 Louse","floor":10,"turns":4},{"damage":41,"enemies":"3 Sentries","floor":12,"turns":9},{"damage":9,"enemies":"Large Slime","floor":14,"turns":6},{"damage":26,"enemies":"Hexaghost","floor":16,"turns":8},{"damage":4,"enemies":"Spheric Guardian","floor":18,"turns":3},{"damage":41,"enemies":"3 Byrds","floor":20,"turns":6},{"damage":41,"enemies":"Snecko","floor":22,"turns":5}],"seed_played":"-3839720973297021374","potions_obtained":[{"floor":1,"key":"Energy Potion"},{"floor":5,"key":"PowerPotion"},{"floor":8,"key":"Dexterity Potion"},{"floor":16,"key":"Poison Potion"},{"floor":20,"key":"SteroidPotion"}],"is_trial":false,"path_per_floor":["M","M","M","M","M","R","?","M","T","M","R","E","R","M","R","B",null,"M","?","M","$","M"],"character_chosen":"DEFECT","items_purchased":["Defragment","FTL"],"campfire_rested":3,"item_purchase_floors":[21,21],"current_hp_per_floor":[75,70,70,63,55,55,55,49,49,42,64,23,45,36,58,32,75,71,71,30,30,0],"gold":74,"neow_bonus":"REMOVE_TWO","is_prod":false,"is_daily":false,"chose_seed":false,"campfire_upgraded":1,"win_rate":0,"timestamp":1563754330,"path_taken":["M","M","M","M","?","R","?","M","T","M","R","E","R","?","R","BOSS","M","?","M","$","M"],"build_version":"2019-07-17","purchased_purges":1,"victory":false,"max_hp_per_floor":[75,75,75,75,75,75,75,75,75,75,75,75,75,75,75,75,75,75,75,75,75,75],"card_choices":[{"not_picked":["Fusion","Turbo"],"picked":"Storm","floor":1},{"not_picked":["Force Field","Streamline"],"picked":"Rebound","floor":2},{"not_picked":["Barrage","Reprogram","Rebound"],"picked":"SKIP","floor":3},{"not_picked":["Go for the Eyes","Compile Driver"],"picked":"Thunder Strike","floor":4},{"not_picked":["Rebound","Coolheaded"],"picked":"Conserve Battery","floor":5},{"not_picked":["Steam","Melter","Compile Driver"],"picked":"SKIP","floor":8},{"not_picked":["Streamline","Turbo","Beam Cell"],"picked":"SKIP","floor":10},{"not_picked":["Hologram","Steam"],"picked":"BootSequence","floor":12},{"not_picked":["Rip and Tear","Genetic Algorithm"],"picked":"Ball Lightning","floor":14},{"not_picked":["Core Surge","Hyperbeam"],"picked":"Machine Learning","floor":16},{"not_picked":["Barrage","Rebound"],"picked":"Auto Shields","floor":18},{"not_picked":["Streamline","Stack"],"picked":"Ball Lightning+1","floor":20}],"player_experience":178046,"relics_obtained":[{"floor":12,"key":"Bottled Lightning"}],"event_choices":[{"damage_healed":0,"gold_gain":0,"player_choice":"1 cards matched","damage_taken":0,"max_hp_gain":0,"max_hp_loss":0,"event_name":"Match and Keep!","floor":7,"gold_loss":0,"cards_obtained":["Melter"]},{"damage_healed":0,"gold_gain":0,"player_choice":"Upgraded","damage_taken":0,"max_hp_gain":0,"max_hp_loss":0,"event_name":"Upgrade Shrine","floor":19,"gold_loss":0,"cards_upgraded":["Machine Learning"]}],"is_beta":false,"boss_relics":[{"not_picked":["Eternal Feather","Fusion Hammer"],"picked":"Nuclear Battery"}],"items_purged_floors":[21],"is_endless":false,"potions_floor_spawned":[1,5,8,16,20],"killed_by":"Snecko","ascension_level":3}