{"gold_per_floor":[116,116,116,116,266,300,315,341,341,367,367,387,414,431,431,510,510,495,511,236,236,86,86,103,28,51,51,80,80,90,90,90,90],"floor_reached":33,"playtime":1751,"items_purged":["Doubt","Strike_R"],"score":553,"play_id":"cc9cd619-9501-4b3f-90bc-66c83671140d","local_time":"20190728195625","is_ascension_mode":true,"campfire_choices":[{"floor":11.0,"key":"REST"},{"data":"True Grit","floor":15.0,"key":"SMITH"},{"floor":23.0,"key":"REST"},{"floor":27.0,"key":"REST"},{"data":"Demon Form","floor":32.0,"key":"SMITH"}],"neow_cost":"NONE","seed_source_timestamp":0,"circlet_count":0,"master_deck":["AscendersBane","Strike_R+1","Strike_R","Strike_R","Defend_R","Defend_R","Defend_R","Defend_R","Bash+1","Inflame","True Grit+1","Iron Wave","Shrug It Off","Flex","Limit Break","Demon Form+1","Headbutt","Impervious","Heavy Blade+1","Armaments","Pommel Strike","RitualDagger"],"special_seed":0,"relics":["Burning Blood","NeowsBlessing","Calipers","Vajra","Meat on the Bone","Incense Burner","Orichalcum","Singing Bowl","Sozu","Whetstone","Bird Faced Urn"],"potions_floor_usage":[],"damage_taken":[{"damage":0.0,"enemies":"2 Louse","floor":1.0,"turns":1.0},{"damage":0.0,"enemies":"3 Sentries","floor":6.0,"turns":2.0},{"damage":0.0,"enemies":"Small Slimes","floor":7.0,"turns":2.0},{"damage":35.0,"enemies":"Lagavulin","floor":8.0,"turns":5.0},{"damage":45.0,"enemies":"Gremlin Nob","floor":10.0,"turns":5.0},{"damage":1.0,"enemies":"Jaw Worm","floor":12.0,"turns":4.0},{"damage":29.0,"enemies":"3 Sentries","floor":13.0,"turns":12.0},{"damage":0.0,"enemies":"2 Fungi Beasts","floor":14.0,"turns":3.0},{"damage":28.0,"enemies":"Hexaghost","floor":16.0,"turns":8.0},{"damage":17.0,"enemies":"2 Thieves","floor":18.0,"turns":4.0},{"damage":16.0,"enemies":"Spheric Guardian","floor":19.0,"turns":5.0},{"damage":18.0,"enemies":"Snake Plant","floor":24.0,"turns":3.0},{"damage":36.0,"enemies":"Slavers","floor":28.0,"turns":7.0},{"damage":19.0,"enemies":"Sentry and Sphere","floor":30.0,"turns":5.0},{"damage":66,"enemies":"Automaton","floor":33,"turns":8}],"seed_played":"-509678394627193519","potions_obtained":[{"floor":1.0,"key":"Explosive Potion"},{"floor":10.0,"key":"GamblersBrew"},{"floor":13.0,"key":"AttackPotion"},{"floor":14.0,"key":"GamblersBrew"}],"is_trial":false,"path_per_floor":["M","?","?","?","?","E","M","E","T","E","R","M","E","M","R","B",null,"M","M","$","?","$","R","M","?","T","R","E","?","M","$","R","B"],"character_chosen":"IRONCLAD","items_purchased":["Whetstone","Armaments","Pommel Strike"],"campfire_rested":3,"item_purchase_floors":[20,20,22],"current_hp_per_floor":[74,74,74,67,67,73,75,46,46,19,41,46,35,53,53,43,67,58,48,48,26,26,50,52,52,52,77,61,55,60,60,60,0],"gold":90,"neow_bonus":"THREE_ENEMY_KILL","is_prod":false,"is_daily":false,"chose_seed":false,"campfire_upgraded":2,"win_rate":0,"timestamp":1564368985,"path_taken":["M","?","?","?","?","E","?","E","T","E","R","M","E","M","R","BOSS","M","M","$","?","$","R","M","?","T","R","E","?","?","?","R","BOSS"],"build_version":"2019-07-17","purchased_purges":2,"victory":false,"max_hp_per_floor":[75,75,75,75,75,75,75,75,75,75,75,75,75,75,75,75,75,77,77,77,82,82,82,84,84,84,84,86,86,88,88,88,88],"card_choices":[{"not_picked":["Shockwave","Heavy Blade"],"picked":"Inflame","floor":1.0},{"not_picked":["Exhume","Reckless Charge"],"picked":"True Grit","floor":6.0},{"not_picked":["Body Slam","Thunderclap"],"picked":"Iron Wave","floor":7.0},{"not_picked":["Flame Barrier","Clothesline"],"picked":"Shrug It Off","floor":8.0},{"not_picked":["Clash","Power Through"],"picked":"Flex","floor":10.0},{"not_picked":["True Grit","Thunderclap"],"picked":"Limit Break","floor":12.0},{"not_picked":["Shockwave","Shrug It Off"],"picked":"Demon Form","floor":13.0},{"not_picked":["Anger","Hemokinesis"],"picked":"Headbutt","floor":14.0},{"not_picked":["Brutality","Exhume"],"picked":"Impervious","floor":16.0},{"not_picked":["Cleave","Dual Wield","Anger"],"picked":"Singing Bowl","floor":18.0},{"not_picked":["Entrench","Flame Barrier"],"picked":"Heavy Blade","floor":19.0},{"not_picked":["Bloodletting","Fire Breathing","Twin Strike"],"picked":"Singing Bowl","floor":24.0},{"not_picked":["Heavy Blade","Perfected Strike","Searing Blow"],"picked":"Singing Bowl","floor":28.0},{"not_picked":["Headbutt","Burning Pact","Havoc"],"picked":"Singing Bowl","floor":30.0}],"player_experience":1384262,"relics_obtained":[{"floor":6.0,"key":"Vajra"},{"floor":8.0,"key":"Meat on the Bone"},{"floor":9.0,"key":"Incense Burner"},{"floor":10.0,"key":"Orichalcum"},{"floor":13.0,"key":"Singing Bowl"},{"floor":28.0,"key":"Bird Faced Urn"}],"event_choices":[{"damage_healed":0.0,"max_hp_gain":0.0,"max_hp_loss":0.0,"gold_gain":0.0,"event_name":"Big Fish","player_choice":"Box","floor":2.0,"gold_loss":0.0,"damage_taken":0.0,"relics_obtained":["Calipers"],"cards_obtained":["Regret"]},{"damage_healed":0.0,"max_hp_gain":0.0,"max_hp_loss":0.0,"gold_gain":0.0,"event_name":"Living Wall","player_choice":"Grow","floor":3.0,"gold_loss":0.0,"damage_taken":0.0,"cards_upgraded":["Bash"]},{"cards_removed":["Regret"],"damage_healed":0.0,"max_hp_gain":0.0,"max_hp_loss":0.0,"gold_gain":0.0,"event_name":"Golden Wing","player_choice":"Card Removal","floor":4.0,"gold_loss":0.0,"damage_taken":7.0},{"damage_healed":0.0,"max_hp_gain":0.0,"max_hp_loss":0.0,"gold_gain":150.0,"event_name":"Liars Game","player_choice":"AGREE","floor":5.0,"gold_loss":0.0,"damage_taken":0.0,"cards_obtained":["Doubt"]},{"damage_healed":0.0,"max_hp_gain":5.0,"max_hp_loss":0.0,"gold_gain":0.0,"event_name":"Forgotten Altar","player_choice":"Shed Blood","floor":21.0,"gold_loss":0.0,"damage_taken":27.0},{"cards_removed":["Strike_R"],"damage_healed":0.0,"max_hp_gain":0.0,"max_hp_loss":0.0,"gold_gain":0.0,"event_name":"Beggar","player_choice":"Gave Gold","floor":25.0,"gold_loss":75.0,"damage_taken":0.0},{"damage_healed":0.0,"max_hp_gain":0.0,"max_hp_loss":0.0,"gold_gain":0.0,"event_name":"Nest","player_choice":"Joined the Cult","floor":29.0,"gold_loss":0.0,"damage_taken":6.0,"cards_obtained":["RitualDagger"]}],"is_beta":false,"boss_relics":[{"not_picked":["Black Blood","Calling Bell"],"picked":"Sozu"}],"items_purged_floors":[20,22],"is_endless":false,"potions_floor_spawned":[1,10,13,14,24,28],"killed_by":"Automaton","ascension_level":15}