{"gold_per_floor":[113,61,75,90,101,101,128,128,128,147,166,181,196,229,229,329,329,344,344,363,379,379,379,395,395,422,437,468,468,148,160,160,255,255,273,373,386,400,13,13,13,26,26,26,126,152,152,163,163,163],"floor_reached":51,"playtime":3750,"items_purged":["Strike_R+1","Iron Wave"],"score":658,"play_id":"1aefe9a3-ff16-4323-884e-6d2601c1ac95","local_time":"20190828185559","is_ascension_mode":false,"campfire_choices":[{"data":"Immolate","floor":6,"key":"SMITH"},{"data":"Armaments","floor":8,"key":"SMITH"},{"data":"Bash","floor":15,"key":"SMITH"},{"data":"True Grit","floor":23,"key":"SMITH"},{"data":"Shrug It Off","floor":25,"key":"SMITH"},{"floor":29,"key":"REST"},{"floor":32,"key":"REST"},{"data":"Whirlwind","floor":40,"key":"SMITH"},{"data":"Rupture","floor":44,"key":"SMITH"},{"data":"Ghostly Armor","floor":47,"key":"SMITH"},{"data":"Headbutt","floor":49,"key":"SMITH"}],"neow_cost":"NONE","seed_source_timestamp":1277228085905249,"circlet_count":0,"master_deck":["Strike_R+1","Strike_R+1","Strike_R+1","Strike_R+1","Defend_R+1","Defend_R+1","Defend_R+1","Bash+1","Brutality","Headbutt+1","Shrug It Off+1","Ghostly Armor+1","Immolate+1","True Grit+1","Armaments+1","Spot Weakness+1","Warcry+1","True Grit+1","Clash","Reaper","Rupture+1","Thunderclap","Disarm+1","Hemokinesis+1","Intimidate+1","Feel No Pain","Limit Break+1","Shockwave+1","Flex+1","Whirlwind+1","Parasite"],"relics":["Black Blood","Oddly Smooth Stone","Toxic Egg 2","Bird Faced Urn","Mercury Hourglass","Blood Vial","Vajra","Strange Spoon","Runic Cube","Bottled Lightning","Ginger","Pen Nib"],"potions_floor_usage":[24,27,33,33],"damage_taken":[{"damage":3,"enemies":"Jaw Worm","floor":1,"turns":4},{"damage":0,"enemies":"2 Louse","floor":3,"turns":4},{"damage":4,"enemies":"Cultist","floor":4,"turns":4},{"damage":0,"enemies":"2 Fungi Beasts","floor":5,"turns":2},{"damage":8,"enemies":"Gremlin Nob","floor":7,"turns":3},{"damage":1,"enemies":"Looter","floor":10,"turns":3},{"damage":0,"enemies":"Exordium Thugs","floor":11,"turns":3},{"damage":2,"enemies":"Red Slaver","floor":12,"turns":4},{"damage":4,"enemies":"Large Slime","floor":13,"turns":6},{"damage":7,"enemies":"Lagavulin","floor":14,"turns":6},{"damage":27,"enemies":"Slime Boss","floor":16,"turns":10},{"damage":24,"enemies":"Chosen","floor":18,"turns":6},{"damage":11,"enemies":"Spheric Guardian","floor":20,"turns":5},{"damage":27,"enemies":"3 Cultists","floor":21,"turns":4},{"damage":17,"enemies":"Chosen and Byrds","floor":24,"turns":6},{"damage":39,"enemies":"Sentry and Sphere","floor":27,"turns":6},{"damage":41,"enemies":"Gremlin Leader","floor":28,"turns":8},{"damage":14,"enemies":"Snake Plant","floor":31,"turns":4},{"damage":79,"enemies":"Collector","floor":33,"turns":11},{"damage":24,"enemies":"Orb Walker","floor":35,"turns":5},{"damage":27,"enemies":"3 Darklings","floor":37,"turns":5},{"damage":59,"enemies":"Sphere and 2 Shapes","floor":38,"turns":8},{"damage":32,"enemies":"Jaw Worm Horde","floor":42,"turns":7},{"damage":15,"enemies":"Mind Bloom Boss Battle","floor":45,"turns":10},{"damage":19,"enemies":"Writhing Mass","floor":48,"turns":7},{"damage":111,"enemies":"Awakened One","floor":50,"turns":16}],"seed_played":"-1700150315166479365","potions_obtained":[{"floor":5,"key":"SpeedPotion"},{"floor":7,"key":"SpeedPotion"},{"floor":14,"key":"SteroidPotion"},{"floor":16,"key":"Energy Potion"},{"floor":27,"key":"Fruit Juice"},{"floor":28,"key":"Fire Potion"},{"floor":38,"key":"SmokeBomb"}],"is_trial":false,"path_per_floor":["M","$","M","M","M","R","E","R","T","M","M","M","M","E","R","B",null,"M","?","M","M","T","R","M","R","T","M","E","R","$","M","R","B",null,"M","?","M","M","$","R","?","M","T","R","?","T","R","M","R","B",null],"character_chosen":"IRONCLAD","items_purchased":["Shrug It Off","Feel No Pain","Strange Spoon","Whirlwind","Bottled Lightning"],"campfire_rested":2,"item_purchase_floors":[2,30,30,39,39],"current_hp_per_floor":[80,80,80,80,80,80,78,78,78,80,80,80,80,79,79,59,80,66,66,69,63,63,63,60,60,60,42,26,51,51,53,78,57,85,75,75,78,50,50,50,50,47,47,47,55,55,55,79,79,27],"gold":163,"neow_bonus":"TRANSFORM_CARD","is_prod":false,"is_daily":false,"chose_seed":false,"campfire_upgraded":9,"win_rate":0,"timestamp":1567011359,"path_taken":["M","$","M","M","M","R","E","R","T","M","M","M","M","E","R","BOSS","M","?","M","M","?","R","M","R","T","M","E","R","$","M","R","BOSS","M","?","M","?","$","R","?","M","T","R","?","?","R","M","R","BOSS"],"build_version":"2019-07-17","purchased_purges":2,"victory":true,"max_hp_per_floor":[80,80,80,80,80,80,80,80,80,80,80,80,80,80,80,80,80,80,80,80,80,80,80,80,80,80,85,85,85,85,85,85,85,85,85,85,85,85,85,85,81,81,81,81,81,81,81,81,81,81],"card_choices":[{"not_picked":["Heavy Blade","Fire Breathing"],"picked":"Headbutt","floor":1},{"not_picked":["Burning Pact","Twin Strike"],"picked":"Ghostly Armor","floor":3},{"not_picked":["Infernal Blade","Wild Strike"],"picked":"Immolate","floor":4},{"not_picked":["Twin Strike","Warcry"],"picked":"True Grit","floor":5},{"not_picked":["Pummel","Thunderclap"],"picked":"Armaments","floor":7},{"not_picked":["Armaments+1","Heavy Blade"],"picked":"Spot Weakness+1","floor":10},{"not_picked":["Sword Boomerang","Wild Strike"],"picked":"Iron Wave","floor":11},{"not_picked":["Cleave","Thunderclap"],"picked":"Warcry+1","floor":12},{"not_picked":["Heavy Blade","Power Through+1"],"picked":"True Grit+1","floor":13},{"not_picked":["Bludgeon","Heavy Blade"],"picked":"Clash","floor":14},{"not_picked":["Immolate","Fiend Fire"],"picked":"Reaper","floor":16},{"not_picked":["Clothesline","Shockwave+1"],"picked":"Rupture","floor":18},{"not_picked":["Flex+1","Heavy Blade"],"picked":"Thunderclap","floor":20},{"not_picked":["Wild Strike","True Grit+1"],"picked":"Disarm+1","floor":21},{"not_picked":["Bludgeon","Heavy Blade+1"],"picked":"Hemokinesis+1","floor":24},{"not_picked":["Twin Strike","Anger"],"picked":"Intimidate+1","floor":27},{"not_picked":["Sword Boomerang","Barricade","Dropkick"],"picked":"SKIP","floor":28},{"not_picked":["Twin Strike+1","Thunderclap","Clash+1"],"picked":"SKIP","floor":31},{"not_picked":["Bludgeon","Demon Form"],"picked":"Limit Break+1","floor":33},{"not_picked":["Twin Strike","Body Slam","Clothesline"],"picked":"SKIP","floor":35},{"not_picked":["Wild Strike","True Grit+1"],"picked":"Shockwave+1","floor":37},{"not_picked":["Clothesline+1","Iron Wave+1"],"picked":"Flex+1","floor":38},{"not_picked":["Shrug It Off+1","Twin Strike","Heavy Blade+1"],"picked":"SKIP","floor":42},{"not_picked":["Evolve","Entrench+1","Warcry+1"],"picked":"SKIP","floor":48}],"player_experience":59274,"relics_obtained":[{"floor":7,"key":"Oddly Smooth Stone"},{"floor":9,"key":"Toxic Egg 2"},{"floor":14,"key":"Bird Faced Urn"},{"floor":22,"key":"Mercury Hourglass"},{"floor":26,"key":"Blood Vial"},{"floor":28,"key":"Vajra"},{"floor":43,"key":"Ginger"},{"floor":46,"key":"Pen Nib"}],"event_choices":[{"damage_healed":0,"gold_gain":0,"player_choice":"Simplicity","damage_taken":0,"max_hp_gain":0,"max_hp_loss":0,"event_name":"Back to Basics","floor":19,"gold_loss":0,"cards_upgraded":["Strike_R","Strike_R","Strike_R","Strike_R","Strike_R","Defend_R","Defend_R","Defend_R"]},{"damage_healed":0,"gold_gain":100,"player_choice":"Pray","damage_taken":0,"max_hp_gain":0,"max_hp_loss":0,"event_name":"Golden Shrine","floor":36,"gold_loss":0},{"damage_healed":0,"gold_gain":0,"player_choice":"Max HP","damage_taken":0,"max_hp_gain":0,"max_hp_loss":4,"event_name":"Winding Halls","floor":41,"gold_loss":0},{"damage_healed":0,"gold_gain":0,"player_choice":"Fight","damage_taken":0,"max_hp_gain":0,"max_hp_loss":0,"event_name":"MindBloom","floor":45,"gold_loss":0}],"is_beta":false,"boss_relics":[{"not_picked":["Pandora\u0027s Box","Runic Pyramid"],"picked":"Black Blood"},{"not_picked":["Eternal Feather","Runic Dome"],"picked":"Runic Cube"}],"items_purged_floors":[30,39],"is_endless":false,"potions_floor_spawned":[5,7,14,16,21,24,27,28,38],"ascension_level":0}