{"path_per_floor":["M","$","?","?","M","E","R","?","T","M","E","M","M","$","R"],"character_chosen":"THE_SILENT","items_purchased":[],"gold_per_floor":[11,11,11,11,36,79,79,29,29,42,73,93,113,38,38,38],"floor_reached":16,"campfire_rested":2,"playtime":1149,"current_hp_per_floor":[68,68,51,51,49,29,50,50,50,50,18,15,15,15,36,0],"items_purged":["Strike_G"],"gold":38,"score":110,"play_id":"397731c4-b1b2-4058-adcc-d22fa90813ae","local_time":"20180331141219","is_prod":false,"is_daily":false,"is_ascension_mode":false,"campfire_upgraded":0,"timestamp":1522498339,"path_taken":["M","$","?","?","M","E","R","?","T","?","E","M","?","?","R","BOSS"],"build_version":"2018-03-29v2","purchased_purges":1,"victory":false,"master_deck":["Defend_G","Defend_G","Defend_G","Defend_G","Strike_G","Strike_G","Strike_G","Strike_G","Survivor","Neutralize","PiercingWail","Finisher","Backstab","Cloak And Dagger","Envenom","Dagger Spray"],"max_hp_per_floor":[70,70,70,70,70,70,70,70,70,70,70,70,70,70,70,70],"relics":["Ring of the Snake","Tingsha","Golden Idol","Prayer Wheel","Dead Branch","Question Card"],"card_choices":[{"not_picked":["Flying Knee","Deflect"],"picked":"PiercingWail","floor":1},{"not_picked":["Deflect","Reflex"],"picked":"Finisher","floor":5},{"not_picked":["Deflect","Sucker Punch"],"picked":"Backstab","floor":9},{"not_picked":["Escape Plan","Accuracy"],"picked":"Cloak And Dagger","floor":10},{"not_picked":["Infinite Blades","Caltrops"],"picked":"Envenom","floor":11},{"not_picked":["PiercingWail","Malaise","Bane"],"picked":"Dagger Spray","floor":13}],"player_experience":241934,"potions_floor_usage":[11,13,16,16,16],"damage_taken":[{"damage":2,"enemies":"2 Louse","floor":1,"turns":4},{"damage":2,"enemies":"Small Slimes","floor":5,"turns":4},{"damage":20,"enemies":"3 Sentries","floor":6,"turns":10},{"damage":0,"enemies":"Jaw Worm","floor":10,"turns":1},{"damage":32,"enemies":"Gremlin Nob","floor":11,"turns":5},{"damage":3,"enemies":"Red Slaver","floor":12,"turns":2},{"damage":0,"enemies":"3 Louse","floor":13,"turns":1},{"damage":38,"enemies":"The Guardian","floor":16,"turns":9}],"event_choices":[{"event_name":"Golden Idol","player_choice":"Take Damage","floor":3,"damage_taken":0},{"event_name":"The Lab","player_choice":"Got Potions","floor":4,"damage_taken":0},{"event_name":"The Cleric","player_choice":"Card Removal","floor":8,"damage_taken":0}],"boss_relics":[],"potions_floor_spawned":[6,12,13],"seed_played":"-1225252168519953984","killed_by":"The Guardian","ascension_level":0,"is_trial":false}