{"gold_per_floor":[16,16,35,46,46,46,64,93,139,139,64,64,80,112,112,208,208,226,41,41,41,41,67,67,93,116,148,159,171,171,187,187,287,287,301,301,175,195,295,295,313,345,345,345,361,102,120,0,0,0],"floor_reached":51,"playtime":4051,"items_purged":["Defend_B","Sunder"],"score":1163,"play_id":"3326aa34-7e59-406e-bbf5-6174cfae4d04","local_time":"20190908144452","is_ascension_mode":true,"campfire_choices":[{"data":"Dualcast","floor":6.0,"key":"SMITH"},{"floor":10.0,"key":"REST"},{"data":"Zap","floor":12.0,"key":"SMITH"},{"data":"Conserve Battery","floor":15.0,"key":"SMITH"},{"data":"Glacier","floor":30.0,"key":"SMITH"},{"floor":32.0,"key":"REST"},{"data":"Capacitor","floor":40,"key":"SMITH"},{"data":"Leap","floor":44,"key":"SMITH"},{"floor":49,"key":"REST"}],"neow_cost":"NO_GOLD","seed_source_timestamp":1926022285368200,"circlet_count":0,"master_deck":["AscendersBane","Zap+1","Dualcast+1","Multi-Cast","Ball Lightning","Conserve Battery+1","Redo+1","Glacier+1","Beam Cell+1","Genetic Algorithm","Electrodynamics","Capacitor+1","Auto Shields","FTL+1","Redo+1","Buffer+1","Go for the Eyes","Seek","Reprogram","Beam Cell","Leap+1","FTL","Steam","Scrape","Redo+1"],"special_seed":0,"relics":["Cracked Core","Cables","Regal Pillow","Bronze Scales","Strawberry","Black Star","Juzu Bracelet","Mango","Whetstone","Calipers","Singing Bowl","Ancient Tea Set","Frozen Egg 2","DataDisk","Pandora\u0027s Box","Meat on the Bone","Unceasing Top","Pen Nib","Omamori","Gremlin Horn","Shuriken","Red Mask"],"potions_floor_usage":[50,50],"damage_taken":[{"damage":0.0,"enemies":"Cultist","floor":1.0,"turns":2.0},{"damage":2.0,"enemies":"Jaw Worm","floor":3.0,"turns":3.0},{"damage":0.0,"enemies":"2 Louse","floor":4.0,"turns":2.0},{"damage":18.0,"enemies":"Exordium Thugs","floor":7.0,"turns":5.0},{"damage":23.0,"enemies":"Gremlin Nob","floor":8.0,"turns":5.0},{"damage":9.0,"enemies":"Red Slaver","floor":13.0,"turns":2.0},{"damage":4.0,"enemies":"3 Sentries","floor":14.0,"turns":8.0},{"damage":11.0,"enemies":"Hexaghost","floor":16.0,"turns":9.0},{"damage":23.0,"enemies":"Chosen","floor":18.0,"turns":5.0},{"damage":0.0,"enemies":"Slavers","floor":23.0,"turns":3.0},{"damage":38.0,"enemies":"Gremlin Leader","floor":25.0,"turns":5.0},{"damage":18.0,"enemies":"Book of Stabbing","floor":27.0,"turns":6.0},{"damage":0.0,"enemies":"3 Byrds","floor":28.0,"turns":3.0},{"damage":3.0,"enemies":"Shelled Parasite and Fungi","floor":29.0,"turns":5.0},{"damage":7.0,"enemies":"Centurion and Healer","floor":31.0,"turns":5.0},{"damage":32.0,"enemies":"Champ","floor":33.0,"turns":13.0},{"damage":3.0,"enemies":"3 Shapes","floor":35.0,"turns":3.0},{"damage":4,"enemies":"Orb Walker","floor":38,"turns":5},{"damage":0,"enemies":"Mind Bloom Boss Battle","floor":39,"turns":4},{"damage":5,"enemies":"Sphere and 2 Shapes","floor":41,"turns":3},{"damage":5,"enemies":"Nemesis","floor":42,"turns":7},{"damage":0,"enemies":"Writhing Mass","floor":45,"turns":9},{"damage":17,"enemies":"3 Darklings","floor":47,"turns":3},{"damage":35,"enemies":"Donu and Deca","floor":50,"turns":9}],"seed_played":"9143265443019614342","potions_obtained":[{"floor":3.0,"key":"Poison Potion"},{"floor":7.0,"key":"SpeedPotion"},{"floor":14.0,"key":"FocusPotion"},{"floor":16.0,"key":"FocusPotion"},{"floor":25.0,"key":"Swift Potion"},{"floor":27.0,"key":"FairyPotion"},{"floor":28.0,"key":"Strength Potion"},{"floor":33.0,"key":"SteroidPotion"},{"floor":35.0,"key":"Weak Potion"},{"floor":45,"key":"FocusPotion"}],"is_trial":false,"path_per_floor":["M","?","M","M","?","R","M","E","T","R","$","R","M","E","R","B",null,"M","$","?","?","?","E","$","E","T","E","M","M","R","M","R","B",null,"M","T","$","M","?","R","M","E","T","R","M","$","M","?","R","B",null],"character_chosen":"DEFECT","items_purchased":["Capacitor","Juzu Bracelet","Steam","Shuriken"],"campfire_rested":3,"item_purchase_floors":[19,19,37,46],"current_hp_per_floor":[68,68,66,66,54,54,36,13,13,50,50,50,41,44,44,33,70,47,47,47,47,82,96,96,60,60,42,42,39,39,32,76,44,85,82,82,82,78,80,80,77,74,74,74,74,74,59,59,105,70],"gold":0,"neow_bonus":"TRANSFORM_TWO_CARDS","is_prod":false,"is_daily":false,"chose_seed":false,"campfire_upgraded":6,"win_rate":0,"timestamp":1567979092,"path_taken":["M","?","M","M","?","R","M","E","T","R","?","R","M","E","R","BOSS","M","$","?","?","?","E","?","E","T","E","M","M","R","M","R","BOSS","M","?","$","M","?","R","M","E","T","R","M","?","M","?","R","BOSS"],"build_version":"2019-07-17","purchased_purges":2,"victory":true,"max_hp_per_floor":[75,75,75,75,75,75,75,75,75,75,75,75,75,82,82,82,82,82,82,82,82,82,96,96,98,98,98,98,98,98,98,98,98,98,98,98,98,98,100,100,102,104,104,104,104,104,106,106,106,106],"card_choices":[{"not_picked":["Rebound","Compile Driver"],"picked":"Conserve Battery","floor":1.0},{"not_picked":["Skim","White Noise"],"picked":"Redo","floor":3.0},{"not_picked":["Coolheaded","Stack"],"picked":"Recycle","floor":4.0},{"not_picked":["Streamline","Conserve Battery"],"picked":"Glacier","floor":7.0},{"not_picked":["Storm","Sweeping Beam"],"picked":"Beam Cell","floor":8.0},{"not_picked":["Turbo","Barrage"],"picked":"Genetic Algorithm","floor":13.0},{"not_picked":["Redo","Hologram"],"picked":"Electrodynamics","floor":14.0},{"not_picked":["Steam Power","Beam Cell","Storm"],"picked":"SKIP","floor":18.0},{"not_picked":["Chaos+1","Leap"],"picked":"Auto Shields","floor":23.0},{"not_picked":["Streamline","Rainbow","Hologram"],"picked":"Singing Bowl","floor":25.0},{"not_picked":["Lockon","Streamline"],"picked":"FTL+1","floor":27.0},{"not_picked":["Cold Snap+1","Leap"],"picked":"Redo+1","floor":28.0},{"not_picked":["Streamline+1","Steam"],"picked":"Buffer+1","floor":29.0},{"not_picked":["Undo+1","Gash"],"picked":"Go for the Eyes","floor":31.0},{"not_picked":["Rainbow","Amplify"],"picked":"Seek","floor":33.0},{"not_picked":["Compile Driver","Steam+1"],"picked":"FTL","floor":35.0},{"not_picked":["Barrage+1","Conserve Battery+1"],"picked":"Scrape","floor":38},{"not_picked":["Go for the Eyes+1","Leap","Hologram+1"],"picked":"Singing Bowl","floor":39},{"not_picked":["Thunder Strike","Hologram+1","Stack"],"picked":"Singing Bowl","floor":41},{"not_picked":["Fusion","Lockon","Rebound+1"],"picked":"Singing Bowl","floor":42},{"not_picked":["Barrage+1","Coolheaded+1"],"picked":"Redo+1","floor":45},{"not_picked":["Steam+1","Rebound+1","Hologram+1"],"picked":"Singing Bowl","floor":47}],"player_experience":302621,"relics_obtained":[{"floor":8.0,"key":"Regal Pillow"},{"floor":9.0,"key":"Bronze Scales"},{"floor":14.0,"key":"Strawberry"},{"floor":23.0,"key":"Mango"},{"floor":23.0,"key":"Whetstone"},{"floor":25.0,"key":"Calipers"},{"floor":25.0,"key":"Singing Bowl"},{"floor":26.0,"key":"Ancient Tea Set"},{"floor":27.0,"key":"Frozen Egg 2"},{"floor":27.0,"key":"DataDisk"},{"floor":36.0,"key":"Meat on the Bone"},{"floor":39,"key":"Unceasing Top"},{"floor":42,"key":"Pen Nib"},{"floor":42,"key":"Omamori"},{"floor":43,"key":"Gremlin Horn"}],"event_choices":[{"cards_removed":["Defend_B"],"damage_healed":0.0,"max_hp_gain":0.0,"max_hp_loss":0.0,"gold_gain":0.0,"event_name":"Living Wall","player_choice":"Forget","floor":2.0,"gold_loss":0.0,"damage_taken":0.0},{"damage_healed":0.0,"max_hp_gain":0.0,"max_hp_loss":0.0,"gold_gain":0.0,"event_name":"Scrap Ooze","player_choice":"Success","floor":5.0,"gold_loss":0.0,"damage_taken":12.0,"relics_obtained":["Cables"]},{"damage_healed":0.0,"max_hp_gain":0.0,"max_hp_loss":0.0,"gold_gain":0.0,"event_name":"Accursed Blacksmith","player_choice":"Forge","floor":20.0,"gold_loss":0.0,"damage_taken":0.0,"cards_upgraded":["Redo"]},{"cards_removed":["Recycle"],"damage_healed":35.0,"max_hp_gain":0.0,"max_hp_loss":0.0,"gold_gain":0.0,"event_name":"Bonfire Elementals","player_choice":"Offered Uncommon","floor":22.0,"gold_loss":0.0,"damage_taken":0.0},{"damage_healed":0,"gold_gain":0,"player_choice":"Fight","damage_taken":0,"max_hp_gain":0,"max_hp_loss":0,"event_name":"MindBloom","floor":39,"gold_loss":0},{"damage_healed":0,"gold_gain":0,"player_choice":"Paid","damage_taken":0,"relics_obtained":["Red Mask"],"max_hp_gain":0,"max_hp_loss":0,"event_name":"Tomb of Lord Red Mask","floor":48,"gold_loss":120}],"is_beta":false,"boss_relics":[{"not_picked":["Philosopher\u0027s Stone","Cursed Key"],"picked":"Black Star"},{"not_picked":["Orrery","Snecko Eye"],"picked":"Pandora\u0027s Box"}],"items_purged_floors":[11,37],"is_endless":false,"potions_floor_spawned":[3,7,14,16,25,27,28,33,35,39,45],"ascension_level":11}