{"gold_per_floor":[115,65,75,87,107,107,118,147,147,164,180,180,180,200,200,200],"floor_reached":16,"playtime":563,"items_purged":[],"score":143,"play_id":"11685fc3-3b8c-4a16-a2e2-8677367ba889","local_time":"20190902082809","is_ascension_mode":true,"campfire_choices":[{"data":"Zap","floor":6,"key":"SMITH"},{"floor":13,"key":"REST"},{"floor":15,"key":"REST"}],"neow_cost":"NONE","seed_source_timestamp":1388598661101700,"circlet_count":0,"master_deck":["Strike_B","Strike_B","Strike_B","Defend_B","Defend_B","Defend_B","Defend_B","Zap+1","Dualcast","Ball Lightning","Scrape","Streamline","Double Energy","Meteor Strike","Turbo","BootSequence"],"relics":["Cracked Core","Turnip","Bottled Lightning"],"potions_floor_usage":[16,16,16],"damage_taken":[{"damage":7,"enemies":"Jaw Worm","floor":1,"turns":3},{"damage":7,"enemies":"Small Slimes","floor":3,"turns":3},{"damage":1,"enemies":"Cultist","floor":4,"turns":3},{"damage":9,"enemies":"Red Slaver","floor":5,"turns":3},{"damage":9,"enemies":"Exordium Wildlife","floor":7,"turns":2},{"damage":10,"enemies":"Gremlin Nob","floor":8,"turns":3},{"damage":15,"enemies":"2 Fungi Beasts","floor":10,"turns":3},{"damage":8,"enemies":"Blue Slaver","floor":11,"turns":3},{"damage":13,"enemies":"3 Louse","floor":14,"turns":3},{"damage":48,"enemies":"Hexaghost","floor":16,"turns":10}],"seed_played":"4274066960407925016","potions_obtained":[{"floor":4,"key":"AttackPotion"},{"floor":5,"key":"SpeedPotion"},{"floor":7,"key":"Swift Potion"}],"is_trial":false,"path_per_floor":["M","?","M","M","M","R","M","E","T","M","M","?","R","M","R","B"],"character_chosen":"DEFECT","items_purchased":[],"campfire_rested":2,"item_purchase_floors":[],"current_hp_per_floor":[68,68,61,60,51,51,42,32,32,17,9,9,33,20,44,0],"gold":200,"neow_bonus":"TEN_PERCENT_HP_BONUS","is_prod":false,"is_daily":false,"chose_seed":false,"campfire_upgraded":1,"win_rate":0,"timestamp":1567438089,"path_taken":["M","?","M","M","M","R","M","E","T","M","M","?","R","M","R","BOSS"],"build_version":"2019-07-17","purchased_purges":0,"victory":false,"max_hp_per_floor":[82,82,82,82,82,82,82,82,82,82,82,82,82,82,82,82],"card_choices":[{"not_picked":["Chill","Turbo"],"picked":"Ball Lightning","floor":1},{"not_picked":["Hello World","Chill"],"picked":"Scrape","floor":3},{"not_picked":["Rebound","Ball Lightning"],"picked":"Streamline","floor":4},{"not_picked":["Barrage","Sweeping Beam"],"picked":"Double Energy","floor":5},{"not_picked":["Chaos","Stack","Turbo"],"picked":"SKIP","floor":7},{"not_picked":["Hologram","Sweeping Beam"],"picked":"Meteor Strike","floor":8},{"not_picked":["Blizzard","Storm"],"picked":"Turbo","floor":10},{"not_picked":["Storm","Streamline","Redo"],"picked":"SKIP","floor":11},{"not_picked":["Rip and Tear","Seek"],"picked":"BootSequence","floor":14}],"player_experience":250757,"relics_obtained":[{"floor":8,"key":"Turnip"},{"floor":9,"key":"Bottled Lightning"}],"event_choices":[{"cards_removed":["Strike_B"],"damage_healed":0,"gold_gain":0,"player_choice":"Card Removal","damage_taken":0,"max_hp_gain":0,"max_hp_loss":0,"event_name":"The Cleric","floor":2,"gold_loss":50},{"damage_healed":0,"gold_gain":0,"player_choice":"Ignored","damage_taken":0,"max_hp_gain":0,"max_hp_loss":0,"event_name":"Golden Idol","floor":12,"gold_loss":0}],"is_beta":false,"boss_relics":[],"items_purged_floors":[],"is_endless":false,"potions_floor_spawned":[4,5,7],"killed_by":"Hexaghost","ascension_level":7}