{"path_per_floor":["M","M","M","$","M","E","R","M","T","M","E","?","E","M","R","B",null,"M","$","M","M","?","E","?","M","T","R","?","?","M","M","R"],"character_chosen":"IRONCLAD","items_purchased":["Cleave","Whirlwind","Ornamental Fan","Heavy Blade"],"gold_per_floor":[117,134,146,55,66,96,96,112,112,131,157,157,191,209,209,308,308,322,17,34,47,47,75,75,87,157,157,157,157,176,189,189],"floor_reached":33,"campfire_rested":4,"playtime":3247,"current_hp_per_floor":[80,80,80,80,67,62,80,80,80,75,59,41,28,7,31,20,80,56,56,54,26,26,54,54,34,34,58,58,43,16,10,35],"items_purged":[],"gold":189,"score":291,"play_id":"33abd878-1d84-4101-9890-3b2655cf829f","is_prod":false,"is_daily":false,"is_ascension_mode":false,"campfire_upgraded":0,"path_taken":["M","M","M","$","M","E","R","M","T","M","E","?","E","M","R","BOSS","M","$","M","M","?","E","?","M","T","R","?","?","M","M","R","BOSS"],"build_version":"2018-02-15-PROD1","purchased_purges":0,"victory":false,"master_deck":["Strike_R","Strike_R","Strike_R","Strike_R","Strike_R","Defend_R","Defend_R","Defend_R","Defend_R","Bash","Havoc","Fire Breathing","Twin Strike","Cleave","Whirlwind","Armaments","Power Through","Cleave","Dropkick","Combust","Rupture","Clothesline","Immolate","Flex","Heavy Blade","Shrug It Off","Shockwave","Whirlwind+1","Headbutt+1","Cleave+1","Rampage+1"],"max_hp_per_floor":[80,80,80,80,80,80,80,80,80,80,80,80,80,80,80,80,80,80,80,80,80,80,80,80,80,80,80,80,85,85,85,85],"relics":["Velvet Choker","Unceasing Top","Magic Flower","Self Forming Clay","Shuriken","Omamori","Lizard Tail","Ornamental Fan","Centennial Puzzle","Molten Egg 2","Kunai"],"card_choices":[{"not_picked":["Warcry","Iron Wave"],"picked":"Havoc"},{"not_picked":["Wild Strike","Burning Pact"],"picked":"Fire Breathing"},{"not_picked":["Double Tap","Warcry"],"picked":"Twin Strike"},{"not_picked":["Sword Boomerang","Feel No Pain"],"picked":"Armaments"},{"not_picked":["Clothesline","True Grit"],"picked":"Power Through"},{"not_picked":["Heavy Blade","Shockwave"],"picked":"Cleave"},{"not_picked":["Twin Strike","Dual Wield"],"picked":"Dropkick"},{"not_picked":["Warcry","Twin Strike"],"picked":"Combust"},{"not_picked":["Havoc","Wild Strike"],"picked":"Rupture"},{"not_picked":["Sword Boomerang","Demon Form"],"picked":"Clothesline"},{"not_picked":["Offering","Reaper"],"picked":"Immolate"},{"not_picked":["Armaments","Second Wind"],"picked":"Flex"},{"not_picked":["Rupture","Infernal Blade"],"picked":"Shrug It Off"},{"not_picked":["Flex","Dual Wield"],"picked":"Shockwave"},{"not_picked":["Wild Strike","Burning Pact"],"picked":"Whirlwind"},{"not_picked":["Reckless Charge","Power Through"],"picked":"Headbutt"},{"not_picked":["Spot Weakness","Body Slam"],"picked":"Cleave"},{"not_picked":["Cleave","Pommel Strike"],"picked":"Rampage"}],"player_experience":152863,"potions_floor_usage":[6,11,11,14,16,20,23,31,33],"damage_taken":[{"damage":0,"enemies":"Small Slimes","floor":1,"turns":2},{"damage":0,"enemies":"2 Louse","floor":2,"turns":3},{"damage":0,"enemies":"Jaw Worm","floor":3,"turns":3},{"damage":13,"enemies":"Exordium Thugs","floor":5,"turns":2},{"damage":14,"enemies":"3 Sentries","floor":6,"turns":4},{"damage":0,"enemies":"Large Slime","floor":8,"turns":5},{"damage":5,"enemies":"Lots of Slimes","floor":10,"turns":3},{"damage":16,"enemies":"Lagavulin","floor":11,"turns":4},{"damage":13,"enemies":"3 Sentries","floor":13,"turns":4},{"damage":21,"enemies":"Exordium Wildlife","floor":14,"turns":4},{"damage":11,"enemies":"Hexaghost","floor":16,"turns":7},{"damage":24,"enemies":"Shell Parasite","floor":18,"turns":6},{"damage":2,"enemies":"3 Byrds","floor":20,"turns":2},{"damage":28,"enemies":"Snecko","floor":21,"turns":7},{"damage":35,"enemies":"Slavers","floor":23,"turns":4},{"damage":20,"enemies":"Cultist and Chosen","floor":25,"turns":6},{"damage":27,"enemies":"Slaver and Parasite","floor":30,"turns":6},{"damage":6,"enemies":"Centurion and Healer","floor":31,"turns":4},{"damage":48,"enemies":"Collector","floor":33,"turns":7}],"event_choices":[{"event_name":"Scrap Ooze","player_choice":"success","floor":12,"damage_taken":18},{"event_name":"The Mausoleum","player_choice":"Yes","floor":22,"damage_taken":0},{"event_name":"Cursed Tome","player_choice":"Ignored","floor":24,"damage_taken":0},{"event_name":"Vampires","player_choice":"Ignored","floor":28,"damage_taken":0},{"event_name":"Forgotten Altar","player_choice":"Shed Blood","floor":29,"damage_taken":0}],"boss_relics":[{"not_picked":["Orrery","White Beast Statue"],"picked":"Lizard Tail"}],"potions_floor_spawned":[5,6,10,13,14,18,21,30,31],"seed_played":"-2849851969017555181","killed_by":"Collector","ascension_level":0,"is_trial":false}