{"gold_per_floor":[113,113,130,149,166,166,166,166,166,200,253,253,267,192,192,320,320,335,335,335,354,369,369,369,369,395,416,435,448,573,327,327,327],"floor_reached":33,"playtime":3092,"items_purged":["Strike_R"],"score":284,"play_id":"3268fb71-510f-4692-b58d-b41e8408a307","local_time":"20190908203500","is_ascension_mode":true,"campfire_choices":[{"data":"Inflame","floor":6,"key":"SMITH"},{"data":"Corruption","floor":8,"key":"SMITH"},{"floor":12,"key":"REST"},{"floor":15,"key":"REST"},{"floor":23,"key":"REST"},{"data":"Dark Embrace","floor":25,"key":"SMITH"},{"floor":32,"key":"REST"}],"neow_cost":"NONE","seed_source_timestamp":185982958500,"circlet_count":0,"master_deck":["Strike_R+1","Strike_R+1","Strike_R+1","Strike_R+1","Defend_R+1","Defend_R+1","Defend_R+1","Defend_R+1","Bash+1","Corruption+1","Inflame+1","Dual Wield","Pummel","Sword Boomerang","Uppercut+1","Dark Embrace+1","Metallicize","Uppercut+1","Shrug It Off","Spot Weakness","Pummel+1"],"relics":["Burning Blood","Golden Idol","Sundial","Matryoshka","Sozu","MutagenicStrength","Meat on the Bone","Boot","Du-Vu Doll","Bottled Tornado","Shuriken"],"potions_floor_usage":[5,18,18],"damage_taken":[{"damage":2,"enemies":"2 Louse","floor":1,"turns":4},{"damage":0,"enemies":"Cultist","floor":3,"turns":3},{"damage":2,"enemies":"Jaw Worm","floor":4,"turns":3},{"damage":6,"enemies":"Looter","floor":5,"turns":3},{"damage":45,"enemies":"3 Sentries","floor":10,"turns":8},{"damage":11,"enemies":"3 Louse","floor":13,"turns":4},{"damage":53,"enemies":"Hexaghost","floor":16,"turns":9},{"damage":31,"enemies":"2 Thieves","floor":18,"turns":4},{"damage":0,"enemies":"Chosen","floor":21,"turns":4},{"damage":29,"enemies":"Snake Plant","floor":22,"turns":4},{"damage":20,"enemies":"Centurion and Healer","floor":27,"turns":5},{"damage":27,"enemies":"3 Cultists","floor":28,"turns":6},{"damage":24,"enemies":"Snake Plant","floor":29,"turns":3},{"damage":7,"enemies":"Colosseum Slavers","floor":30,"turns":4},{"damage":17,"enemies":"Colosseum Nobs","floor":30,"turns":5},{"damage":79,"enemies":"Collector","floor":33,"turns":6}],"seed_played":"7856552208525689633","potions_obtained":[{"floor":3,"key":"Block Potion"},{"floor":13,"key":"GamblersBrew"},{"floor":16,"key":"Energy Potion"}],"is_trial":false,"path_per_floor":["M","?","M","M","M","R","?","R","T","E","?","R","M","$","R","B",null,"M","?","?","M","M","R","?","R","T","M","M","M","?","$","R","B"],"character_chosen":"IRONCLAD","items_purchased":["Shuriken"],"campfire_rested":4,"item_purchase_floors":[31],"current_hp_per_floor":[80,80,80,80,80,80,60,60,60,21,21,45,40,40,64,17,80,55,55,55,61,38,62,62,62,62,48,39,33,45,45,69,0],"gold":327,"neow_bonus":"UPGRADE_CARD","is_prod":false,"is_daily":false,"chose_seed":false,"campfire_upgraded":3,"win_rate":0,"timestamp":1567967700,"path_taken":["M","?","M","M","?","R","?","R","T","E","?","R","M","$","R","BOSS","M","?","?","M","M","R","?","R","T","?","M","M","?","$","R","BOSS"],"build_version":"2019-07-17","purchased_purges":1,"victory":false,"max_hp_per_floor":[80,80,80,80,80,80,80,80,80,80,80,80,80,80,80,80,80,80,80,80,80,80,80,80,80,80,80,80,80,80,80,80,80],"card_choices":[{"not_picked":["Body Slam","Flex"],"picked":"Corruption","floor":1},{"not_picked":["Sword Boomerang","Pommel Strike"],"picked":"Inflame","floor":3},{"not_picked":["Headbutt","Clash"],"picked":"Dual Wield","floor":4},{"not_picked":["Rage","Corruption"],"picked":"Pummel","floor":5},{"not_picked":["Dual Wield","True Grit"],"picked":"Sword Boomerang","floor":10},{"not_picked":["Clash","Clothesline"],"picked":"Uppercut","floor":13},{"not_picked":["Reaper","Impervious"],"picked":"Dark Embrace","floor":16},{"not_picked":["Flex","Pummel+1"],"picked":"Metallicize","floor":18},{"not_picked":["Flex","Wild Strike","Burning Pact"],"picked":"SKIP","floor":21},{"not_picked":["Flex","Clash","Thunderclap"],"picked":"SKIP","floor":22},{"not_picked":["Clash","Twin Strike"],"picked":"Uppercut+1","floor":27},{"not_picked":["True Grit","Havoc"],"picked":"Shrug It Off","floor":28},{"not_picked":["Searing Blow","Warcry+1"],"picked":"Spot Weakness","floor":29},{"not_picked":["Metallicize","Dark Embrace"],"picked":"Pummel+1","floor":30}],"player_experience":233142,"relics_obtained":[{"floor":9,"key":"Sundial"},{"floor":10,"key":"Matryoshka"},{"floor":26,"key":"Meat on the Bone"},{"floor":26,"key":"Boot"},{"floor":30,"key":"Du-Vu Doll"},{"floor":30,"key":"Bottled Tornado"}],"event_choices":[{"damage_healed":0,"gold_gain":0,"player_choice":"Ignored","damage_taken":0,"max_hp_gain":0,"max_hp_loss":0,"event_name":"NoteForYourself","floor":2,"gold_loss":0},{"damage_healed":0,"gold_gain":0,"player_choice":"Take Damage","damage_taken":20,"relics_obtained":["Golden Idol"],"max_hp_gain":0,"max_hp_loss":0,"event_name":"Golden Idol","floor":7,"gold_loss":0},{"damage_healed":0,"gold_gain":53,"player_choice":"Gained Gold","damage_taken":0,"max_hp_gain":0,"max_hp_loss":0,"event_name":"Golden Wing","floor":11,"gold_loss":0},{"damage_healed":0,"gold_gain":0,"player_choice":"Inject Mutagens","damage_taken":0,"relics_obtained":["MutagenicStrength"],"max_hp_gain":0,"max_hp_loss":0,"event_name":"Drug Dealer","floor":19,"gold_loss":0},{"damage_healed":0,"gold_gain":0,"player_choice":"Simplicity","damage_taken":0,"max_hp_gain":0,"max_hp_loss":0,"event_name":"Back to Basics","floor":20,"gold_loss":0,"cards_upgraded":["Strike_R","Strike_R","Strike_R","Strike_R","Defend_R","Defend_R","Defend_R","Defend_R"]},{"damage_healed":0,"gold_gain":0,"player_choice":"Upgraded","damage_taken":0,"max_hp_gain":0,"max_hp_loss":0,"event_name":"Upgrade Shrine","floor":24,"gold_loss":0,"cards_upgraded":["Uppercut"]},{"damage_healed":0,"gold_gain":0,"player_choice":"Fight","damage_taken":0,"max_hp_gain":0,"max_hp_loss":0,"event_name":"Colosseum","floor":30,"gold_loss":0},{"damage_healed":0,"gold_gain":0,"player_choice":"Fought Nobs","damage_taken":0,"max_hp_gain":0,"max_hp_loss":0,"event_name":"Colosseum","floor":30,"gold_loss":0}],"is_beta":false,"boss_relics":[{"not_picked":["Busted Crown","Black Star"],"picked":"Sozu"}],"items_purged_floors":[14],"is_endless":false,"potions_floor_spawned":[3,13,16,18,27,30,30],"killed_by":"Collector","ascension_level":3}