{"gold_per_floor":[119,136,147,164,183,211,211,84,84,95,45,59,74,24,24,126,126,146,163,88,88,88,88,101,121,121,36,36,64,14,29,29,130,130,150,166,166,166,181,181,196,196,196,296,307,307,16,50,50,50,50,50,0,27,27],"floor_reached":55,"playtime":4228,"items_purged":["Strike_R","Strike_R","Strike_R","Writhe"],"score":696,"play_id":"0eaff418-c27a-4d9a-971d-8580bad93bcd","local_time":"20190210044937","is_ascension_mode":false,"campfire_choices":[{"floor":7,"key":"REST"},{"floor":15,"key":"REST"},{"data":"Demon Form","floor":23,"key":"SMITH"},{"data":"Whirlwind","floor":28,"key":"SMITH"},{"data":"Heavy Blade","floor":32,"key":"SMITH"},{"floor":40,"key":"REST"},{"data":"Body Slam","floor":42,"key":"SMITH"},{"data":"True Grit","floor":46,"key":"SMITH"},{"floor":49,"key":"RECALL"},{"data":"Flame Barrier","floor":52,"key":"SMITH"}],"neow_cost":"NONE","seed_source_timestamp":49913626243285,"circlet_count":0,"master_deck":["Defend_R","Defend_R","Defend_R","Defend_R","Bash","Twin Strike","Cleave","Headbutt","Body Slam+1","Whirlwind+1","True Grit+1","Demon Form+1","Reaper","Ghostly Armor","Necronomicurse","Thunderclap+1","Heavy Blade+1","Deep Breath","Flash of Steel","Flame Barrier+1","Shockwave","Power Through+1"],"relics":["Burning Blood","Smiling Mask","Du-Vu Doll","Velvet Choker","Necronomicon","MutagenicStrength","Pear","Anchor","Shuriken","Lizard Tail","Art of War","Girya","Dead Branch","Darkstone Periapt","Oddly Smooth Stone"],"potions_floor_usage":[6,6,13,19,19,33,33,50,55],"damage_taken":[{"damage":15,"enemies":"Jaw Worm","floor":1,"turns":5},{"damage":5,"enemies":"2 Louse","floor":2,"turns":3},{"damage":0,"enemies":"Small Slimes","floor":3,"turns":3},{"damage":11,"enemies":"2 Fungi Beasts","floor":4,"turns":3},{"damage":0,"enemies":"3 Louse","floor":5,"turns":2},{"damage":53,"enemies":"Lagavulin","floor":6,"turns":7},{"damage":20,"enemies":"Large Slime","floor":10,"turns":6},{"damage":23,"enemies":"Exordium Thugs","floor":12,"turns":6},{"damage":7,"enemies":"Blue Slaver","floor":13,"turns":3},{"damage":47,"enemies":"Hexaghost","floor":16,"turns":9},{"damage":5,"enemies":"3 Byrds","floor":18,"turns":4},{"damage":0,"enemies":"Spheric Guardian","floor":19,"turns":2},{"damage":5,"enemies":"Cultist and Chosen","floor":24,"turns":4},{"damage":5,"enemies":"3 Cultists","floor":25,"turns":3},{"damage":55,"enemies":"Gremlin Leader","floor":29,"turns":4},{"damage":0,"enemies":"Centurion and Healer","floor":31,"turns":1},{"damage":31,"enemies":"Champ","floor":33,"turns":5},{"damage":0,"enemies":"Orb Walker","floor":35,"turns":2},{"damage":11,"enemies":"3 Shapes","floor":36,"turns":4},{"damage":91,"enemies":"Writhing Mass","floor":39,"turns":6},{"damage":3,"enemies":"Jaw Worm Horde","floor":41,"turns":3},{"damage":0,"enemies":"Mind Bloom Boss Battle","floor":44,"turns":5},{"damage":0,"enemies":"3 Darklings","floor":45,"turns":1},{"damage":1,"enemies":"Giant Head","floor":48,"turns":4},{"damage":67,"enemies":"Donu and Deca","floor":50,"turns":6},{"damage":85,"enemies":"Shield and Spear","floor":54,"turns":5},{"damage":110,"enemies":"The Heart","floor":55,"turns":6}],"seed_played":"5713630760709562245","potions_obtained":[{"floor":3,"key":"Dexterity Potion"},{"floor":4,"key":"Energy Potion"},{"floor":12,"key":"PowerPotion"},{"floor":13,"key":"SmokeBomb"},{"floor":16,"key":"SteroidPotion"},{"floor":18,"key":"Fire Potion"},{"floor":24,"key":"Strength Potion"},{"floor":31,"key":"Poison Potion"},{"floor":36,"key":"Ancient Potion"},{"floor":44,"key":"Strength Potion"},{"floor":45,"key":"FearPotion"}],"is_trial":false,"path_per_floor":["M","M","M","M","M","E","R","$","T","M","$","M","M","?","R","B",null,"M","M","?","?","?","R","M","M","T","?","R","E","$","M","R","B",null,"M","M","?","?","M","R","M","R","T","?","M","R","$","E","R","B",null,"R","$","E","B"],"character_chosen":"IRONCLAD","items_purchased":["Whirlwind","Dead Branch"],"campfire_rested":3,"item_purchase_floors":[8,47],"current_hp_per_floor":[71,72,78,73,79,32,56,56,56,42,42,25,24,24,48,7,80,80,80,80,64,64,64,80,80,90,90,90,41,41,47,47,60,90,90,89,79,90,16,43,68,68,68,90,90,90,90,90,90,53,90,90,90,35,0],"gold":27,"neow_bonus":"RANDOM_COMMON_RELIC","is_prod":false,"is_daily":false,"chose_seed":false,"campfire_upgraded":6,"win_rate":0,"timestamp":1549770577,"path_taken":["M","M","M","M","M","E","R","$","T","M","$","M","M","?","R","BOSS","M","M","?","?","?","R","M","M","T","?","R","E","$","M","R","BOSS","M","M","?","?","M","R","M","R","T","?","M","R","$","E","R","BOSS","R","$","E","BOSS"],"build_version":"2019-01-23","purchased_purges":4,"victory":false,"max_hp_per_floor":[80,80,80,80,80,80,80,80,80,80,80,80,80,80,80,80,80,80,80,80,80,80,80,80,80,90,90,90,90,90,90,90,90,90,90,90,90,90,90,90,90,90,90,90,90,90,90,90,90,90,90,90,90,90,90],"card_choices":[{"not_picked":["Bloodletting","Flex"],"picked":"Twin Strike","floor":1},{"not_picked":["Combust","Blood for Blood","Havoc"],"picked":"SKIP","floor":2},{"not_picked":["Rage","Flex"],"picked":"Cleave","floor":3},{"not_picked":["Infernal Blade","Havoc","Carnage"],"picked":"SKIP","floor":4},{"not_picked":["Blood for Blood","Heavy Blade"],"picked":"Headbutt","floor":5},{"not_picked":["True Grit","Burning Pact"],"picked":"Body Slam","floor":6},{"not_picked":["Armaments","Pommel Strike"],"picked":"True Grit","floor":10},{"not_picked":["Warcry","Dual Wield"],"picked":"Demon Form","floor":12},{"not_picked":["Reckless Charge","Warcry","Sword Boomerang"],"picked":"SKIP","floor":13},{"not_picked":["Bludgeon","Impervious"],"picked":"Reaper","floor":16},{"not_picked":["Clothesline","Whirlwind"],"picked":"Ghostly Armor","floor":18},{"not_picked":["Sever Soul","Warcry","True Grit"],"picked":"SKIP","floor":19},{"not_picked":["Whirlwind","Headbutt"],"picked":"Thunderclap+1","floor":24},{"not_picked":["Pummel+1","Body Slam","Clash"],"picked":"SKIP","floor":25},{"not_picked":["Intimidate","Cleave+1","Flame Barrier"],"picked":"SKIP","floor":29},{"not_picked":["Reaper","Iron Wave"],"picked":"Heavy Blade","floor":31},{"not_picked":["Intimidate","Havoc+1","Sword Boomerang+1"],"picked":"SKIP","floor":35},{"not_picked":["Spot Weakness+1","Sword Boomerang","Heavy Blade+1"],"picked":"SKIP","floor":36},{"not_picked":["Chrysalis","PanicButton"],"picked":"Deep Breath","floor":37},{"not_picked":["PanicButton","Magnetism"],"picked":"Flash of Steel","floor":37},{"not_picked":["Clothesline+1","Corruption","Armaments+1"],"picked":"SKIP","floor":39},{"not_picked":["Heavy Blade","Body Slam","Metallicize+1"],"picked":"SKIP","floor":41},{"not_picked":["Twin Strike","Carnage"],"picked":"Flame Barrier","floor":44},{"not_picked":["Burning Pact+1","Fire Breathing","Dropkick"],"picked":"SKIP","floor":45},{"not_picked":["Reckless Charge","Flex"],"picked":"Shockwave","floor":48},{"not_picked":["Flex","Wild Strike"],"picked":"Power Through+1","floor":54}],"player_experience":810585,"relics_obtained":[{"floor":6,"key":"Du-Vu Doll"},{"floor":21,"key":"Necronomicon"},{"floor":26,"key":"Pear"},{"floor":29,"key":"Shuriken"},{"floor":43,"key":"Art of War"},{"floor":44,"key":"Girya"},{"floor":48,"key":"Darkstone Periapt"},{"floor":54,"key":"Oddly Smooth Stone"}],"event_choices":[{"cards_removed":["Strike_R"],"damage_healed":0,"gold_gain":0,"player_choice":"Card Removal","damage_taken":0,"max_hp_gain":0,"max_hp_loss":0,"event_name":"The Cleric","floor":14,"gold_loss":50},{"cards_removed":["Strike_R"],"damage_healed":0,"gold_gain":0,"player_choice":"Gave Gold","damage_taken":0,"max_hp_gain":0,"max_hp_loss":0,"event_name":"Beggar","floor":20,"gold_loss":75},{"damage_healed":0,"gold_gain":0,"player_choice":"Obtained Book","damage_taken":16,"max_hp_gain":0,"max_hp_loss":0,"event_name":"Cursed Tome","floor":21,"gold_loss":0},{"damage_healed":0,"gold_gain":0,"player_choice":"Inject Mutagens","damage_taken":0,"relics_obtained":["MutagenicStrength"],"max_hp_gain":0,"max_hp_loss":0,"event_name":"Drug Dealer","floor":22,"gold_loss":0},{"damage_healed":0,"gold_gain":0,"player_choice":"Obtained Relic","damage_taken":0,"relics_obtained":["Anchor"],"max_hp_gain":0,"max_hp_loss":0,"event_name":"Addict","floor":27,"gold_loss":85},{"damage_healed":0,"gold_gain":0,"player_choice":"Memory 3","damage_taken":10,"max_hp_gain":0,"max_hp_loss":0,"event_name":"SensoryStone","floor":37,"gold_loss":0},{"damage_healed":23,"gold_gain":0,"player_choice":"Writhe","damage_taken":0,"max_hp_gain":0,"max_hp_loss":0,"event_name":"Winding Halls","floor":38,"gold_loss":0,"cards_obtained":["Writhe"]},{"damage_healed":0,"gold_gain":0,"player_choice":"Fight","damage_taken":0,"max_hp_gain":0,"max_hp_loss":0,"event_name":"MindBloom","floor":44,"gold_loss":0}],"is_beta":false,"boss_relics":[{"not_picked":["Snecko Eye","Busted Crown"],"picked":"Velvet Choker"},{"not_picked":["Calling Bell","Coffee Dripper"],"picked":"Lizard Tail"}],"items_purged_floors":[8,11,30,53],"is_endless":false,"potions_floor_spawned":[3,4,12,13,16,18,24,31,36,44,45],"killed_by":"The Heart","ascension_level":0}