{"path_per_floor":["M","M","M","M","?","R","E","$","T","E","M","E","?","M","R","B",null,"M","?","M","?","M","E","R","M","T","R","M","R","M","$","R","B",null,"M","$","M","?","?","R","?","M","T","R","?","M","$","M","R"],"character_chosen":"IRONCLAD","items_purchased":["Girya","Lantern"],"gold_per_floor":[15,33,46,57,57,57,90,15,15,41,54,81,81,98,98,199,199,214,214,231,231,249,274,274,288,311,311,325,325,345,51,51,153,153,173,73,90,90,90,90,90,107,183,183,183,194,48,66,66,66],"floor_reached":50,"campfire_rested":4,"playtime":3541,"current_hp_per_floor":[74,79,71,52,52,52,34,34,44,45,51,26,26,18,45,17,90,63,63,45,35,17,22,50,48,48,76,77,77,80,80,80,8,96,83,83,53,53,53,53,44,40,40,40,40,34,34,40,68,0],"items_purged":["Strike_R","Strike_R"],"gold":66,"score":582,"play_id":"4f46c8fe-8e2f-46d2-9da4-e7252a75b84d","local_time":"20180424180555","is_prod":false,"is_daily":false,"chose_seed":false,"is_ascension_mode":true,"campfire_upgraded":2,"timestamp":1524585955,"path_taken":["M","M","M","M","?","R","E","$","T","E","M","E","?","M","R","BOSS","M","?","?","?","?","E","R","M","T","R","M","R","M","?","R","BOSS","M","$","M","?","?","R","?","M","T","R","?","M","$","M","R","BOSS"],"build_version":"2018-04-19","seed_source_timestamp":10921115647409,"purchased_purges":2,"victory":false,"master_deck":["Strike_R","Strike_R","Strike_R","Defend_R","Defend_R","Defend_R+1","Bash","Pommel Strike+1","Battle Trance","Metallicize","Bludgeon+1","Flex+1","Heavy Blade","Thunderclap","Flex","Reaper","Bloodletting","Whirlwind","Necronomicurse","Seeing Red","Pommel Strike+1","Offering","Heavy Blade+1","Mind Blast"],"max_hp_per_floor":[80,80,80,80,80,80,80,80,90,90,90,90,90,90,90,90,90,90,90,90,96,96,96,96,96,96,96,96,96,96,96,96,96,96,96,96,96,96,96,96,96,96,96,96,96,96,96,96,96,96],"relics":["Burning Blood","Sundial","Darkstone Periapt","Pear","Blue Candle","War Paint","Lizard Tail","Necronomicon","Juzu Bracelet","Anchor","Girya","Snecko Eye","Bottled Flame","Lantern"],"card_choices":[{"not_picked":["Twin Strike","Seeing Red"],"picked":"Pommel Strike","floor":1},{"not_picked":["Power Through","Heavy Blade"],"picked":"Battle Trance","floor":2},{"not_picked":["Combust","Pummel"],"picked":"Metallicize","floor":3},{"not_picked":["Second Wind","Ghostly Armor"],"picked":"Bludgeon","floor":7},{"not_picked":["Havoc","Blood for Blood"],"picked":"Flex","floor":10},{"not_picked":["Armaments","Perfected Strike"],"picked":"Heavy Blade","floor":11},{"not_picked":["Twin Strike","Dropkick"],"picked":"Thunderclap","floor":12},{"not_picked":["Twin Strike","Havoc"],"picked":"Flex","floor":14},{"not_picked":["Double Tap","Berserk"],"picked":"Reaper","floor":16},{"not_picked":["Thunderclap","True Grit"],"picked":"Whirlwind","floor":20},{"not_picked":["Dual Wield","Flex"],"picked":"Seeing Red","floor":22},{"not_picked":["Flex","Iron Wave"],"picked":"Pommel Strike","floor":28},{"not_picked":["Double Tap","Fiend Fire"],"picked":"Offering","floor":33},{"not_picked":["True Grit","Armaments"],"picked":"Heavy Blade","floor":37},{"not_picked":["Blind","Swift Strike"],"picked":"Mind Blast","floor":45}],"player_experience":372200,"potions_floor_usage":[7,11,12,22,23,23,28,42,46,50,50],"damage_taken":[{"damage":12,"enemies":"Small Slimes","floor":1,"turns":5},{"damage":1,"enemies":"Cultist","floor":2,"turns":3},{"damage":14,"enemies":"Jaw Worm","floor":3,"turns":3},{"damage":25,"enemies":"Lots of Slimes","floor":4,"turns":5},{"damage":24,"enemies":"3 Sentries","floor":7,"turns":7},{"damage":5,"enemies":"Gremlin Nob","floor":10,"turns":3},{"damage":0,"enemies":"2 Fungi Beasts","floor":11,"turns":2},{"damage":40,"enemies":"Lagavulin","floor":12,"turns":4},{"damage":14,"enemies":"Exordium Thugs","floor":14,"turns":3},{"damage":34,"enemies":"Slime Boss","floor":16,"turns":7},{"damage":33,"enemies":"2 Thieves","floor":18,"turns":3},{"damage":30,"enemies":"Chosen","floor":20,"turns":4},{"damage":24,"enemies":"Snake Plant","floor":22,"turns":2},{"damage":61,"enemies":"Slavers","floor":23,"turns":6},{"damage":32,"enemies":"3 Cultists","floor":25,"turns":5},{"damage":17,"enemies":"Chosen and Byrds","floor":28,"turns":5},{"damage":3,"enemies":"Cultist and Chosen","floor":30,"turns":2},{"damage":78,"enemies":"Champ","floor":33,"turns":7},{"damage":19,"enemies":"3 Darklings","floor":35,"turns":3},{"damage":55,"enemies":"3 Shapes","floor":37,"turns":4},{"damage":13,"enemies":"3 Darklings","floor":42,"turns":2},{"damage":12,"enemies":"Sphere and 2 Shapes","floor":46,"turns":3},{"damage":0,"enemies":"4 Shapes","floor":48,"turns":2},{"damage":98,"enemies":"Donu and Deca","floor":50,"turns":5}],"event_choices":[{"event_name":"Bonfire Elementals","player_choice":"BASIC","floor":5,"damage_taken":0},{"event_name":"Upgrade Shrine","player_choice":"Upgraded","floor":13,"damage_taken":0},{"event_name":"The Library","player_choice":"Read","floor":19,"damage_taken":0},{"event_name":"Cursed Tome","player_choice":"Obtained Book","floor":21,"damage_taken":0},{"event_name":"The Lab","player_choice":"Got Potions","floor":38,"damage_taken":0},{"event_name":"Mysterious Sphere","player_choice":"Ignore","floor":39,"damage_taken":0},{"event_name":"Wheel of Change","player_choice":"Damage","floor":41,"damage_taken":0},{"event_name":"SensoryStone","player_choice":"Memory 1","floor":45,"damage_taken":0}],"boss_relics":[{"not_picked":["Runic Pyramid","White Beast Statue"],"picked":"Lizard Tail"},{"not_picked":["Tiny House","Philosopher\u0027s Stone"],"picked":"Snecko Eye"}],"potions_floor_spawned":[4,7,11,16,18,22,25,28,42],"seed_played":"-5794956097189662046","killed_by":"Donu and Deca","ascension_level":3,"is_trial":false}