{"gold_per_floor":[109,129,139,139,159,187,187,217,242,242,262,274,309,319,319,393,393,413,338,338,538,548,548,561,587,611,162,162],"floor_reached":28,"playtime":1580,"items_purged":["Pain","Strike_R"],"score":442,"play_id":"e272d35f-d8f7-48c4-aaa5-538ac61bdf2a","local_time":"20190710232645","is_ascension_mode":true,"campfire_choices":[{"data":"Power Through","floor":7.0,"key":"SMITH"},{"floor":10.0,"key":"REST"},{"floor":15.0,"key":"REST"},{"data":"Demon Form","floor":23.0,"key":"SMITH"}],"neow_cost":"NONE","seed_source_timestamp":0,"circlet_count":0,"master_deck":["AscendersBane","Strike_R","Strike_R+1","Strike_R+1","Strike_R","Defend_R","Defend_R","Defend_R","Defend_R","Bash","True Grit","Rampage","Second Wind","Power Through+1","Ghostly Armor","Shrug It Off","Pommel Strike","Seeing Red","Demon Form+1","Dropkick","Flame Barrier"],"special_seed":0,"relics":["Burning Blood","WarpedTongs","Whetstone","Art of War","Lantern","Bronze Scales","Black Star","Omamori","Strawberry","Blood Vial","Regal Pillow","MealTicket"],"potions_floor_usage":[25],"damage_taken":[{"damage":5.0,"enemies":"Cultist","floor":1.0,"turns":5.0},{"damage":9.0,"enemies":"Small Slimes","floor":2.0,"turns":6.0},{"damage":7.0,"enemies":"Jaw Worm","floor":3.0,"turns":4.0},{"damage":13.0,"enemies":"Red Slaver","floor":5.0,"turns":4.0},{"damage":24.0,"enemies":"Lagavulin","floor":6.0,"turns":7.0},{"damage":43.0,"enemies":"Gremlin Nob","floor":8.0,"turns":5.0},{"damage":25.0,"enemies":"Exordium Wildlife","floor":11.0,"turns":5.0},{"damage":10.0,"enemies":"Blue Slaver","floor":12.0,"turns":5.0},{"damage":4.0,"enemies":"3 Sentries","floor":13.0,"turns":13.0},{"damage":10.0,"enemies":"Lots of Slimes","floor":14.0,"turns":5.0},{"damage":28.0,"enemies":"Slime Boss","floor":16.0,"turns":12.0},{"damage":3.0,"enemies":"Spheric Guardian","floor":18.0,"turns":5.0},{"damage":5.0,"enemies":"3 Byrds","floor":22.0,"turns":3.0},{"damage":32,"enemies":"Snecko","floor":24,"turns":6},{"damage":38,"enemies":"Book of Stabbing","floor":25,"turns":7},{"damage":23,"enemies":"Snake Plant","floor":28,"turns":3}],"seed_played":"-4181617669229544159","potions_obtained":[{"floor":2.0,"key":"Ancient Potion"},{"floor":3.0,"key":"SkillPotion"},{"floor":11.0,"key":"EntropicBrew"},{"floor":12.0,"key":"Dexterity Potion"},{"floor":16.0,"key":"Explosive Potion"},{"floor":22.0,"key":"Energy Potion"}],"is_trial":false,"path_per_floor":["M","M","M","?","M","E","R","E","T","R","M","M","E","M","R","B",null,"M","$","?","?","M","R","M","E","T","$","M"],"character_chosen":"IRONCLAD","items_purchased":["Regal Pillow","MealTicket"],"campfire_rested":2,"item_purchase_floors":[27,27],"current_hp_per_floor":[76,73,72,72,65,47,47,10,10,34,15,11,13,9,33,11,64,67,67,67,67,68,68,42,17,17,17,0],"gold":162,"neow_bonus":"TEN_PERCENT_HP_BONUS","is_prod":false,"is_daily":false,"chose_seed":false,"campfire_upgraded":2,"win_rate":0,"timestamp":1562826405,"path_taken":["M","?","M","?","M","E","R","E","T","R","M","?","E","?","R","BOSS","M","$","?","?","?","R","M","E","T","$","M"],"build_version":"2019-07-05","purchased_purges":2,"victory":false,"max_hp_per_floor":[82,82,82,82,82,82,82,82,82,82,82,82,82,82,82,82,82,82,82,82,82,82,82,82,89,89,89,89],"card_choices":[{"not_picked":["Anger","Dual Wield"],"picked":"True Grit","floor":1.0},{"not_picked":["Power Through","Thunderclap"],"picked":"Rampage","floor":2.0},{"not_picked":["Dropkick","Armaments"],"picked":"Second Wind","floor":3.0},{"not_picked":["Thunderclap","Battle Trance"],"picked":"Power Through","floor":5.0},{"not_picked":["Second Wind","Disarm"],"picked":"Ghostly Armor","floor":6.0},{"not_picked":["Fire Breathing","Heavy Blade","Flex"],"picked":"SKIP","floor":8.0},{"not_picked":["Cleave","Flex"],"picked":"Shrug It Off","floor":11.0},{"not_picked":["Evolve","Wild Strike","Warcry"],"picked":"SKIP","floor":12.0},{"not_picked":["Barricade","Wild Strike"],"picked":"Pommel Strike","floor":13.0},{"not_picked":["Pommel Strike","Anger"],"picked":"Seeing Red","floor":14.0},{"not_picked":["Berserk","Fiend Fire"],"picked":"Demon Form","floor":16.0},{"not_picked":["Thunderclap","Carnage"],"picked":"Dropkick","floor":18.0},{"not_picked":["Ghostly Armor","Heavy Blade","Sword Boomerang"],"picked":"SKIP","floor":22.0},{"not_picked":["Pommel Strike","Iron Wave","Cleave"],"picked":"SKIP","floor":24},{"not_picked":["Hemokinesis","Headbutt","Warcry"],"picked":"SKIP","floor":25}],"player_experience":1377152,"relics_obtained":[{"floor":6.0,"key":"Whetstone"},{"floor":8.0,"key":"Art of War"},{"floor":9.0,"key":"Lantern"},{"floor":13.0,"key":"Bronze Scales"},{"floor":25,"key":"Omamori"},{"floor":25,"key":"Strawberry"},{"floor":26,"key":"Blood Vial"}],"event_choices":[{"damage_healed":0.0,"max_hp_gain":0.0,"max_hp_loss":0.0,"gold_gain":0.0,"event_name":"Accursed Blacksmith","player_choice":"Rummage","floor":4.0,"gold_loss":0.0,"damage_taken":0.0,"relics_obtained":["WarpedTongs"],"cards_obtained":["Pain"]},{"damage_healed":0.0,"max_hp_gain":0.0,"max_hp_loss":0.0,"gold_gain":0.0,"event_name":"The Library","player_choice":"Read","floor":20.0,"gold_loss":0.0,"damage_taken":0.0,"cards_obtained":["Flame Barrier"]},{"damage_healed":0.0,"max_hp_gain":0.0,"max_hp_loss":0.0,"gold_gain":250.0,"event_name":"The Joust","player_choice":"Bet on Owner","floor":21.0,"gold_loss":50.0,"damage_taken":0.0}],"is_beta":false,"boss_relics":[{"not_picked":["Eternal Feather","Coffee Dripper"],"picked":"Black Star"}],"items_purged_floors":[19,27],"is_endless":false,"potions_floor_spawned":[2,3,11,12,16,22],"killed_by":"Snake Plant","ascension_level":14}