{"path_per_floor":["M","M","M","M","M","E","M","$","T","M","M","R","?","M","R","B",null,"M","?","M","?","M"],"character_chosen":"THE_SILENT","items_purchased":[],"gold_per_floor":[109,119,136,147,161,186,206,131,131,141,159,159,189,207,207,302,302,314,314,328,328,338,338],"floor_reached":23,"campfire_rested":1,"playtime":1945,"current_hp_per_floor":[65,64,64,55,55,50,48,48,48,40,38,59,52,43,43,33,70,60,60,60,60,32,0],"items_purged":["Defend_G"],"gold":338,"score":199,"play_id":"8e41a280-dfdc-477e-8b73-4753f97c315c","local_time":"20180327193813","is_prod":false,"is_daily":false,"is_ascension_mode":false,"campfire_upgraded":1,"timestamp":1522172293,"path_taken":["M","M","M","M","M","E","M","$","T","M","M","R","?","M","R","BOSS","M","?","?","?","M","E"],"build_version":"2018-03-22v2","purchased_purges":1,"victory":false,"master_deck":["Defend_G","Defend_G","Defend_G","Defend_G","Strike_G","Strike_G","Strike_G","Strike_G","Strike_G","Survivor","Neutralize","Skewer","Storm of Steel+1","Backstab","Predator","All Out Attack","Flying Knee","Storm of Steel","Dagger Throw","Outmaneuver+1"],"max_hp_per_floor":[70,70,70,70,70,70,70,70,70,70,70,70,70,70,70,70,70,70,70,70,70,70,70],"relics":["Ring of the Snake","Omamori","Tingsha","Sundial","Odd Mushroom","Black Star"],"card_choices":[{"not_picked":["Underhanded Strike","Malaise"],"picked":"Skewer","floor":1},{"not_picked":["Riddle With Holes","Deflect"],"picked":"Storm of Steel","floor":2},{"not_picked":["Bouncing Flask","Skewer"],"picked":"Backstab","floor":3},{"not_picked":["Underhanded Strike","Poisoned Stab"],"picked":"Predator","floor":4},{"not_picked":["Cloak And Dagger","Flechettes"],"picked":"All Out Attack","floor":6},{"not_picked":["Cloak And Dagger","Eviscerate"],"picked":"Flying Knee","floor":7},{"not_picked":["After Image","Tactician"],"picked":"Storm of Steel","floor":16},{"not_picked":["Deadly Poison","Setup"],"picked":"Outmaneuver","floor":22}],"player_experience":176623,"potions_floor_usage":[6,6,13,16,16,20,20,23],"damage_taken":[{"damage":5,"enemies":"Small Slimes","floor":1,"turns":4},{"damage":1,"enemies":"Jaw Worm","floor":2,"turns":5},{"damage":0,"enemies":"Cultist","floor":3,"turns":4},{"damage":9,"enemies":"Lots of Slimes","floor":4,"turns":5},{"damage":0,"enemies":"Exordium Thugs","floor":5,"turns":3},{"damage":14,"enemies":"Gremlin Nob","floor":6,"turns":3},{"damage":2,"enemies":"Blue Slaver","floor":7,"turns":3},{"damage":8,"enemies":"Lots of Slimes","floor":10,"turns":2},{"damage":2,"enemies":"Looter","floor":11,"turns":2},{"damage":7,"enemies":"The Mushroom Lair","floor":13,"turns":3},{"damage":9,"enemies":"Blue Slaver","floor":14,"turns":2},{"damage":10,"enemies":"Slime Boss","floor":16,"turns":8},{"damage":10,"enemies":"Spheric Guardian","floor":18,"turns":3},{"damage":0,"enemies":"3 Byrds","floor":20,"turns":3},{"damage":28,"enemies":"Snake Plant","floor":22,"turns":4},{"damage":36,"enemies":"Slavers","floor":23,"turns":2}],"event_choices":[{"event_name":"Mushrooms","player_choice":"Fought Mushrooms","floor":13,"damage_taken":0},{"event_name":"N\u0027loth","player_choice":"Ignored","floor":19,"damage_taken":0},{"event_name":"Match and Keep!","player_choice":"1 cards matched","floor":21,"damage_taken":0}],"boss_relics":[{"not_picked":["Snecko Eye","Tiny House"],"picked":"Black Star"}],"potions_floor_spawned":[3,4,6,7,14,16,18,22],"seed_played":"6820599873723219217","killed_by":"Slavers","ascension_level":0,"is_trial":false}