{"path_per_floor":["M","M","$","M","$","R","M","E","T","R","M","M","M","M","R","B",null,"M","$","M","?","M","R","M","M","T"],"character_chosen":"THE_SILENT","items_purchased":[],"gold_per_floor":[109,125,50,61,61,61,26,60,106,106,121,140,151,167,167,262,262,272,172,186,111,128,128,143,158,206,206],"floor_reached":27,"campfire_rested":0,"playtime":3756,"current_hp_per_floor":[70,68,68,68,68,68,52,59,59,59,59,59,70,70,70,34,70,54,54,40,40,40,40,16,4,4,0],"items_purged":["Regret","Defend_G"],"gold":206,"score":221,"play_id":"a52b3fbd-33b3-43df-a7e3-8421ae744729","local_time":"20180327190534","is_prod":false,"is_daily":false,"is_ascension_mode":false,"campfire_upgraded":4,"timestamp":1522170334,"path_taken":["M","M","$","M","$","R","M","E","T","R","M","M","M","M","R","BOSS","M","?","M","?","?","R","M","M","T","E"],"build_version":"2018-03-22v2","purchased_purges":2,"victory":false,"master_deck":["Defend_G","Defend_G","Strike_G","Strike_G","Strike_G","Strike_G","Survivor","Neutralize","Footwork+1","Dodge and Roll","Dodge and Roll","Flying Knee+1","Dagger Throw","Footwork+1","Predator+1","Backflip","Backflip","Envenom","Quick Slash","Dagger Spray","Acrobatics","Escape Plan"],"max_hp_per_floor":[70,70,70,70,70,70,70,70,70,70,70,70,70,70,70,70,70,70,70,70,70,70,70,70,70,70,70],"relics":["Ring of the Snake","Calipers","Anchor","Black Star","Dream Catcher"],"card_choices":[{"not_picked":["Poisoned Stab","Endless Agony"],"picked":"Dodge and Roll","floor":2.0},{"not_picked":["Underhanded Strike","Outmaneuver"],"picked":"Flying Knee","floor":4},{"not_picked":["Sucker Punch","Prepared"],"picked":"Dagger Throw","floor":7},{"not_picked":["After Image","Slice"],"picked":"Footwork","floor":8},{"not_picked":["Cloak And Dagger","PiercingWail"],"picked":"Predator","floor":11},{"not_picked":["Predator","Deadly Poison"],"picked":"Backflip","floor":12},{"not_picked":["Tactician","Dash"],"picked":"Backflip","floor":13},{"not_picked":["Corpse Explosion","Venomology"],"picked":"Envenom","floor":16},{"not_picked":["Deadly Poison","Poisoned Stab"],"picked":"Quick Slash","floor":18},{"not_picked":["Prepared","Endless Agony"],"picked":"Dagger Spray","floor":22},{"not_picked":["Underhanded Strike","Deflect"],"picked":"Acrobatics","floor":24},{"not_picked":["Sucker Punch","Underhanded Strike"],"picked":"Escape Plan","floor":25}],"player_experience":172867,"potions_floor_usage":[7,8,12,13,18,22,24],"damage_taken":[{"damage":0.0,"enemies":"Cultist","floor":1.0,"turns":6.0},{"damage":2.0,"enemies":"Jaw Worm","floor":2.0,"turns":5.0},{"damage":0,"enemies":"2 Louse","floor":4,"turns":4},{"damage":16,"enemies":"Exordium Thugs","floor":7,"turns":5},{"damage":8,"enemies":"3 Sentries","floor":8,"turns":10},{"damage":0,"enemies":"Blue Slaver","floor":11,"turns":6},{"damage":0,"enemies":"3 Louse","floor":12,"turns":3},{"damage":1,"enemies":"Exordium Wildlife","floor":13,"turns":9},{"damage":0,"enemies":"Large Slime","floor":14,"turns":5},{"damage":36,"enemies":"Slime Boss","floor":16,"turns":22},{"damage":16,"enemies":"Spheric Guardian","floor":18,"turns":10},{"damage":14,"enemies":"Shell Parasite","floor":20,"turns":8},{"damage":0,"enemies":"Snecko","floor":22,"turns":6},{"damage":24,"enemies":"Centurion and Healer","floor":24,"turns":7},{"damage":12,"enemies":"3 Cultists","floor":25,"turns":8},{"damage":9,"enemies":"Gremlin Leader","floor":27,"turns":2}],"event_choices":[{"event_name":"Beggar","player_choice":"Gave Gold","floor":21,"damage_taken":0}],"boss_relics":[{"not_picked":["Eternal Feather","Tiny House"],"picked":"Black Star"}],"potions_floor_spawned":[2,7,11,12,16,20,22],"seed_played":"6941659445662598977","killed_by":"Gremlin Leader","ascension_level":0,"is_trial":false}