{"gold_per_floor":[109,11,11,22,35,35,35,45,45,45,70,70,83,97,97,202,202,217,16,34,50,68,68,78,96,119,119,119,133,133,152,152,152],"floor_reached":33,"playtime":2593,"items_purged":["Strike_G","Strike_G"],"score":253,"play_id":"6acde36f-e866-46f7-b739-56e8548a02cc","local_time":"20190204163115","is_ascension_mode":false,"campfire_choices":[{"data":"Dagger Spray","floor":6,"key":"SMITH"},{"data":"Neutralize","floor":10,"key":"SMITH"},{"data":"Sucker Punch","floor":15,"key":"SMITH"},{"floor":23,"key":"RECALL"},{"data":"Noxious Fumes","floor":28,"key":"SMITH"},{"floor":30,"key":"REST"},{"data":"Footwork","floor":32,"key":"SMITH"}],"neow_cost":"NONE","seed_source_timestamp":7028678871297,"circlet_count":0,"master_deck":["Defend_G","Defend_G","Defend_G","Defend_G","Defend_G","Strike_G","Survivor","Neutralize+1","Dash","Dagger Spray+1","Flying Knee","Quick Slash","Sucker Punch+1","Thunderclap","Quick Slash","Burst","Noxious Fumes+1","Terror","Escape Plan","Backflip+1","Acrobatics","Backflip+1","Sucker Punch","Footwork+1"],"relics":["Ring of the Snake","The Courier","Philosopher\u0027s Stone","Pen Nib","Bronze Scales"],"potions_floor_usage":[11,18,21,22,24,25,31,33],"damage_taken":[{"damage":0,"enemies":"Cultist","floor":1,"turns":4},{"damage":0,"enemies":"Jaw Worm","floor":4,"turns":4},{"damage":0,"enemies":"Small Slimes","floor":5,"turns":3},{"damage":1,"enemies":"Gremlin Gang","floor":8,"turns":3},{"damage":14,"enemies":"3 Sentries","floor":11,"turns":10},{"damage":0,"enemies":"Exordium Thugs","floor":13,"turns":4},{"damage":0,"enemies":"Lots of Slimes","floor":14,"turns":1},{"damage":30,"enemies":"Slime Boss","floor":16,"turns":10},{"damage":3,"enemies":"2 Thieves","floor":18,"turns":2},{"damage":0,"enemies":"3 Byrds","floor":20,"turns":3},{"damage":18,"enemies":"Centurion and Healer","floor":21,"turns":4},{"damage":0,"enemies":"3 Cultists","floor":22,"turns":5},{"damage":4,"enemies":"Snake Plant","floor":24,"turns":4},{"damage":9,"enemies":"Centurion and Healer","floor":25,"turns":4},{"damage":18,"enemies":"Sentry and Sphere","floor":29,"turns":6},{"damage":7,"enemies":"3 Cultists","floor":31,"turns":6},{"damage":41,"enemies":"Champ","floor":33,"turns":9}],"seed_played":"-3239728560358711662","potions_obtained":[{"floor":8,"key":"PowerPotion"},{"floor":11,"key":"Energy Potion"},{"floor":16,"key":"GhostInAJar"},{"floor":18,"key":"Explosive Potion"},{"floor":22,"key":"EssenceOfSteel"},{"floor":24,"key":"GhostInAJar"},{"floor":29,"key":"PowerPotion"},{"floor":31,"key":"Poison Potion"}],"is_trial":false,"path_per_floor":["M","$","?","M","M","R","?","M","T","R","E","?","M","M","R","B",null,"M","$","M","M","M","R","M","M","T","?","R","M","R","M","R","B"],"character_chosen":"THE_SILENT","items_purchased":["Dagger Spray","Pen Nib"],"campfire_rested":1,"item_purchase_floors":[2,19],"current_hp_per_floor":[77,77,70,70,70,70,70,69,69,69,55,55,55,55,55,25,77,74,74,74,56,56,56,52,43,43,43,43,25,48,41,41,0],"gold":152,"neow_bonus":"TEN_PERCENT_HP_BONUS","is_prod":false,"is_daily":false,"chose_seed":false,"campfire_upgraded":5,"win_rate":0,"timestamp":1549294275,"path_taken":["M","$","?","M","M","R","?","M","T","R","E","?","M","M","R","BOSS","M","$","M","?","M","R","M","M","T","?","R","M","R","M","R","BOSS"],"build_version":"2019-01-23","purchased_purges":2,"victory":false,"max_hp_per_floor":[77,77,77,77,77,77,77,77,77,77,77,77,77,77,77,77,77,77,77,77,77,77,77,77,77,77,77,77,77,77,77,77,77],"card_choices":[{"not_picked":["Backflip","Slice"],"picked":"Dash","floor":1},{"not_picked":["Outmaneuver","Underhanded Strike"],"picked":"Flying Knee","floor":4},{"not_picked":["Outmaneuver","Flying Knee"],"picked":"Quick Slash","floor":5},{"not_picked":["Reflex","Dagger Spray","Cloak And Dagger"],"picked":"SKIP","floor":8},{"not_picked":["Predator","Venomology"],"picked":"Sucker Punch","floor":11},{"not_picked":["Poisoned Stab","Slice","Deadly Poison"],"picked":"SKIP","floor":13},{"not_picked":["Crippling Poison","Underhanded Strike"],"picked":"Quick Slash","floor":14},{"not_picked":["Doppelganger","Malaise"],"picked":"Burst","floor":16},{"not_picked":["Outmaneuver","Blade Dance"],"picked":"Noxious Fumes","floor":18},{"not_picked":["Outmaneuver","Blade Dance+1"],"picked":"Terror","floor":20},{"not_picked":["Underhanded Strike+1","Deadly Poison"],"picked":"Escape Plan","floor":21},{"not_picked":["Dagger Spray+1","Distraction"],"picked":"Backflip+1","floor":22},{"not_picked":["Night Terror","Cloak And Dagger","Concentrate+1"],"picked":"SKIP","floor":24},{"not_picked":["Quick Slash","Deadly Poison"],"picked":"Acrobatics","floor":25},{"not_picked":["Endless Agony","Reflex"],"picked":"Sucker Punch","floor":29},{"not_picked":["Crippling Poison","Glass Knife"],"picked":"Footwork","floor":31}],"player_experience":741784,"relics_obtained":[{"floor":11,"key":"The Courier"},{"floor":26,"key":"Bronze Scales"}],"event_choices":[{"cards_removed":["Strike_G"],"damage_healed":0,"gold_gain":0,"player_choice":"Card Removal","damage_taken":7,"max_hp_gain":0,"max_hp_loss":0,"event_name":"Golden Wing","floor":3,"gold_loss":0},{"damage_healed":0,"gold_gain":0,"player_choice":"Leave","damage_taken":0,"max_hp_gain":0,"max_hp_loss":0,"event_name":"The Cleric","floor":7,"gold_loss":0},{"cards_removed":["Strike_G"],"damage_healed":0,"gold_gain":0,"player_choice":"Took Card","damage_taken":0,"max_hp_gain":0,"max_hp_loss":0,"event_name":"NoteForYourself","floor":12,"gold_loss":0,"cards_obtained":["Thunderclap"]},{"damage_healed":0,"gold_gain":0,"player_choice":"Copied","damage_taken":0,"max_hp_gain":0,"max_hp_loss":0,"event_name":"Duplicator","floor":27,"gold_loss":0,"cards_obtained":["Backflip"]}],"is_beta":false,"boss_relics":[{"not_picked":["Black Star","Eternal Feather"],"picked":"Philosopher\u0027s Stone"}],"items_purged_floors":[2,19],"is_endless":false,"potions_floor_spawned":[8,11,16,18,22,24,29,31],"killed_by":"Champ","ascension_level":0}