{"gold_per_floor":[12,12,12,22,39,73,73,92,173,50,50,0,0,0,0,103,103,120,120,133,54,64,64,64,77,102,102,118,118,138,151,151,251,251,263,263,279,279,132,146,156,156,238,257,257,270,63,75,75,75],"floor_reached":50,"playtime":5041,"items_purged":["Defend_B","Defend_B"],"score":471,"play_id":"cecdf0f7-2cc9-42e1-a3ac-3f0bb36159ec","local_time":"20180901191248","is_ascension_mode":false,"campfire_choices":[{"data":"Zap","floor":7,"key":"SMITH"},{"floor":13,"key":"REST"},{"data":"Streamline","floor":15,"key":"SMITH"},{"floor":23,"key":"REST"},{"floor":29,"key":"REST"},{"floor":32,"key":"REST"},{"floor":45,"key":"REST"},{"data":"Seek","floor":49,"key":"SMITH"}],"neow_cost":"NO_GOLD","seed_source_timestamp":23381264570800,"circlet_count":0,"master_deck":["Strike_B","Strike_B","Defend_B","Defend_B","Zap+1","Dualcast","Electrodynamics","Melter","Reinforced Body","Streamline+1","Creative AI","Necronomicurse","Self Repair","Compile Driver","Meteor Strike","Turbo","Double Energy+1","BootSequence+1","Redo+1","Seek+1","Madness","Madness","Hologram","Meteor Strike"],"relics":["Cracked Core","Pantograph","Tiny Chest","Boot","Inserter","Necronomicon","Ancient Tea Set","Symbiotic Virus","Busted Crown","Letter Opener","Bag of Preparation","Meat on the Bone","DollysMirror"],"potions_floor_usage":[6,18,28,33,41,41,46],"damage_taken":[{"damage":1,"enemies":"Cultist","floor":1,"turns":3},{"damage":2,"enemies":"2 Louse","floor":4,"turns":2},{"damage":8,"enemies":"Jaw Worm","floor":5,"turns":3},{"damage":32,"enemies":"Gremlin Nob","floor":6,"turns":4},{"damage":7,"enemies":"Blue Slaver","floor":8,"turns":3},{"damage":62,"enemies":"Hexaghost","floor":16,"turns":8},{"damage":27,"enemies":"2 Thieves","floor":18,"turns":5},{"damage":5,"enemies":"3 Byrds","floor":20,"turns":2},{"damage":20,"enemies":"3 Cultists","floor":22,"turns":4},{"damage":27,"enemies":"Centurion and Healer","floor":25,"turns":8},{"damage":8,"enemies":"Chosen and Byrds","floor":28,"turns":4},{"damage":15,"enemies":"Snecko","floor":30,"turns":4},{"damage":20,"enemies":"3 Cultists","floor":31,"turns":5},{"damage":62,"enemies":"Champ","floor":33,"turns":11},{"damage":13,"enemies":"3 Darklings","floor":35,"turns":5},{"damage":21,"enemies":"3 Shapes","floor":37,"turns":6},{"damage":33,"enemies":"Reptomancer","floor":40,"turns":7},{"damage":19,"enemies":"3 Darklings","floor":41,"turns":5},{"damage":3,"enemies":"Spire Growth","floor":44,"turns":4},{"damage":27,"enemies":"4 Shapes","floor":46,"turns":6},{"damage":0,"enemies":"3 Darklings","floor":48,"turns":3},{"damage":77,"enemies":"Awakened One","floor":50,"turns":6}],"seed_played":"-2862389667754287865","potions_obtained":[{"floor":5,"key":"SteroidPotion"},{"floor":16,"key":"Swift Potion"},{"floor":25,"key":"Weak Potion"},{"floor":31,"key":"GamblersBrew"},{"floor":33,"key":"FearPotion"},{"floor":40,"key":"AttackPotion"},{"floor":44,"key":"Energy Potion"}],"is_trial":false,"path_per_floor":["M","?","$","M","M","E","R","M","T","$","T","?","R","$","R","B",null,"M","?","M","$","M","R","?","M","T","T","M","R","M","M","R","B",null,"M","?","M","T","$","M","M","T","T","M","R","M","$","M","R"],"character_chosen":"DEFECT","items_purchased":["Streamline","Self Repair","Hologram","DollysMirror"],"campfire_rested":5,"item_purchase_floors":[10,21,39,47],"current_hp_per_floor":[74,74,74,72,64,32,32,25,25,25,25,25,47,47,47,10,75,48,32,27,27,14,36,36,16,16,16,15,37,29,16,38,8,75,69,60,46,46,46,27,8,8,8,24,46,38,38,45,45,0],"gold":75,"neow_bonus":"THREE_RARE_CARDS","is_prod":false,"is_daily":false,"chose_seed":false,"campfire_upgraded":3,"win_rate":0,"timestamp":1535821968,"path_taken":["M","?","?","M","M","E","R","M","T","$","?","?","R","?","R","BOSS","M","?","M","$","?","R","?","M","T","?","M","R","M","M","R","BOSS","M","?","?","?","$","M","M","?","T","M","R","?","?","M","R","BOSS"],"build_version":"2018-08-30","purchased_purges":2,"victory":false,"max_hp_per_floor":[75,75,75,75,75,75,75,75,75,75,75,75,75,75,75,75,75,75,75,75,75,75,75,75,75,75,75,75,75,75,75,75,75,75,75,75,75,75,75,75,75,75,75,75,75,75,75,75,75,75],"card_choices":[{"not_picked":["Hyperbeam","Buffer"],"picked":"Electrodynamics","floor":0},{"not_picked":["Leap","Darkness","Go for the Eyes"],"picked":"SKIP","floor":1},{"not_picked":["Hologram","White Noise","Gash"],"picked":"SKIP","floor":4},{"not_picked":["Leap","Rebound"],"picked":"Melter","floor":5},{"not_picked":["Beam Cell","Coolheaded"],"picked":"Reinforced Body","floor":6},{"not_picked":["Fusion","Capacitor","Reprogram"],"picked":"SKIP","floor":8},{"not_picked":["Rainbow","Electrodynamics"],"picked":"Creative AI","floor":16},{"not_picked":["Hologram+1","Redo","Turbo"],"picked":"SKIP","floor":18},{"not_picked":["Barrage","Reinforced Body","Gash"],"picked":"SKIP","floor":20},{"not_picked":["Redo+1","Lockon"],"picked":"Compile Driver","floor":22},{"not_picked":["Gash","Chill"],"picked":"Turbo","floor":25},{"not_picked":["Hologram","Cold Snap+1"],"picked":"Double Energy+1","floor":28},{"not_picked":["Sweeping Beam","Conserve Battery+1"],"picked":"BootSequence+1","floor":30},{"not_picked":["Melter","Leap"],"picked":"Redo+1","floor":31},{"not_picked":["Hyperbeam","Creative AI"],"picked":"Seek","floor":33},{"not_picked":["Hologram+1"],"picked":"SKIP","floor":35},{"not_picked":["Steam+1"],"picked":"SKIP","floor":37},{"not_picked":["Aggregate"],"picked":"SKIP","floor":40},{"not_picked":["Reinforced Body"],"picked":"SKIP","floor":41},{"not_picked":["Beam Cell+1"],"picked":"SKIP","floor":44},{"not_picked":["Steam"],"picked":"SKIP","floor":46},{"not_picked":["Streamline"],"picked":"SKIP","floor":48}],"player_experience":544408,"relics_obtained":[{"floor":6,"key":"Pantograph"},{"floor":9,"key":"Tiny Chest"},{"floor":11,"key":"Boot"},{"floor":19,"key":"Necronomicon"},{"floor":26,"key":"Ancient Tea Set"},{"floor":27,"key":"Symbiotic Virus"},{"floor":38,"key":"Letter Opener"},{"floor":42,"key":"Bag of Preparation"},{"floor":43,"key":"Meat on the Bone"}],"event_choices":[{"event_name":"Bonfire Elementals","player_choice":"BASIC","floor":2,"damage_taken":0},{"event_name":"The Cleric","player_choice":"Card Removal","floor":12,"damage_taken":0},{"event_name":"Cursed Tome","player_choice":"Obtained Book","floor":19,"damage_taken":0},{"event_name":"The Library","player_choice":"Read","floor":24,"damage_taken":0},{"event_name":"Winding Halls","player_choice":"Embrace Madness","floor":36,"damage_taken":0}],"is_beta":false,"boss_relics":[{"not_picked":["Coffee Dripper","Cursed Key"],"picked":"Inserter"},{"not_picked":["Lizard Tail","Calling Bell"],"picked":"Busted Crown"}],"items_purged_floors":[10,39],"is_endless":false,"potions_floor_spawned":[5,16,25,31,33,40,44],"killed_by":"Awakened One","ascension_level":0}