{"path_per_floor":["M","?","?","?","M","E","R","M","T","$","R","?","M","M","R","B",null,"M","M","?","?","$","R","$","M","T","R","M","M","R","M","R","B",null,"M","M","M","?","$"],"character_chosen":"IRONCLAD","items_purchased":["Seeing Red","Lantern","Flex","Purity","Flame Barrier"],"gold_per_floor":[112,112,112,187,203,238,238,253,253,102,102,102,125,149,149,274,274,287,311,311,236,55,55,55,66,134,134,144,160,160,177,177,277,277,297,308,323,323,45,45],"floor_reached":40,"campfire_rested":1,"playtime":3490,"current_hp_per_floor":[66,66,66,55,50,20,41,41,41,41,41,41,49,57,57,36,76,79,65,65,65,65,65,65,76,81,81,82,77,77,73,73,50,85,83,72,83,83,83,0],"items_purged":["Strike_R","Havoc"],"gold":45,"score":388,"play_id":"bd8bd14e-c215-4e50-896c-2758abc966ce","local_time":"20180402003341","is_prod":false,"is_daily":false,"is_ascension_mode":false,"campfire_upgraded":6,"timestamp":1522622021,"path_taken":["M","?","?","?","M","E","R","M","T","$","R","?","M","M","R","BOSS","M","M","?","?","$","R","$","M","T","R","M","M","R","?","R","BOSS","M","M","M","?","$","E"],"build_version":"2018-03-29v2","purchased_purges":2,"victory":false,"master_deck":["Strike_R","Defend_R","Defend_R","Defend_R","Bash+1","Body Slam+1","Exhume","Disarm","Feed","Seeing Red","Pummel","Reaper","Whirlwind+1","Flex+1","Whirlwind+1","Bloodletting+1","Impervious","Flex","Warcry","True Grit+1","Purity","Flame Barrier"],"max_hp_per_floor":[72,72,72,72,72,72,72,72,72,72,72,67,70,73,73,76,76,79,82,82,82,82,82,82,82,82,82,82,82,82,85,85,85,85,85,85,85,85,85,85],"relics":["Burning Blood","Charon\u0027s Ashes","Thread and Needle","Bloody Idol","Lizard Tail","Lantern","Letter Opener","Velvet Choker"],"card_choices":[{"not_picked":["True Grit","Feel No Pain"],"picked":"Body Slam","floor":1},{"not_picked":["Iron Wave","Power Through"],"picked":"Disarm","floor":6},{"not_picked":["Anger","Warcry"],"picked":"Feed","floor":8},{"not_picked":["Ghostly Armor","Heavy Blade"],"picked":"Havoc","floor":13},{"not_picked":["Body Slam","Twin Strike"],"picked":"Pummel","floor":14},{"not_picked":["Feed","Demon Form"],"picked":"Reaper","floor":16},{"not_picked":["Perfected Strike","Twin Strike"],"picked":"Thunderclap","floor":18},{"not_picked":["Corruption","Spot Weakness"],"picked":"Whirlwind","floor":19},{"not_picked":["Rupture","Searing Blow"],"picked":"Whirlwind","floor":25},{"not_picked":["Shrug It Off","Infernal Blade"],"picked":"Bloodletting","floor":31},{"not_picked":["Juggernaut","Exhume"],"picked":"Impervious","floor":33},{"not_picked":["Combust","True Grit"],"picked":"Flex","floor":35},{"not_picked":["Infernal Blade","Dual Wield"],"picked":"Warcry","floor":36},{"not_picked":["Anger","Sentinel"],"picked":"True Grit","floor":37}],"player_experience":260465,"potions_floor_usage":[14,16,18,28,33,33,40],"damage_taken":[{"damage":12,"enemies":"Small Slimes","floor":1,"turns":4},{"damage":11,"enemies":"Cultist","floor":5,"turns":5},{"damage":36,"enemies":"Gremlin Nob","floor":6,"turns":5},{"damage":6,"enemies":"2 Louse","floor":8,"turns":2},{"damage":1,"enemies":"Looter","floor":13,"turns":4},{"damage":1,"enemies":"Gremlin Gang","floor":14,"turns":2},{"damage":30,"enemies":"The Guardian","floor":16,"turns":17},{"damage":0,"enemies":"Shell Parasite","floor":18,"turns":8},{"damage":31,"enemies":"2 Thieves","floor":19,"turns":4},{"damage":0,"enemies":"3 Cultists","floor":25,"turns":3},{"damage":0,"enemies":"Snecko","floor":28,"turns":3},{"damage":16,"enemies":"Snake Plant","floor":29,"turns":2},{"damage":23,"enemies":"Centurion and Healer","floor":31,"turns":4},{"damage":122,"enemies":"Collector","floor":33,"turns":8},{"damage":13,"enemies":"Orb Walker","floor":35,"turns":3},{"damage":22,"enemies":"3 Shapes","floor":36,"turns":3},{"damage":0,"enemies":"3 Darklings","floor":37,"turns":2},{"damage":101,"enemies":"Giant Head","floor":40,"turns":8}],"event_choices":[{"event_name":"Transmorgrifier","player_choice":"Transform","floor":2,"damage_taken":0},{"event_name":"Match and Keep!","player_choice":"0 cards matched","floor":3,"damage_taken":0},{"event_name":"World of Goop","player_choice":"Gather Gold","floor":4,"damage_taken":0},{"event_name":"Golden Idol","player_choice":"Lose Max HP","floor":12,"damage_taken":0},{"event_name":"Forgotten Altar","player_choice":"Gave Idol","floor":20,"damage_taken":0},{"event_name":"Beggar","player_choice":"Gave Gold","floor":21,"damage_taken":0}],"boss_relics":[{"not_picked":["Astrolabe","Runic Dome"],"picked":"Lizard Tail"},{"not_picked":["Sozu","Runic Pyramid"],"picked":"Velvet Choker"}],"potions_floor_spawned":[8,13,16,19,25,28,35],"seed_played":"-6779558238662008537","killed_by":"Giant Head","ascension_level":0,"is_trial":false}