{"path_per_floor":["M","?","$","?","?","E","R","M","T","R","$","R","?","M","R","B",null,"M","$","M","M","$","E","?"],"character_chosen":"IRONCLAD","items_purchased":[],"gold_per_floor":[116,116,41,41,116,145,145,156,156,156,56,56,56,75,75,172,172,186,61,77,94,94,128,128,128],"floor_reached":25,"campfire_rested":1,"playtime":1653,"current_hp_per_floor":[80,73,73,73,62,10,34,39,39,39,39,39,39,45,45,39,80,80,80,80,73,73,42,42,0],"items_purged":["Strike_R","Regret","Doubt"],"gold":128,"score":250,"play_id":"2fbffac7-d3e5-4a33-a942-f1d1be6701c0","local_time":"20180412150632","is_prod":false,"is_daily":false,"is_ascension_mode":true,"campfire_upgraded":1,"timestamp":1523538392,"path_taken":["M","?","$","?","?","E","R","?","T","R","$","R","?","M","R","BOSS","M","$","M","M","$","E","?","E"],"build_version":"2018-04-05v2","purchased_purges":3,"victory":false,"master_deck":["Strike_R","Strike_R","Strike_R","Defend_R","Defend_R","Defend_R","Bash","Pommel Strike","Heavy Blade+1","Double Tap","Headbutt","Fiend Fire","Writhe","Parasite","Spot Weakness","Thunderclap","Sever Soul","Flex+1","Shrug It Off"],"max_hp_per_floor":[80,80,80,80,80,80,80,80,80,80,80,80,80,80,80,80,80,80,80,80,80,80,80,80,80],"relics":["Burning Blood","Question Card","Sundial","Orichalcum","Girya","Calling Bell","Regal Pillow","Dodecahedron","Lantern","Shuriken"],"card_choices":[{"not_picked":["Anger","Sever Soul"],"picked":"Pommel Strike","floor":1},{"not_picked":["Exhume","Sword Boomerang","Corruption"],"picked":"Heavy Blade","floor":6},{"not_picked":["Shrug It Off","Flex","Dropkick"],"picked":"Double Tap","floor":8},{"not_picked":["Entrench","Reckless Charge","Shrug It Off"],"picked":"Headbutt","floor":14},{"not_picked":["Exhume","Brutality","Immolate"],"picked":"Fiend Fire","floor":16},{"not_picked":["Ghostly Armor","True Grit","Infernal Blade"],"picked":"Spot Weakness","floor":18},{"not_picked":["Perfected Strike","True Grit","Clothesline"],"picked":"Thunderclap","floor":20},{"not_picked":["Inflame","Clash","Dual Wield"],"picked":"Sever Soul","floor":21},{"not_picked":["Armaments","Juggernaut","Sword Boomerang"],"picked":"Flex","floor":23}],"player_experience":344035,"potions_floor_usage":[18,25],"damage_taken":[{"damage":2,"enemies":"Jaw Worm","floor":1,"turns":3},{"damage":58,"enemies":"3 Sentries","floor":6,"turns":12},{"damage":1,"enemies":"2 Louse","floor":8,"turns":2},{"damage":0,"enemies":"Cultist","floor":14,"turns":2},{"damage":12,"enemies":"Slime Boss","floor":16,"turns":8},{"damage":0,"enemies":"3 Byrds","floor":18,"turns":5},{"damage":5,"enemies":"Spheric Guardian","floor":20,"turns":3},{"damage":13,"enemies":"Centurion and Healer","floor":21,"turns":5},{"damage":37,"enemies":"Book of Stabbing","floor":23,"turns":4},{"damage":54,"enemies":"Slavers","floor":25,"turns":4}],"event_choices":[{"event_name":"Scrap Ooze","player_choice":"success","floor":2,"damage_taken":7},{"event_name":"Big Fish","player_choice":"Box","floor":4,"damage_taken":0},{"event_name":"World of Goop","player_choice":"Gather Gold","floor":5,"damage_taken":0},{"event_name":"Bonfire Elementals","player_choice":"BASIC","floor":13,"damage_taken":0},{"event_name":"Transmorgrifier","player_choice":"Transform","floor":24,"damage_taken":0}],"boss_relics":[{"not_picked":["Astrolabe","Lizard Tail"],"picked":"Calling Bell"}],"potions_floor_spawned":[6,14,21],"seed_played":"7512858617008114356","killed_by":"Slavers","ascension_level":3,"is_trial":false}