{"path_per_floor":["M","$","?","M","M","R","E","$","T","R","?","R","M","M","R","B",null,"M","?","?","?","M","R","$","E","T","R","E","?","M","M","R","B",null,"M","?","$","M","M","?","R","M","T","E","$","?","$","M","R","B"],"character_chosen":"THE_SILENT","items_purchased":["Noxious Fumes","Anchor","Backstab","Acrobatics"],"gold_per_floor":[213,138,138,149,160,160,188,21,44,44,294,294,310,323,323,424,424,438,438,438,438,453,453,176,203,228,228,257,182,200,212,212,316,316,334,334,117,137,156,0,0,16,94,121,71,71,71,86,86,86],"floor_reached":51,"campfire_rested":2,"playtime":4924,"current_hp_per_floor":[70,70,70,69,61,61,60,60,60,60,60,60,55,39,39,31,70,66,66,66,66,65,65,65,40,40,61,62,62,62,64,64,58,70,70,61,61,62,63,63,63,55,55,37,37,37,37,39,63,26],"items_purged":["Defend_G","Strike_G","Defend_G","Doubt"],"gold":86,"score":713,"play_id":"cc8dc2ed-1f34-4646-bad0-6b543408994e","local_time":"20180401224316","is_prod":false,"is_daily":false,"is_ascension_mode":false,"campfire_upgraded":7,"timestamp":1522615396,"path_taken":["M","$","?","M","M","R","E","$","T","R","?","R","M","M","R","BOSS","M","?","?","?","M","R","$","E","T","R","E","?","M","M","R","BOSS","M","?","$","M","?","?","R","M","T","E","$","?","$","M","R","BOSS"],"build_version":"2018-03-29v2","purchased_purges":4,"victory":true,"master_deck":["Defend_G+1","Defend_G+1","Survivor+1","Neutralize+1","Acrobatics","Terror+1","Noxious Fumes+1","Poisoned Stab+1","Expertise+1","Footwork+1","Prepared+1","Blur+1","Noxious Fumes+1","Tools of the Trade+1","Backstab+1","Madness","Madness","Backstab+1","Catalyst+1","Bouncing Flask+1","Catalyst","Acrobatics","Regret"],"max_hp_per_floor":[70,70,70,70,70,70,70,70,70,70,70,70,70,70,70,70,70,70,70,70,70,70,70,70,70,70,70,70,70,70,70,70,70,70,70,70,70,70,70,70,70,70,70,84,84,81,81,81,81,81],"relics":["Ring of the Snake","Omamori","Snake Skull","Astrolabe","Anchor","Blood Vial","Bag of Marbles","Toolbox","Calling Bell","Du-Vu Doll","Oddly Smooth Stone","War Paint","Red Mask","Shuriken","Mango"],"card_choices":[{"not_picked":["Cloak And Dagger","Bane"],"picked":"Acrobatics","floor":4.0},{"not_picked":["Underhanded Strike","Dodge and Roll"],"picked":"Terror","floor":7.0},{"not_picked":["Deflect","Dodge and Roll"],"picked":"Poisoned Stab","floor":14.0},{"not_picked":["Flying Knee","Heel Hook"],"picked":"Blur","floor":18.0},{"not_picked":["PiercingWail","Accuracy"],"picked":"Tools of the Trade","floor":28.0},{"not_picked":["Riddle With Holes","Flying Knee"],"picked":"Backstab","floor":30.0},{"not_picked":["Outmaneuver","Well Laid Plans"],"picked":"Catalyst","floor":38},{"not_picked":["Dagger Spray","Predator"],"picked":"Bouncing Flask","floor":39},{"not_picked":["Flechettes","Sucker Punch"],"picked":"Catalyst","floor":44}],"player_experience":252475,"potions_floor_usage":[39,44],"damage_taken":[{"damage":0.0,"enemies":"Small Slimes","floor":1.0,"turns":3.0},{"damage":1.0,"enemies":"Cultist","floor":4.0,"turns":3.0},{"damage":8.0,"enemies":"Jaw Worm","floor":5.0,"turns":3.0},{"damage":13.0,"enemies":"Lagavulin","floor":7.0,"turns":6.0},{"damage":5.0,"enemies":"Looter","floor":13.0,"turns":4.0},{"damage":16.0,"enemies":"Gremlin Gang","floor":14.0,"turns":3.0},{"damage":8.0,"enemies":"Hexaghost","floor":16.0,"turns":8.0},{"damage":4.0,"enemies":"Spheric Guardian","floor":18.0,"turns":4.0},{"damage":1.0,"enemies":"Shell Parasite","floor":22.0,"turns":5.0},{"damage":25.0,"enemies":"Gremlin Leader","floor":25.0,"turns":6.0},{"damage":1.0,"enemies":"Book of Stabbing","floor":28.0,"turns":7.0},{"damage":2.0,"enemies":"Sentry and Sphere","floor":30.0,"turns":4.0},{"damage":0.0,"enemies":"Centurion and Healer","floor":31.0,"turns":6.0},{"damage":8.0,"enemies":"Collector","floor":33.0,"turns":8.0},{"damage":0.0,"enemies":"3 Shapes","floor":35.0,"turns":5.0},{"damage":1.0,"enemies":"Orb Walker","floor":38.0,"turns":4.0},{"damage":1,"enemies":"Sphere and 2 Shapes","floor":39,"turns":5},{"damage":10,"enemies":"4 Shapes","floor":42,"turns":4},{"damage":34,"enemies":"2 Orb Walkers","floor":44,"turns":5},{"damage":0,"enemies":"Maw","floor":48,"turns":5},{"damage":39,"enemies":"Time Eater","floor":50,"turns":9}],"event_choices":[{"event_name":"The Lab","player_choice":"Got Potions","floor":3.0,"damage_taken":0.0},{"event_name":"Golden Shrine","player_choice":"Desecrate","floor":11.0,"damage_taken":0.0},{"event_name":"Back to Basics","player_choice":"Elegance","floor":19.0,"damage_taken":0.0},{"event_name":"Duplicator","player_choice":"One dupe","floor":20.0,"damage_taken":0.0},{"event_name":"Ghosts","player_choice":"Ignored","floor":21.0,"damage_taken":0.0},{"event_name":"Beggar","player_choice":"Gave Gold","floor":29.0,"damage_taken":0.0},{"event_name":"Winding Halls","player_choice":"Embrace Madness","floor":36.0,"damage_taken":0.0},{"event_name":"Tomb of Lord Red Mask","player_choice":"Paid","floor":40,"damage_taken":0},{"event_name":"Transmorgrifier","player_choice":"Transform","floor":46,"damage_taken":0}],"boss_relics":[],"potions_floor_spawned":[1,4,13,18,31,33,39,44],"seed_played":"1519092299688413173","ascension_level":0,"is_trial":false}