{"path_per_floor":["M","M","?","$","?","R","M","M","T","M","M","M","M","M","R","B",null,"M","M","?","?"],"character_chosen":"IRONCLAD","items_purchased":[],"gold_per_floor":[112,122,122,47,12,12,29,41,41,55,65,84,104,123,123,227,227,238,254,254,254,254],"floor_reached":22,"campfire_rested":0,"playtime":2240,"current_hp_per_floor":[40,45,45,45,65,65,65,55,55,61,49,40,46,52,52,40,80,76,32,32,32,0],"items_purged":["Strike_R"],"gold":254,"score":182,"play_id":"f7a89121-a29f-41f8-b80a-7343813e9122","local_time":"20180402194153","is_prod":false,"is_daily":false,"is_ascension_mode":false,"campfire_upgraded":2,"timestamp":1522690913,"path_taken":["M","M","?","$","?","R","M","M","T","M","M","M","M","M","R","BOSS","M","M","?","?","M"],"build_version":"2018-03-29v2","purchased_purges":1,"victory":false,"master_deck":["Strike_R","Strike_R","Defend_R","Defend_R","Defend_R","Bash+1","Burning Pact","Whirlwind","Disarm","Sentinel","Barricade","Entrench","Flex+1","Flex+1"],"max_hp_per_floor":[80,80,80,80,80,80,80,80,80,80,80,80,80,80,80,80,80,80,80,80,80,80],"relics":["Burning Blood","Peace Pipe","White Beast Statue","Calipers"],"card_choices":[{"not_picked":["Warcry","Anger"],"picked":"Burning Pact","floor":1},{"not_picked":["Pommel Strike","Flex"],"picked":"Whirlwind","floor":7},{"not_picked":["Heavy Blade","Shrug It Off"],"picked":"Disarm","floor":8},{"not_picked":["True Grit","Warcry"],"picked":"Sentinel","floor":10},{"not_picked":["Body Slam","Twin Strike"],"picked":"Barricade","floor":11},{"not_picked":["Shrug It Off","Evolve"],"picked":"Entrench","floor":13},{"not_picked":["Feel No Pain","Clothesline"],"picked":"Flex","floor":14},{"not_picked":["Clash","Power Through"],"picked":"Flex","floor":18}],"player_experience":268474,"potions_floor_usage":[2,14,14,18,22,22],"damage_taken":[{"damage":6,"enemies":"Small Slimes","floor":1,"turns":4},{"damage":1,"enemies":"Cultist","floor":2,"turns":3},{"damage":6,"enemies":"2 Louse","floor":7,"turns":2},{"damage":16,"enemies":"Blue Slaver","floor":8,"turns":6},{"damage":0,"enemies":"3 Louse","floor":10,"turns":1},{"damage":18,"enemies":"Looter","floor":11,"turns":4},{"damage":15,"enemies":"Blue Slaver","floor":12,"turns":3},{"damage":0,"enemies":"3 Louse","floor":13,"turns":1},{"damage":0,"enemies":"Looter","floor":14,"turns":1},{"damage":18,"enemies":"Hexaghost","floor":16,"turns":53},{"damage":25,"enemies":"Shell Parasite","floor":18,"turns":14},{"damage":50,"enemies":"Spheric Guardian","floor":19,"turns":6},{"damage":35,"enemies":"Snake Plant","floor":22,"turns":4}],"event_choices":[{"event_name":"Purifier","player_choice":"One Purge","floor":3,"damage_taken":0},{"event_name":"The Cleric","player_choice":"Healed","floor":5,"damage_taken":0},{"event_name":"The Mausoleum","player_choice":"Yes","floor":20,"damage_taken":0},{"event_name":"Ghosts","player_choice":"Ignored","floor":21,"damage_taken":0}],"boss_relics":[{"not_picked":["Orrery","Astrolabe"],"picked":"White Beast Statue"}],"potions_floor_spawned":[1,8,11,16,18,19],"seed_played":"-7754056220635070161","killed_by":"Snake Plant","ascension_level":0,"is_trial":false}