{"path_per_floor":["M","?","?","?","M","M","R","M","T","$","?","M","E","$","R","B",null,"M","M","$","M","?","R","$","E","T","M","?","E","$","M","R","B",null,"M","$","?","M","?","R","E","R","T","E","T","E","R","?","R","B"],"character_chosen":"IRONCLAD","items_purchased":["Flame Barrier","Body Slam"],"gold_per_floor":[117,117,192,192,209,219,219,237,237,162,162,174,204,69,69,170,170,182,165,40,54,54,54,54,87,156,169,169,198,144,164,164,266,266,284,134,134,150,150,150,208,208,208,243,270,302,302,348,348,348],"floor_reached":51,"campfire_rested":2,"playtime":4558,"current_hp_per_floor":[46,34,23,23,29,34,34,36,36,36,36,38,26,26,50,22,80,69,70,70,69,69,69,69,40,40,42,42,42,42,44,44,46,87,87,87,87,87,87,87,85,85,85,87,87,87,87,69,87,67],"items_purged":["Defend_R","Defend_R","Defend_R","Writhe"],"gold":348,"score":886,"play_id":"cb9b4b9c-5e35-490d-b497-74e620c1fb10","local_time":"20180405110350","is_prod":false,"is_daily":false,"is_ascension_mode":true,"campfire_upgraded":6,"timestamp":1522919030,"path_taken":["M","?","?","?","M","M","R","M","T","$","?","M","E","?","R","BOSS","M","?","$","M","?","R","$","E","T","M","?","E","$","M","R","BOSS","M","$","?","?","?","R","E","R","T","E","?","E","R","?","R","BOSS"],"build_version":"2018-03-29v2","purchased_purges":4,"victory":true,"master_deck":["Strike_R","Strike_R","Bash+1","Offering+1","Power Through+1","Spot Weakness","Flame Barrier+1","Barricade+1","Iron Wave","Second Wind+1","Battle Trance+1","Body Slam+1","Impervious","Evolve+1","Power Through","Sever Soul+1","Body Slam"],"max_hp_per_floor":[80,80,80,80,80,80,80,80,80,80,80,80,80,80,80,80,80,80,80,80,80,80,80,80,87,87,87,87,87,87,87,87,87,87,87,87,87,87,87,87,87,87,87,87,87,87,87,87,87,87],"relics":["Black Blood","Red Skull","Gambling Chip","Bag of Preparation","Sozu","Strawberry","Bottled Lightning","Mercury Hourglass","Bag of Marbles","Tiny Chest","Sundial","Charon\u0027s Ashes","War Paint","Pantograph","Peace Pipe"],"card_choices":[{"not_picked":["Headbutt","Sword Boomerang"],"picked":"Offering","floor":6},{"not_picked":["Clothesline","Shrug It Off"],"picked":"Power Through","floor":12},{"not_picked":["Corruption","Heavy Blade"],"picked":"Spot Weakness","floor":13},{"not_picked":["Limit Break","Juggernaut"],"picked":"Barricade","floor":16},{"not_picked":["Wild Strike","Hemokinesis"],"picked":"Iron Wave","floor":19},{"not_picked":["Dropkick","True Grit"],"picked":"Second Wind","floor":21},{"not_picked":["Combust","Anger"],"picked":"Battle Trance","floor":29},{"not_picked":["Berserk","Exhume"],"picked":"Impervious","floor":33},{"not_picked":["Sword Boomerang","Havoc"],"picked":"Evolve","floor":35},{"not_picked":["Fire Breathing","Headbutt"],"picked":"Sever Soul","floor":46},{"not_picked":["Anger","Heavy Blade"],"picked":"Body Slam","floor":48}],"player_experience":299305,"potions_floor_usage":[13,16,18,18],"damage_taken":[{"damage":0,"enemies":"2 Louse","floor":1,"turns":2},{"damage":0,"enemies":"Small Slimes","floor":5,"turns":2},{"damage":1,"enemies":"Jaw Worm","floor":6,"turns":3},{"damage":4,"enemies":"Large Slime","floor":8,"turns":2},{"damage":4,"enemies":"Blue Slaver","floor":12,"turns":1},{"damage":18,"enemies":"3 Sentries","floor":13,"turns":6},{"damage":34,"enemies":"The Guardian","floor":16,"turns":11},{"damage":17,"enemies":"Chosen","floor":18,"turns":5},{"damage":5,"enemies":"2 Thieves","floor":19,"turns":4},{"damage":7,"enemies":"Centurion and Healer","floor":21,"turns":7},{"damage":42,"enemies":"Gremlin Leader","floor":25,"turns":8},{"damage":4,"enemies":"Snake Plant","floor":27,"turns":4},{"damage":6,"enemies":"Book of Stabbing","floor":29,"turns":5},{"damage":4,"enemies":"Sentry and Sphere","floor":31,"turns":3},{"damage":4,"enemies":"Automaton","floor":33,"turns":6},{"damage":6,"enemies":"3 Shapes","floor":35,"turns":5},{"damage":4,"enemies":"Orb Walker","floor":38,"turns":3},{"damage":12,"enemies":"Giant Head","floor":41,"turns":7},{"damage":4,"enemies":"Nemesis","floor":44,"turns":5},{"damage":4,"enemies":"Giant Head","floor":46,"turns":5},{"damage":28,"enemies":"Mysterious Sphere","floor":48,"turns":4},{"damage":30,"enemies":"Time Eater","floor":50,"turns":8}],"event_choices":[{"event_name":"Scrap Ooze","player_choice":"success","floor":2,"damage_taken":12},{"event_name":"World of Goop","player_choice":"Gather Gold","floor":3,"damage_taken":0},{"event_name":"Purifier","player_choice":"One Purge","floor":4,"damage_taken":0},{"event_name":"Shining Light","player_choice":"Ignored","floor":11,"damage_taken":0},{"event_name":"Addict","player_choice":"Ignored","floor":22,"damage_taken":0},{"event_name":"The Mausoleum","player_choice":"Yes","floor":28,"damage_taken":0},{"event_name":"Tomb of Lord Red Mask","player_choice":"Ignored","floor":37,"damage_taken":0},{"event_name":"Transmorgrifier","player_choice":"Transform","floor":39,"damage_taken":0},{"event_name":"Mysterious Sphere","player_choice":"Fight","floor":48,"damage_taken":0}],"boss_relics":[{"not_picked":["Philosopher\u0027s Stone","Orrery"],"picked":"Sozu"},{"not_picked":["Runic Dome","White Beast Statue"],"picked":"Black Blood"}],"potions_floor_spawned":[1,6,12,16,18,27,31,35,41,46],"seed_played":"2209756675778553215","ascension_level":1,"is_trial":false}