{"path_per_floor":["M","M","M","M","$","R","E","R","T","M","?","?","E","M","R","B",null,"M","$","M","M","M","R","E","R","T","M","R","M","M"],"character_chosen":"THE_SILENT","items_purchased":["Concentrate","Shuriken","Dagger Throw"],"gold_per_floor":[113,132,149,159,90,90,118,118,189,199,199,199,225,245,245,341,341,361,21,31,50,64,64,93,93,93,104,104,121,137],"floor_reached":31,"campfire_rested":5,"playtime":2927,"current_hp_per_floor":[69,69,62,62,62,62,48,69,69,63,70,70,48,36,61,14,84,62,62,56,48,29,54,10,35,35,21,46,23,4],"items_purged":["Regret"],"gold":137,"score":271,"play_id":"4ff5bf8b-0e99-4f4c-a52f-b0867a11305d","is_prod":false,"is_daily":false,"is_ascension_mode":false,"campfire_upgraded":1,"path_taken":["M","M","M","M","$","R","E","R","T","M","?","?","E","?","R","BOSS","M","$","M","M","?","R","E","R","T","M","R","M","M","M"],"build_version":"2018-02-12-PROD1","purchased_purges":1,"victory":false,"master_deck":["Survivor","Neutralize","Underhanded Strike","Finisher","Blade Dance","Quick Slash","Concentrate+1","Sucker Punch","Quick Slash","Parasite","Slice+1","Dagger Spray+1","Corpse Explosion+1","Riddle With Holes+1","Flechettes+1","Flying Knee+1","Deadly Poison","Dodge and Roll","Sucker Punch+1","Dodge and Roll","Outmaneuver","Dash+1","Skewer+1","Slice+1","Dagger Throw+1","Infinite Blades","Blade Dance","Underhanded Strike+1","Backflip","Adrenaline","Infinite Blades+1","Quick Slash+1"],"max_hp_per_floor":[70,70,70,70,70,70,70,70,70,70,70,70,84,84,84,84,84,84,84,84,84,84,84,84,84,84,84,84,84,84],"relics":["Question Card","Paper Crane","Dodecahedron","Molten Egg 2","Mango","Pandora\u0027s Box","Shuriken","Blood Vial","Kunai"],"card_choices":[{"not_picked":["Bane","Crippling Poison","Poisoned Stab"],"picked":"Underhanded Strike"},{"not_picked":["Bane","Skewer","Outmaneuver"],"picked":"Finisher"},{"not_picked":["Flechettes","Heel Hook","Acrobatics"],"picked":"Blade Dance"},{"not_picked":["Prepared","Underhanded Strike","Sucker Punch"],"picked":"Quick Slash"},{"not_picked":["Heel Hook","Deflect","Cloak And Dagger"],"picked":"Sucker Punch"},{"not_picked":["Doppelganger","Flying Knee","Underhanded Strike"],"picked":"Quick Slash"},{"not_picked":["Backflip","Masterful Stab","Bane"],"picked":"Slice"},{"not_picked":["Crippling Poison","Quick Slash","Slice"],"picked":"Dagger Spray"},{"not_picked":["Tactician","Burst","Bullet Time"],"picked":"Corpse Explosion"},{"not_picked":["Flying Knee","Well Laid Plans","Backflip"],"picked":"Slice"},{"not_picked":["Crippling Poison","Catalyst","Dagger Throw"],"picked":"Infinite Blades"},{"not_picked":["Underhanded Strike","Quick Slash","Deadly Poison"],"picked":"Blade Dance"},{"not_picked":["Riddle With Holes","Deflect","Deadly Poison"],"picked":"Underhanded Strike"},{"not_picked":["Bouncing Flask","Distraction","Blade Dance"],"picked":"Backflip"},{"not_picked":["Backflip","Deadly Poison","Cloak And Dagger"],"picked":"Adrenaline"},{"not_picked":["Cloak And Dagger","Dash","Quick Slash"],"picked":"Infinite Blades"},{"not_picked":["Deadly Poison","Malaise","Dodge and Roll"],"picked":"Quick Slash"}],"player_experience":104702,"potions_floor_usage":[7,7,14,22,24,29,29,31],"damage_taken":[{"damage":1,"enemies":"Jaw Worm","floor":1,"turns":5},{"damage":0,"enemies":"2 Louse","floor":2,"turns":2},{"damage":7,"enemies":"Blue Slaver","floor":3,"turns":5},{"damage":0,"enemies":"2 Fungi Beasts","floor":4,"turns":3},{"damage":14,"enemies":"3 Sentries","floor":7,"turns":7},{"damage":6,"enemies":"Exordium Wildlife","floor":10,"turns":4},{"damage":36,"enemies":"Gremlin Nob","floor":13,"turns":5},{"damage":12,"enemies":"Exordium Thugs","floor":14,"turns":3},{"damage":47,"enemies":"Slime Boss","floor":16,"turns":12},{"damage":22,"enemies":"Spheric Guardian","floor":18,"turns":4},{"damage":6,"enemies":"3 Byrds","floor":20,"turns":4},{"damage":8,"enemies":"Snecko","floor":21,"turns":3},{"damage":19,"enemies":"Centurion and Healer","floor":22,"turns":5},{"damage":44,"enemies":"Slavers","floor":24,"turns":5},{"damage":16,"enemies":"Slaver and Parasite","floor":27,"turns":4},{"damage":25,"enemies":"Snake Plant","floor":29,"turns":3},{"damage":21,"enemies":"Chosen and Byrds","floor":30,"turns":5},{"damage":7,"enemies":"Snecko","floor":31,"turns":2}],"event_choices":[{"event_name":"Mushrooms","player_choice":"Healed and dodged fight","floor":11,"damage_taken":0},{"event_name":"Big Fish","player_choice":"Box","floor":12,"damage_taken":0}],"boss_relics":[{"not_picked":["Cursed Key","Philosopher\u0027s Stone"],"picked":"Pandora\u0027s Box"}],"potions_floor_spawned":[2,4,7,13,18,21,22,27],"seed_played":"2620081146418495325","killed_by":"Snecko","ascension_level":0,"is_trial":false}