{"path_per_floor":["M","$","M","M","$","E","R","$","T","M","M","M","R","?","R","B",null,"M","?","M","$","T","R","E","R","T","$","?","R","$","M","R"],"character_chosen":"THE_SILENT","items_purchased":["Dagger Spray","Heel Hook","Dodge and Roll","Escape Plan","Footwork","Dodge and Roll","Outmaneuver"],"gold_per_floor":[114,23,36,53,2,31,31,31,31,46,61,79,79,29,29,133,133,144,59,75,6,29,29,54,54,109,29,29,29,7,19,19],"floor_reached":33,"campfire_rested":4,"playtime":3947,"current_hp_per_floor":[68,68,68,64,64,57,57,57,57,47,47,46,46,46,67,62,77,48,48,46,46,46,69,18,41,41,41,41,64,64,51,51],"items_purged":[],"gold":19,"score":263,"play_id":"f433f493-9251-47b4-b52d-c7b4c767f88d","is_prod":false,"is_daily":false,"is_ascension_mode":false,"campfire_upgraded":3,"path_taken":["M","$","M","?","$","E","R","?","T","M","M","M","R","?","R","BOSS","M","?","M","?","?","R","E","R","T","$","?","R","$","M","R","BOSS"],"build_version":"2018-02-12-PROD1","purchased_purges":0,"victory":false,"master_deck":["Defend_G","Defend_G","Defend_G","Defend_G","Defend_G","Strike_G","Strike_G+1","Strike_G","Strike_G","Survivor","Neutralize+1","Outmaneuver","Dagger Spray","Heel Hook","Backflip","Sucker Punch","Dodge and Roll","Flying Knee+1","Flying Knee","Backflip","Noxious Fumes+1","Unload","Injury","Writhe","Decay","Caltrops+1","Bane","Escape Plan+1","Poisoned Stab","Footwork","Dodge and Roll+1","Outmaneuver+1","Caltrops"],"max_hp_per_floor":[70,70,70,70,70,70,70,70,70,70,70,70,70,70,70,70,77,77,77,77,77,77,77,77,77,77,77,77,77,77,77,77],"relics":["Ring of the Snake","Art of War","Bag of Preparation","Sundial","Calling Bell","Meat on the Bone","Toxic Egg 2","Strawberry","Bag of Marbles","Ancient Tea Set","Smiling Mask","Whetstone"],"card_choices":[{"not_picked":["PiercingWail","Well Laid Plans"],"picked":"Outmaneuver"},{"not_picked":["A Thousand Cuts","Acrobatics"],"picked":"Backflip"},{"not_picked":["Backstab","Footwork"],"picked":"Sucker Punch"},{"not_picked":["Dodge and Roll","Calculated Gamble"],"picked":"Flying Knee"},{"not_picked":["Masterful Stab","Cloak And Dagger"],"picked":"Flying Knee"},{"not_picked":["Calculated Gamble","Dagger Spray"],"picked":"Backflip"},{"not_picked":["Prepared","PiercingWail"],"picked":"Noxious Fumes"},{"not_picked":["Night Terror","Corpse Explosion"],"picked":"Unload"},{"not_picked":["Heel Hook","Accuracy"],"picked":"Caltrops"},{"not_picked":["Eviscerate","Dagger Spray"],"picked":"Bane"},{"not_picked":["Accuracy","Prepared"],"picked":"Poisoned Stab"},{"not_picked":["Flechettes","Deflect"],"picked":"Caltrops"}],"player_experience":93770,"potions_floor_usage":[6,16,24],"damage_taken":[{"damage":2,"enemies":"Blue Slaver","floor":1,"turns":6},{"damage":0,"enemies":"Jaw Worm","floor":3,"turns":4},{"damage":4,"enemies":"2 Louse","floor":4,"turns":3},{"damage":22,"enemies":"3 Sentries","floor":6,"turns":7},{"damage":10,"enemies":"2 Fungi Beasts","floor":10,"turns":3},{"damage":0,"enemies":"Large Slime","floor":11,"turns":9},{"damage":1,"enemies":"Exordium Thugs","floor":12,"turns":5},{"damage":5,"enemies":"The Guardian","floor":16,"turns":11},{"damage":29,"enemies":"Spheric Guardian","floor":18,"turns":5},{"damage":14,"enemies":"3 Byrds","floor":20,"turns":5},{"damage":63,"enemies":"Gremlin Leader","floor":24,"turns":7},{"damage":13,"enemies":"Snake Plant","floor":31,"turns":4},{"damage":82,"enemies":"Automaton","floor":33,"turns":6}],"event_choices":[{"event_name":"The Cleric","player_choice":"Card Removal","floor":14,"damage_taken":0},{"event_name":"Addict","player_choice":"Obtained Relic","floor":19,"damage_taken":0},{"event_name":"Cursed Tome","player_choice":"Ignored","floor":28,"damage_taken":0}],"boss_relics":[{"not_picked":["Snecko Eye","Runic Pyramid"],"picked":"Calling Bell"}],"potions_floor_spawned":[4,12,20],"seed_played":"-7572981250744771170","killed_by":"Automaton","ascension_level":0,"is_trial":false}