{"path_per_floor":["M","?","M","?","$","R","E","R","T","E","$","M","M","M","R","B",null,"M","?","$","?","M"],"character_chosen":"THE_SILENT","items_purchased":["Infinite Blades","Bane","Calculated Gamble","Slice","Acrobatics","Escape Plan","After Image"],"gold_per_floor":[113,288,298,298,6,6,36,36,60,91,6,20,35,55,55,152,152,168,168,7,7,25],"floor_reached":23,"campfire_rested":3,"playtime":2494,"current_hp_per_floor":[68,68,68,54,54,70,44,65,65,59,59,52,45,40,61,39,70,63,54,54,54,41],"items_purged":["Doubt"],"gold":25,"score":199,"play_id":"9329dab5-619d-48d9-9a98-c2adb0836123","is_prod":false,"is_daily":false,"is_ascension_mode":false,"campfire_upgraded":0,"path_taken":["M","?","M","?","$","R","E","R","T","E","$","?","M","M","R","BOSS","M","?","$","?","M","E"],"build_version":"2018-02-08-PROD1","purchased_purges":1,"victory":false,"master_deck":["Defend_G","Defend_G","Defend_G","Defend_G","Defend_G","Strike_G","Strike_G","Strike_G","Strike_G","Strike_G+1","Survivor","Neutralize","Backflip","Escape Plan","Noxious Fumes+1","Infinite Blades+1","Bane","Calculated Gamble","Slice","Outmaneuver","Prepared","Acrobatics","Escape Plan","Endless Agony","Bane","Backflip","Tactician","Finisher","After Image","Slice"],"max_hp_per_floor":[70,70,70,70,70,70,70,70,70,70,70,70,70,70,70,70,70,70,70,70,70,70],"relics":["Ring of the Snake","Vajra","Lantern","Bottled Tornado","Black Star"],"card_choices":[{"not_picked":["Poisoned Stab","Acrobatics"],"picked":"Backflip"},{"not_picked":["Heel Hook","Expertise"],"picked":"Escape Plan"},{"not_picked":["Flechettes","Dodge and Roll"],"picked":"Noxious Fumes"},{"not_picked":["PiercingWail","Terror"],"picked":"Outmaneuver"},{"not_picked":["Glass Knife","Wraith Form"],"picked":"Prepared"},{"not_picked":["Slice","Dodge and Roll"],"picked":"Endless Agony"},{"not_picked":["Expertise","Acrobatics"],"picked":"Bane"},{"not_picked":["Bane","Poisoned Stab"],"picked":"Backflip"},{"not_picked":["Doppelganger","Unload"],"picked":"Tactician"},{"not_picked":["Expertise","Flechettes"],"picked":"Finisher"},{"not_picked":["Prepared","Acrobatics"],"picked":"Slice"}],"player_experience":30650,"potions_floor_usage":[10,18,23],"damage_taken":[{"damage":2,"enemies":"Blue Slaver","floor":1,"turns":9},{"damage":0,"enemies":"Small Slimes","floor":3,"turns":7},{"damage":26,"enemies":"Lagavulin","floor":7,"turns":7},{"damage":6,"enemies":"3 Sentries","floor":10,"turns":6},{"damage":7,"enemies":"2 Louse","floor":12,"turns":2},{"damage":7,"enemies":"Large Slime","floor":13,"turns":4},{"damage":5,"enemies":"3 Louse","floor":14,"turns":3},{"damage":22,"enemies":"Hexaghost","floor":16,"turns":9},{"damage":7,"enemies":"2 Thieves","floor":18,"turns":4},{"damage":13,"enemies":"Spheric Guardian","floor":22,"turns":5},{"damage":45,"enemies":"Gremlin Leader","floor":23,"turns":7}],"event_choices":[{"event_name":"Liars Game","player_choice":"agreed","floor":2,"damage_taken":0},{"event_name":"Shining Light","player_choice":"Entered Light","floor":4,"damage_taken":0},{"event_name":"Cursed Tome","player_choice":"Stopped","floor":19,"damage_taken":0},{"event_name":"Upgrade Shrine","player_choice":"Upgraded","floor":21,"damage_taken":0}],"boss_relics":[{"not_picked":["Velvet Choker","Question Card"],"picked":"Black Star"}],"potions_floor_spawned":[3,12,16,22],"seed_played":"4828302262139626650","killed_by":"Gremlin Leader","ascension_level":0,"is_trial":false}