{"gold_per_floor":[118,133,133,147,147,175,175,206,206,206,223,238,203,218,218,218],"floor_reached":16,"playtime":689,"items_purged":[],"score":199,"play_id":"7805c768-f647-456a-9f13-5029725b24fc","local_time":"20190908074631","is_ascension_mode":true,"campfire_choices":[{"floor":7,"key":"REST"},{"data":"Creative AI","floor":10,"key":"SMITH"},{"data":"Zap","floor":15,"key":"SMITH"}],"neow_cost":"PERCENT_DAMAGE","seed_source_timestamp":1904368911717500,"circlet_count":0,"master_deck":["AscendersBane","Strike_B","Strike_B","Strike_B","Defend_B","Defend_B","Defend_B","Defend_B","Zap+1","Dualcast","Conserve Battery","Ball Lightning","FTL","Rebound","Creative AI+1","FTL"],"relics":["Cracked Core","Sundial","Cables","Singing Bowl"],"potions_floor_usage":[16],"damage_taken":[{"damage":1,"enemies":"Cultist","floor":1,"turns":3},{"damage":2,"enemies":"2 Louse","floor":2,"turns":4},{"damage":0,"enemies":"Small Slimes","floor":4,"turns":2},{"damage":35,"enemies":"Lagavulin","floor":6,"turns":6},{"damage":25,"enemies":"3 Sentries","floor":8,"turns":8},{"damage":7,"enemies":"Looter","floor":11,"turns":3},{"damage":3,"enemies":"2 Fungi Beasts","floor":12,"turns":3},{"damage":4,"enemies":"3 Louse","floor":14,"turns":4},{"damage":41,"enemies":"Slime Boss","floor":16,"turns":7}],"seed_played":"6554365980672001975","potions_obtained":[{"floor":6,"key":"Poison Potion"},{"floor":8,"key":"SpeedPotion"},{"floor":12,"key":"Ancient Potion"}],"is_trial":false,"path_per_floor":["M","M","?","M","?","E","R","E","T","R","M","M","?","M","R","B"],"character_chosen":"DEFECT","items_purchased":[],"campfire_rested":1,"item_purchase_floors":[],"current_hp_per_floor":[63,61,54,54,59,24,52,27,27,27,20,19,43,41,41,0],"gold":218,"neow_bonus":"TWENTY_PERCENT_HP_BONUS","is_prod":false,"is_daily":false,"chose_seed":false,"campfire_upgraded":2,"win_rate":0,"timestamp":1567953991,"path_taken":["M","M","?","M","?","E","R","E","T","R","M","M","?","M","R","BOSS"],"build_version":"2019-07-17","purchased_purges":0,"victory":false,"max_hp_per_floor":[89,89,89,89,94,94,94,94,94,94,94,96,96,98,98,98],"card_choices":[{"not_picked":["Rebound","Streamline"],"picked":"Conserve Battery","floor":1},{"not_picked":["Reprogram","Stack"],"picked":"Ball Lightning","floor":2},{"not_picked":["Force Field","Double Energy"],"picked":"FTL","floor":4},{"not_picked":["White Noise","Sweeping Beam"],"picked":"Rebound","floor":6},{"not_picked":["Heatsinks","Redo"],"picked":"Creative AI","floor":8},{"not_picked":["Barrage","Gash"],"picked":"FTL","floor":11},{"not_picked":["White Noise","Stack","Loop"],"picked":"Singing Bowl","floor":12},{"not_picked":["Rip and Tear","Cold Snap","Beam Cell"],"picked":"Singing Bowl","floor":14}],"player_experience":298119,"relics_obtained":[{"floor":6,"key":"Sundial"},{"floor":8,"key":"Cables"},{"floor":9,"key":"Singing Bowl"}],"event_choices":[{"cards_removed":["Strike_B"],"damage_healed":0,"gold_gain":0,"player_choice":"Card Removal","damage_taken":7,"max_hp_gain":0,"max_hp_loss":0,"event_name":"Golden Wing","floor":3,"gold_loss":0},{"damage_healed":0,"gold_gain":0,"player_choice":"Donut","damage_taken":0,"max_hp_gain":5,"max_hp_loss":0,"event_name":"Big Fish","floor":5,"gold_loss":0},{"damage_healed":24,"gold_gain":0,"player_choice":"Healed","damage_taken":0,"max_hp_gain":0,"max_hp_loss":0,"event_name":"The Cleric","floor":13,"gold_loss":35}],"is_beta":false,"boss_relics":[],"items_purged_floors":[],"is_endless":false,"potions_floor_spawned":[6,8,12],"killed_by":"Slime Boss","ascension_level":11}