{"gold_per_floor":[112,126,51,51,51,51,69,69,94,140,160,24,24,41,41,136,136,155,155,30,48,48,48,66,66,66,85,85],"floor_reached":28,"playtime":2052,"items_purged":["Normality","Regret","Strike_B"],"score":208,"play_id":"02223663-7a3f-4435-bea8-ac606139f5f5","local_time":"20190125235936","is_ascension_mode":false,"campfire_choices":[{"data":"Zap","floor":6,"key":"SMITH"},{"data":"Dualcast","floor":8,"key":"SMITH"},{"data":"Loop","floor":13,"key":"SMITH"},{"floor":15,"key":"REST"},{"data":"Creative AI","floor":23,"key":"SMITH"}],"neow_cost":"CURSE","seed_source_timestamp":21827616103799,"circlet_count":0,"master_deck":["Strike_B","Strike_B","Strike_B","Defend_B","Defend_B","Defend_B","Defend_B","Zap+1","Dualcast+1","Go for the Eyes","Loop+1","Self Repair","Creative AI+1","Turbo+1","BootSequence"],"relics":["Cracked Core","Gambling Chip","Singing Bowl","Kunai","DataDisk","Art of War","Philosopher\u0027s Stone","Meat on the Bone"],"potions_floor_usage":[16,24,28,28],"damage_taken":[{"damage":1,"enemies":"Jaw Worm","floor":1,"turns":4},{"damage":5,"enemies":"Small Slimes","floor":2,"turns":3},{"damage":2,"enemies":"Cultist","floor":7,"turns":3},{"damage":0,"enemies":"Red Slaver","floor":11,"turns":3},{"damage":22,"enemies":"Gremlin Gang","floor":14,"turns":4},{"damage":24,"enemies":"Hexaghost","floor":16,"turns":8},{"damage":8,"enemies":"Chosen","floor":18,"turns":6},{"damage":27,"enemies":"Shell Parasite","floor":21,"turns":8},{"damage":30,"enemies":"Sentry and Sphere","floor":24,"turns":5},{"damage":27,"enemies":"Centurion and Healer","floor":27,"turns":6},{"damage":54,"enemies":"Cultist and Chosen","floor":28,"turns":5}],"seed_played":"6413029619246518805","potions_obtained":[{"floor":11,"key":"LiquidBronze"},{"floor":14,"key":"SteroidPotion"},{"floor":21,"key":"Poison Potion"},{"floor":27,"key":"Poison Potion"}],"is_trial":false,"path_per_floor":["M","M","$","?","?","R","M","R","T","T","M","$","R","M","R","B",null,"M","?","$","M","?","R","M","?","T","M","M"],"character_chosen":"DEFECT","items_purchased":["Loop"],"campfire_rested":1,"item_purchase_floors":[12],"current_hp_per_floor":[74,69,69,66,66,66,66,66,66,66,68,68,68,46,69,52,79,78,63,63,45,45,45,24,53,53,45,0],"gold":85,"neow_bonus":"ONE_RARE_RELIC","is_prod":false,"is_daily":false,"chose_seed":false,"campfire_upgraded":4,"win_rate":0,"timestamp":1548457176,"path_taken":["M","M","$","?","?","R","M","R","T","?","M","$","R","M","R","BOSS","M","?","$","M","?","R","M","?","T","M","M"],"build_version":"2019-01-23","purchased_purges":3,"victory":false,"max_hp_per_floor":[75,75,75,75,75,75,77,77,77,77,79,79,79,79,79,79,79,79,84,84,86,86,86,88,88,88,88,88],"card_choices":[{"not_picked":["Cold Snap","Genetic Algorithm"],"picked":"Go for the Eyes","floor":1},{"not_picked":["Stack","Gash","Storm"],"picked":"SKIP","floor":2},{"not_picked":["Rip and Tear","Gash","Go for the Eyes"],"picked":"Singing Bowl","floor":7},{"not_picked":["Buffer","Rip and Tear","Conserve Battery"],"picked":"Singing Bowl","floor":11},{"not_picked":["White Noise","Doom and Gloom"],"picked":"Self Repair","floor":14},{"not_picked":["Meteor Strike","Hyperbeam"],"picked":"Creative AI","floor":16},{"not_picked":["Sweeping Beam","Rebound+1"],"picked":"Turbo+1","floor":18},{"not_picked":["Turbo","Recycle","Redo"],"picked":"Singing Bowl","floor":21},{"not_picked":["Hello World","Compile Driver","Coolheaded"],"picked":"Singing Bowl","floor":24},{"not_picked":["Barrage","Turbo"],"picked":"BootSequence","floor":27}],"player_experience":639878,"relics_obtained":[{"floor":9,"key":"DataDisk"},{"floor":10,"key":"Art of War"},{"floor":26,"key":"Meat on the Bone"}],"event_choices":[{"damage_healed":0,"gold_gain":0,"player_choice":"Success","damage_taken":3,"relics_obtained":["Singing Bowl"],"max_hp_gain":0,"max_hp_loss":0,"event_name":"Scrap Ooze","floor":4,"gold_loss":0},{"damage_healed":0,"gold_gain":0,"player_choice":"Box","damage_taken":0,"relics_obtained":["Kunai"],"max_hp_gain":0,"max_hp_loss":0,"event_name":"Big Fish","floor":5,"gold_loss":0,"cards_obtained":["Regret"]},{"damage_healed":0,"gold_gain":0,"player_choice":"Shed Blood","damage_taken":20,"max_hp_gain":5,"max_hp_loss":0,"event_name":"Forgotten Altar","floor":19,"gold_loss":0},{"damage_healed":0,"gold_gain":0,"player_choice":"Ignored","damage_taken":0,"max_hp_gain":0,"max_hp_loss":0,"event_name":"Ghosts","floor":22,"gold_loss":0},{"damage_healed":29,"gold_gain":0,"player_choice":"Heal","damage_taken":0,"max_hp_gain":0,"max_hp_loss":0,"event_name":"The Library","floor":25,"gold_loss":0}],"is_beta":false,"boss_relics":[{"not_picked":["Astrolabe","Cursed Key"],"picked":"Philosopher\u0027s Stone"}],"items_purged_floors":[3,12,20],"is_endless":false,"potions_floor_spawned":[11,14,21,27],"killed_by":"Cultist and Chosen","ascension_level":0}