{"path_per_floor":["M","?","?","M","M","E","R","?","T","M","T","R","$","M","R","B",null,"M","?","?","?","?","M","M","M","T","T","E","R","T","M","R","B",null,"M","?","$","T","M","R","M","R","T","R","?","$","M","M","R","B"],"character_chosen":"THE_SILENT","items_purchased":["Panache","Backstab"],"gold_per_floor":[115,115,115,133,146,180,180,180,180,196,278,278,17,29,29,130,130,144,69,69,69,69,85,99,117,117,141,173,173,173,185,185,281,281,291,291,158,158,178,178,195,195,195,195,195,70,87,103,103,103],"floor_reached":51,"campfire_rested":3,"playtime":4341,"current_hp_per_floor":[63,63,63,60,60,20,38,38,38,35,35,35,35,34,34,2,63,62,62,38,38,38,32,22,10,10,10,10,28,28,28,46,45,63,62,62,62,62,62,62,62,62,62,62,62,62,63,63,63,62],"items_purged":["Normality","Defend_G","Writhe"],"gold":103,"score":690,"play_id":"dfd3f2ee-73cc-49bb-af40-1abd569418ea","local_time":"20180404115945","is_prod":false,"is_daily":false,"is_ascension_mode":false,"campfire_upgraded":3,"timestamp":1522835985,"path_taken":["M","?","?","?","M","E","R","?","T","?","?","R","?","M","R","BOSS","M","?","?","?","?","?","M","M","T","?","E","R","?","M","R","BOSS","M","?","$","?","M","R","M","R","T","R","?","$","?","M","R","BOSS"],"build_version":"2018-03-29v2","purchased_purges":3,"victory":true,"master_deck":["Defend_G","Strike_G","Strike_G","Survivor","Neutralize","Finisher+1","Slice","Backflip","Prepared+1","Panache+1","Storm of Steel+1","Acrobatics+1","Purity+1","Blind+1","Outmaneuver+1","Acrobatics+1","Escape Plan+1","Acrobatics+1","Terror+1","Tactician+1","Backstab","Blade Dance+1"],"max_hp_per_floor":[63,63,63,63,63,63,63,63,63,63,63,63,63,63,63,63,63,63,63,63,63,63,63,63,63,63,63,63,63,63,63,63,63,63,63,63,63,63,63,63,63,63,63,63,63,63,63,63,63,63],"relics":["Ring of the Snake","Tingsha","Orichalcum","Torii","Toxic Egg 2","White Beast Statue","Unceasing Top","Anchor","Oddly Smooth Stone","Sundial","Cursed Key","Girya","Dodecahedron"],"card_choices":[{"not_picked":["Underhanded Strike","Acrobatics"],"picked":"Finisher","floor":1.0},{"not_picked":["PiercingWail","Setup"],"picked":"Slice","floor":4.0},{"not_picked":["Expertise","Deflect"],"picked":"Backflip","floor":6.0},{"not_picked":["Poisoned Stab","Sucker Punch"],"picked":"Prepared","floor":10.0},{"not_picked":["Glass Knife","Doppelganger"],"picked":"Storm of Steel","floor":16},{"not_picked":["Poisoned Stab","Backflip"],"picked":"Acrobatics","floor":18},{"not_picked":["Backflip","PiercingWail"],"picked":"Acrobatics","floor":23},{"not_picked":["Outmaneuver","Deadly Poison"],"picked":"Escape Plan","floor":24},{"not_picked":["Catalyst","Flechettes"],"picked":"Acrobatics","floor":25},{"not_picked":["Deadly Poison","Flying Knee"],"picked":"Terror","floor":28},{"not_picked":["Venomology","Glass Knife"],"picked":"Tactician","floor":33},{"not_picked":["Backflip","Quick Slash"],"picked":"Blade Dance","floor":39}],"player_experience":283480,"potions_floor_usage":[23,24,28,33,47,50,50],"damage_taken":[{"damage":0.0,"enemies":"2 Louse","floor":1.0,"turns":3.0},{"damage":3.0,"enemies":"Jaw Worm","floor":4.0,"turns":5.0},{"damage":0.0,"enemies":"Cultist","floor":5.0,"turns":3.0},{"damage":40.0,"enemies":"Gremlin Nob","floor":6.0,"turns":5.0},{"damage":3.0,"enemies":"3 Louse","floor":10.0,"turns":4.0},{"damage":1,"enemies":"Gremlin Gang","floor":14,"turns":2},{"damage":32,"enemies":"Slime Boss","floor":16,"turns":10},{"damage":1,"enemies":"Spheric Guardian","floor":18,"turns":3},{"damage":18,"enemies":"Chosen","floor":23,"turns":5},{"damage":10,"enemies":"Centurion and Healer","floor":24,"turns":6},{"damage":12,"enemies":"Snecko","floor":25,"turns":4},{"damage":0,"enemies":"Book of Stabbing","floor":28,"turns":3},{"damage":0,"enemies":"Snake Plant","floor":31,"turns":2},{"damage":1,"enemies":"Collector","floor":33,"turns":4},{"damage":1,"enemies":"3 Shapes","floor":35,"turns":2},{"damage":0,"enemies":"Orb Walker","floor":39,"turns":2},{"damage":0,"enemies":"3 Darklings","floor":41,"turns":1},{"damage":0,"enemies":"Maw","floor":47,"turns":2},{"damage":0,"enemies":"4 Shapes","floor":48,"turns":1},{"damage":1,"enemies":"Donu and Deca","floor":50,"turns":3}],"event_choices":[{"event_name":"Living Wall","player_choice":"Forget","floor":2.0,"damage_taken":0.0},{"event_name":"Purifier","player_choice":"One Purge","floor":3.0,"damage_taken":0.0},{"event_name":"Accursed Blacksmith","player_choice":"Rummage","floor":8.0,"damage_taken":0.0},{"event_name":"Beggar","player_choice":"Gave Gold","floor":19,"damage_taken":0},{"event_name":"Knowing Skull","player_choice":"CARD CARD ","floor":20,"damage_taken":0},{"event_name":"Transmorgrifier","player_choice":"Transform","floor":21,"damage_taken":0},{"event_name":"Addict","player_choice":"Ignored","floor":22,"damage_taken":0},{"event_name":"Tomb of Lord Red Mask","player_choice":"Ignored","floor":36,"damage_taken":0},{"event_name":"Purifier","player_choice":"One Purge","floor":45,"damage_taken":0}],"boss_relics":[{"not_picked":["Ectoplasm","Runic Pyramid"],"picked":"White Beast Statue"},{"not_picked":["Astrolabe","The Specimen"],"picked":"Cursed Key"}],"potions_floor_spawned":[6,18,23,24,25,28,31,33,35,39,41,47,48],"seed_played":"5722014003536276196","ascension_level":0,"is_trial":false}