{"path_per_floor":["M","M","?","?","M","M","M","$","T","E","R","M","M","M","R"],"character_chosen":"IRONCLAD","items_purchased":[],"gold_per_floor":[14,29,29,29,46,64,76,1,48,74,74,85,95,112,112,112],"floor_reached":16,"campfire_rested":0,"playtime":1643,"current_hp_per_floor":[80,80,80,80,80,63,55,55,55,36,36,30,27,33,33,0],"items_purged":["Corruption"],"gold":112,"score":106,"play_id":"ef692cdf-e848-4e8e-9dc4-01472ff1d5ff","local_time":"20180518035332","is_prod":false,"is_daily":false,"chose_seed":false,"is_ascension_mode":false,"campfire_upgraded":2,"timestamp":1526608412,"campfire_choices":[{"data":"Thunderclap","floor":11,"key":"SMITH"},{"data":"Flex","floor":15,"key":"SMITH"}],"path_taken":["M","M","?","?","M","M","M","$","T","E","R","M","M","M","R","BOSS"],"build_version":"2018-05-17","seed_source_timestamp":10928996895630,"purchased_purges":1,"victory":false,"master_deck":["Strike_R","Strike_R","Strike_R","Strike_R","Defend_R","Defend_R","Defend_R","Bash","Armaments","Heavy Blade","Thunderclap+1","Flex+1"],"max_hp_per_floor":[80,80,80,80,80,80,80,80,80,80,80,80,80,80,80,80],"relics":["Burning Blood","Champion Belt","Boot","Mercury Hourglass"],"card_choices":[{"not_picked":["Clothesline","Shockwave","Cleave"],"picked":"SKIP","floor":1},{"not_picked":["Perfected Strike","Uppercut"],"picked":"Armaments","floor":2},{"not_picked":["Havoc","Sword Boomerang","Inflame"],"picked":"SKIP","floor":5},{"not_picked":["Clash","Iron Wave"],"picked":"Heavy Blade","floor":6},{"not_picked":["Dual Wield","Perfected Strike","Clash"],"picked":"SKIP","floor":7},{"not_picked":["Metallicize","Fire Breathing"],"picked":"Thunderclap","floor":10},{"not_picked":["Rampage","Juggernaut","Clash"],"picked":"SKIP","floor":12},{"not_picked":["Carnage","Iron Wave","Infernal Blade"],"picked":"SKIP","floor":13},{"not_picked":["Hemokinesis","Iron Wave"],"picked":"Flex","floor":14}],"player_experience":419542,"potions_floor_usage":[10,10,14],"damage_taken":[{"damage":2,"enemies":"Small Slimes","floor":1,"turns":4},{"damage":3,"enemies":"2 Louse","floor":2,"turns":3},{"damage":4,"enemies":"Cultist","floor":5,"turns":4},{"damage":23,"enemies":"3 Louse","floor":6,"turns":3},{"damage":14,"enemies":"Large Slime","floor":7,"turns":7},{"damage":25,"enemies":"Lagavulin","floor":10,"turns":6},{"damage":12,"enemies":"Exordium Thugs","floor":12,"turns":5},{"damage":9,"enemies":"Red Slaver","floor":13,"turns":2},{"damage":0,"enemies":"3 Louse","floor":14,"turns":2},{"damage":33,"enemies":"The Guardian","floor":16,"turns":10}],"relics_obtained":[{"floor":9,"key":"Boot"},{"floor":10,"key":"Mercury Hourglass"}],"event_choices":[{"event_name":"Living Wall","player_choice":"Forget","floor":3,"damage_taken":0},{"event_name":"Transmorgrifier","player_choice":"Transform","floor":4,"damage_taken":0}],"boss_relics":[],"potions_floor_spawned":[5,7,12],"seed_played":"7907341438418367846","killed_by":"The Guardian","ascension_level":0,"potions_obtained":[{"floor":5,"key":"Strength Potion"},{"floor":7,"key":"EssenceOfSteel"},{"floor":12,"key":"Explosive Potion"}],"is_trial":false}