{"gold_per_floor":[121,152,177,79,97,124,124,149,226,226,240,240,258,290,290,392,392,409,179,179,179,195,195,205,205,251,270,175,191,203,213,213,317,317,331,349,254,264,278,278,288,238,306,320,126,126,126,137,137,137,137,137,60,88,88],"floor_reached":55,"playtime":3516,"items_purged":["Strike_R","Parasite","Strike_R","Strike_R","Defend_R"],"score":695,"play_id":"4a282b9d-bf2f-4c77-9f48-56343854d848","local_time":"20190903171059","is_ascension_mode":false,"campfire_choices":[{"data":"Uppercut","floor":7,"key":"SMITH"},{"data":"Flame Barrier","floor":12,"key":"SMITH"},{"data":"Disarm","floor":15,"key":"SMITH"},{"data":"Armaments","floor":23,"key":"SMITH"},{"data":"Infernal Blade","floor":25,"key":"SMITH"},{"data":"Havoc","floor":32,"key":"SMITH"},{"data":"True Grit","floor":40,"key":"SMITH"},{"floor":46,"key":"RECALL"},{"floor":49,"key":"REST"},{"data":"Feel No Pain","floor":52,"key":"SMITH"}],"neow_cost":"NONE","seed_source_timestamp":1789584551753638,"circlet_count":0,"master_deck":["Defend_R","Defend_R","Defend_R","Bash","Iron Wave","Disarm+1","Battle Trance","Rampage","Uppercut+1","Feel No Pain+1","Flame Barrier+1","Armaments+1","Feed","Infernal Blade+1","Clothesline","Dark Embrace+1","Ghostly Armor","Dark Shackles","Corruption+1","Inflame+1","Havoc+1","Headbutt","Armaments+1","Juggernaut+1","True Grit+1","Pain","Infernal Blade+1","Inflame+1"],"relics":["Burning Blood","MawBank","Frozen Egg 2","Pocketwatch","Boot","Cursed Key","Pen Nib","Enchiridion","Smiling Mask","Empty Cage","Ornamental Fan","Bronze Scales","Lantern"],"potions_floor_usage":[14,29,48,50,50],"damage_taken":[{"damage":15,"enemies":"Jaw Worm","floor":1,"turns":4},{"damage":5,"enemies":"2 Louse","floor":2,"turns":4},{"damage":4,"enemies":"Cultist","floor":3,"turns":4},{"damage":4,"enemies":"Gremlin Gang","floor":5,"turns":7},{"damage":39,"enemies":"Lagavulin","floor":6,"turns":7},{"damage":11,"enemies":"3 Sentries","floor":8,"turns":8},{"damage":5,"enemies":"Red Slaver","floor":11,"turns":4},{"damage":7,"enemies":"Large Slime","floor":13,"turns":5},{"damage":8,"enemies":"Lagavulin","floor":14,"turns":7},{"damage":21,"enemies":"Hexaghost","floor":16,"turns":10},{"damage":15,"enemies":"3 Byrds","floor":18,"turns":4},{"damage":0,"enemies":"Chosen","floor":22,"turns":5},{"damage":0,"enemies":"Snecko","floor":24,"turns":5},{"damage":0,"enemies":"Cultist and Chosen","floor":27,"turns":6},{"damage":1,"enemies":"Shelled Parasite and Fungi","floor":29,"turns":8},{"damage":6,"enemies":"Snecko","floor":30,"turns":3},{"damage":0,"enemies":"Cultist and Chosen","floor":31,"turns":5},{"damage":26,"enemies":"Champ","floor":33,"turns":12},{"damage":9,"enemies":"3 Shapes","floor":35,"turns":4},{"damage":0,"enemies":"Orb Walker","floor":36,"turns":4},{"damage":0,"enemies":"Spire Growth","floor":38,"turns":5},{"damage":12,"enemies":"4 Shapes","floor":39,"turns":3},{"damage":7,"enemies":"Sphere and 2 Shapes","floor":41,"turns":6},{"damage":15,"enemies":"Spire Growth","floor":44,"turns":5},{"damage":21,"enemies":"3 Darklings","floor":48,"turns":4},{"damage":77,"enemies":"Donu and Deca","floor":50,"turns":8},{"damage":79,"enemies":"Shield and Spear","floor":54,"turns":7},{"damage":46,"enemies":"The Heart","floor":55,"turns":2}],"seed_played":"-6735810210288041718","potions_obtained":[{"floor":2,"key":"Strength Potion"},{"floor":6,"key":"Strength Potion"},{"floor":13,"key":"EssenceOfSteel"},{"floor":16,"key":"Block Potion"},{"floor":22,"key":"BloodPotion"},{"floor":31,"key":"Energy Potion"}],"is_trial":false,"path_per_floor":["M","M","M","$","M","E","R","E","T","?","M","R","M","E","R","B",null,"M","$","?","?","M","R","M","R","T","M","$","M","M","M","R","B",null,"M","M","$","M","M","R","M","$","T","M","$","R","?","M","R","B",null,"R","$","E","B"],"character_chosen":"IRONCLAD","items_purchased":["Rampage","Uppercut","Pen Nib","Havoc","True Grit","Bronze Scales","Inflame+1"],"campfire_rested":1,"item_purchase_floors":[4,4,19,28,37,45,53],"current_hp_per_floor":[71,72,74,74,76,43,43,38,38,38,39,39,41,42,42,31,90,84,84,68,68,74,74,80,80,80,86,86,93,93,96,96,80,100,101,107,107,107,104,104,103,103,103,94,94,94,94,79,110,66,110,110,110,37,0],"gold":88,"neow_bonus":"RANDOM_COMMON_RELIC","is_prod":false,"is_daily":false,"chose_seed":false,"campfire_upgraded":8,"win_rate":0,"timestamp":1567523459,"path_taken":["M","M","M","$","M","E","R","E","T","?","M","R","M","E","R","BOSS","M","$","?","?","M","R","?","R","T","?","$","?","M","?","R","BOSS","M","M","$","M","M","R","M","$","T","M","$","R","?","M","R","BOSS","R","$","E","BOSS"],"build_version":"2019-07-17","purchased_purges":5,"victory":false,"max_hp_per_floor":[80,80,80,80,80,80,80,80,80,80,80,80,83,86,86,90,90,93,93,93,93,93,93,93,93,93,93,90,93,93,96,96,100,100,104,107,107,107,110,110,110,110,110,110,110,110,110,110,110,110,110,110,110,110,110],"card_choices":[{"not_picked":["Cleave","Sword Boomerang"],"picked":"Iron Wave","floor":1},{"not_picked":["Limit Break","Twin Strike"],"picked":"Disarm","floor":2},{"not_picked":["Warcry","Perfected Strike"],"picked":"Battle Trance","floor":3},{"not_picked":["Burning Pact","Rampage"],"picked":"Feel No Pain","floor":5},{"not_picked":["Hemokinesis","Sword Boomerang"],"picked":"Flame Barrier","floor":6},{"not_picked":["Clash","Reckless Charge"],"picked":"Armaments","floor":8},{"not_picked":["Warcry","True Grit"],"picked":"Feed","floor":11},{"not_picked":["Thunderclap","Disarm"],"picked":"Infernal Blade","floor":13},{"not_picked":["Searing Blow","Entrench"],"picked":"Clothesline","floor":14},{"not_picked":["Impervious","Limit Break"],"picked":"Dark Embrace+1","floor":16},{"not_picked":["Reckless Charge","Warcry"],"picked":"Ghostly Armor","floor":18},{"not_picked":["Fire Breathing+1","Sword Boomerang"],"picked":"Corruption+1","floor":22},{"not_picked":["Combust+1","Second Wind","Reckless Charge"],"picked":"SKIP","floor":24},{"not_picked":["Sword Boomerang","Pommel Strike"],"picked":"Inflame+1","floor":27},{"not_picked":["Intimidate","Second Wind"],"picked":"Headbutt","floor":29},{"not_picked":["Warcry","Seeing Red","Searing Blow"],"picked":"SKIP","floor":30},{"not_picked":["Thunderclap+1","Twin Strike"],"picked":"Armaments+1","floor":31},{"not_picked":["Feed","Reaper"],"picked":"Juggernaut+1","floor":33},{"not_picked":["Cleave+1","Perfected Strike+1","Clothesline"],"picked":"SKIP","floor":35},{"not_picked":["Sword Boomerang","Dual Wield","Corruption+1"],"picked":"SKIP","floor":36},{"not_picked":["Armaments","Blood for Blood+1","True Grit"],"picked":"SKIP","floor":38},{"not_picked":["Wild Strike+1","Rampage+1","True Grit"],"picked":"SKIP","floor":39},{"not_picked":["Cleave","Iron Wave","Flex"],"picked":"SKIP","floor":41},{"not_picked":["Uppercut","Heavy Blade+1","Sword Boomerang+1"],"picked":"SKIP","floor":44},{"not_picked":["Shrug It Off+1","Corruption+1"],"picked":"Infernal Blade+1","floor":48},{"not_picked":["Clash+1","Heavy Blade+1","Pummel+1"],"picked":"SKIP","floor":54}],"player_experience":136755,"relics_obtained":[{"floor":6,"key":"Frozen Egg 2"},{"floor":8,"key":"Pocketwatch"},{"floor":14,"key":"Boot"},{"floor":20,"key":"Enchiridion"},{"floor":26,"key":"Smiling Mask"},{"floor":43,"key":"Ornamental Fan"},{"floor":54,"key":"Lantern"}],"event_choices":[{"damage_healed":0,"gold_gain":0,"player_choice":"Ignored","damage_taken":0,"max_hp_gain":0,"max_hp_loss":0,"event_name":"Golden Idol","floor":10,"gold_loss":0},{"damage_healed":0,"gold_gain":0,"player_choice":"Obtained Book","damage_taken":16,"max_hp_gain":0,"max_hp_loss":0,"event_name":"Cursed Tome","floor":20,"gold_loss":0},{"damage_healed":0,"gold_gain":0,"player_choice":"1 cards matched","damage_taken":0,"max_hp_gain":0,"max_hp_loss":0,"event_name":"Match and Keep!","floor":21,"gold_loss":0,"cards_obtained":["Dark Shackles"]},{"damage_healed":0,"gold_gain":0,"player_choice":"Ignored","damage_taken":0,"max_hp_gain":0,"max_hp_loss":0,"event_name":"Tomb of Lord Red Mask","floor":47,"gold_loss":0}],"is_beta":false,"boss_relics":[{"not_picked":["Runic Pyramid","Fusion Hammer"],"picked":"Cursed Key"},{"not_picked":["White Beast Statue","Calling Bell"],"picked":"Empty Cage"}],"items_purged_floors":[19,28,37,42,45],"is_endless":false,"potions_floor_spawned":[2,6,13,16,22,24,31,33,36,41],"killed_by":"The Heart","ascension_level":0}