{"gold_per_floor":[117,134,134,134,5,34,34,34,106,106,123,138,138,158,158,262,262,262,262,192,192,192,192,92,92,92,92,92,92,92,92,92,92,92,92,92,45,45,45,45,45,45,45,45,45,45,45,45,45,45,45,45,45,45,45],"floor_reached":55,"playtime":3802,"items_purged":["Regret","Strike_R"],"score":667,"play_id":"1b153331-7bff-4c26-b63c-1a4c95b65494","local_time":"20190208192807","is_ascension_mode":false,"campfire_choices":[{"data":"Fiend Fire","floor":8.0,"key":"SMITH"},{"data":"Thunderclap","floor":10.0,"key":"SMITH"},{"floor":13.0,"key":"RECALL"},{"data":"Iron Wave","floor":15.0,"key":"SMITH"},{"data":"Barricade","floor":23.0,"key":"SMITH"},{"data":"Rampage","floor":25.0,"key":"SMITH"},{"data":"Evolve","floor":28.0,"key":"SMITH"},{"data":"Shrug It Off","floor":30.0,"key":"SMITH"},{"floor":32.0,"key":"REST"},{"data":"Body Slam","floor":40,"key":"SMITH"},{"data":"Sentinel","floor":46,"key":"SMITH"},{"data":"Power Through","floor":49,"key":"SMITH"},{"data":"Defend_R","floor":52,"key":"SMITH"}],"neow_cost":"NONE","seed_source_timestamp":0,"circlet_count":0,"master_deck":["Strike_R","Strike_R","Strike_R","Defend_R+1","Defend_R","Defend_R","Defend_R","Bash+1","Thunderclap+1","Shrug It Off+1","Fiend Fire+1","Iron Wave+1","Barricade+1","Rampage+1","Evolve+1","Dropkick+1","Power Through+1","Sentinel+1","Body Slam+1","Body Slam+1","Offering"],"special_seed":0,"relics":["Burning Blood","Strawberry","Shuriken","Red Skull","Singing Bowl","Ectoplasm","Regal Pillow","Mark of Pain","Orichalcum","Paper Frog"],"potions_floor_usage":[38,48,50,54],"damage_taken":[{"damage":17.0,"enemies":"Jaw Worm","floor":1.0,"turns":4.0},{"damage":0.0,"enemies":"2 Louse","floor":2.0,"turns":3.0},{"damage":50.0,"enemies":"Lagavulin","floor":6.0,"turns":6.0},{"damage":0.0,"enemies":"Small Slimes","floor":11.0,"turns":1.0},{"damage":7.0,"enemies":"3 Louse","floor":12.0,"turns":3.0},{"damage":17.0,"enemies":"Exordium Thugs","floor":14.0,"turns":3.0},{"damage":35.0,"enemies":"Hexaghost","floor":16.0,"turns":8.0},{"damage":5.0,"enemies":"Chosen","floor":18.0,"turns":4.0},{"damage":27.0,"enemies":"Spheric Guardian","floor":19.0,"turns":6.0},{"damage":12.0,"enemies":"3 Cultists","floor":21.0,"turns":6.0},{"damage":19.0,"enemies":"Chosen and Byrds","floor":22.0,"turns":7.0},{"damage":31.0,"enemies":"Centurion and Healer","floor":31.0,"turns":6.0},{"damage":46.0,"enemies":"Automaton","floor":33.0,"turns":8.0},{"damage":7.0,"enemies":"3 Shapes","floor":35.0,"turns":5.0},{"damage":29,"enemies":"3 Darklings","floor":38,"turns":6},{"damage":47,"enemies":"Jaw Worm Horde","floor":39,"turns":5},{"damage":20,"enemies":"Maw","floor":41,"turns":6},{"damage":22,"enemies":"3 Darklings","floor":47,"turns":5},{"damage":7,"enemies":"Spire Growth","floor":48,"turns":4},{"damage":52,"enemies":"Donu and Deca","floor":50,"turns":8},{"damage":74,"enemies":"Shield and Spear","floor":54,"turns":7},{"damage":45,"enemies":"The Heart","floor":55,"turns":2}],"seed_played":"7966726078265108818","potions_obtained":[{"floor":1.0,"key":"FearPotion"},{"floor":14.0,"key":"Poison Potion"},{"floor":16.0,"key":"Dexterity Potion"},{"floor":19.0,"key":"Swift Potion"},{"floor":21.0,"key":"Block Potion"},{"floor":39,"key":"SpeedPotion"},{"floor":47,"key":"Weak Potion"},{"floor":48,"key":"EssenceOfSteel"},{"floor":54,"key":"SteroidPotion"}],"is_trial":false,"path_per_floor":["M","M","?","?","$","E","?","R","T","R","M","M","R","M","R","B",null,"M","M","$","M","M","R","$","R","T","?","R","?","R","M","R","B",null,"M","?","$","M","M","R","M","?","T","$","?","R","M","M","R","B",null,"R","$","E","B"],"character_chosen":"IRONCLAD","items_purchased":["Shrug It Off","Rampage","Body Slam"],"campfire_rested":1,"item_purchase_floors":[5,20,37],"current_hp_per_floor":[76,82,82,82,82,38,38,38,38,38,46,47,47,36,36,7,91,93,74,74,68,55,55,55,55,55,55,55,55,55,30,73,33,95,94,94,94,73,34,34,22,22,22,22,111,111,97,96,96,50,113,113,113,45,0],"gold":45,"neow_bonus":"RANDOM_COMMON_RELIC","is_prod":false,"is_daily":false,"chose_seed":false,"campfire_upgraded":11,"win_rate":0,"timestamp":1549650487,"path_taken":["M","M","?","?","$","E","?","R","T","R","M","M","R","M","R","BOSS","M","M","$","M","M","R","$","R","T","?","R","?","R","M","R","BOSS","M","?","?","M","M","R","M","?","T","$","?","R","M","M","R","BOSS","R","$","E","BOSS"],"build_version":"2019-01-23","purchased_purges":2,"victory":false,"max_hp_per_floor":[87,87,87,87,87,87,87,87,87,87,89,91,91,91,91,91,91,93,95,95,95,95,95,95,95,95,95,95,95,95,95,95,95,95,95,95,95,97,99,99,101,101,101,101,111,111,113,113,113,113,113,113,113,113,113],"card_choices":[{"not_picked":["Reckless Charge","Clothesline","Havoc"],"picked":"SKIP","floor":1.0},{"not_picked":["Clothesline","Flex"],"picked":"Thunderclap","floor":2.0},{"not_picked":["Entrench","Rage"],"picked":"Fiend Fire","floor":6.0},{"not_picked":["Thunderclap","Wild Strike","Entrench"],"picked":"Singing Bowl","floor":11.0},{"not_picked":["Metallicize","Rampage","Intimidate"],"picked":"Singing Bowl","floor":12.0},{"not_picked":["Body Slam","Clothesline"],"picked":"Iron Wave","floor":14.0},{"not_picked":["Bludgeon","Feed"],"picked":"Barricade","floor":16.0},{"not_picked":["Thunderclap","Headbutt","Seeing Red"],"picked":"Singing Bowl","floor":18.0},{"not_picked":["Clash","Sword Boomerang","Perfected Strike"],"picked":"Singing Bowl","floor":19.0},{"not_picked":["Perfected Strike","Reckless Charge+1"],"picked":"Evolve","floor":21.0},{"not_picked":["Fire Breathing","True Grit"],"picked":"Dropkick+1","floor":22.0},{"not_picked":["Twin Strike+1","Shrug It Off"],"picked":"Power Through","floor":31.0},{"not_picked":["Exhume","Barricade"],"picked":"Dark Embrace","floor":33.0},{"not_picked":["Cleave+1","Clothesline+1"],"picked":"Sentinel","floor":35.0},{"not_picked":["Clash+1","Anger","Ghostly Armor+1"],"picked":"Singing Bowl","floor":38},{"not_picked":["Clothesline","Cleave","Infernal Blade+1"],"picked":"Singing Bowl","floor":39},{"not_picked":["Warcry+1","Perfected Strike+1","Wild Strike+1"],"picked":"Singing Bowl","floor":41},{"not_picked":["Corruption+1","Headbutt","Hemokinesis+1"],"picked":"Singing Bowl","floor":47},{"not_picked":["Shockwave+1","Sword Boomerang+1"],"picked":"Body Slam+1","floor":48},{"not_picked":["Uppercut","Shockwave"],"picked":"Offering","floor":54}],"player_experience":790102,"relics_obtained":[{"floor":6.0,"key":"Red Skull"},{"floor":9.0,"key":"Singing Bowl"},{"floor":43,"key":"Orichalcum"},{"floor":54,"key":"Paper Frog"}],"event_choices":[{"damage_healed":0.0,"max_hp_gain":0.0,"max_hp_loss":0.0,"gold_gain":0.0,"event_name":"Living Wall","player_choice":"Grow","floor":3.0,"gold_loss":0.0,"damage_taken":0.0,"cards_upgraded":["Bash"]},{"damage_healed":0.0,"max_hp_gain":0.0,"max_hp_loss":0.0,"gold_gain":0.0,"event_name":"Big Fish","player_choice":"Box","floor":4.0,"gold_loss":0.0,"damage_taken":0.0,"relics_obtained":["Shuriken"],"cards_obtained":["Regret"]},{"damage_healed":0.0,"max_hp_gain":0.0,"max_hp_loss":0.0,"gold_gain":0.0,"event_name":"The Cleric","player_choice":"Leave","floor":7.0,"gold_loss":0.0,"damage_taken":0.0},{"damage_healed":0.0,"max_hp_gain":0.0,"max_hp_loss":0.0,"gold_gain":0.0,"event_name":"Ghosts","player_choice":"Ignored","floor":27.0,"gold_loss":0.0,"damage_taken":0.0},{"damage_healed":0.0,"max_hp_gain":0.0,"max_hp_loss":0.0,"gold_gain":0.0,"event_name":"The Mausoleum","player_choice":"Opened","floor":29.0,"gold_loss":0.0,"damage_taken":0.0,"relics_obtained":["Regal Pillow"]},{"cards_removed":["Strike_R"],"damage_healed":0.0,"max_hp_gain":0.0,"max_hp_loss":0.0,"gold_gain":0.0,"event_name":"Purifier","player_choice":"Purged","floor":36.0,"gold_loss":0.0,"damage_taken":0.0},{"damage_healed":0,"gold_gain":0,"player_choice":"Ignored","damage_taken":0,"max_hp_gain":0,"max_hp_loss":0,"event_name":"Tomb of Lord Red Mask","floor":42,"gold_loss":0},{"cards_removed":["Dark Embrace"],"damage_healed":79,"gold_gain":0,"player_choice":"Offered Rare","damage_taken":0,"max_hp_gain":10,"max_hp_loss":0,"event_name":"Bonfire Elementals","floor":45,"gold_loss":0}],"is_beta":false,"boss_relics":[{"not_picked":["Empty Cage","Black Star"],"picked":"Ectoplasm"},{"not_picked":["Tiny House","Velvet Choker"],"picked":"Mark of Pain"}],"items_purged_floors":[5,24],"is_endless":false,"potions_floor_spawned":[1,14,16,19,21,39,47,48,54],"killed_by":"The Heart","ascension_level":0}