{"path_per_floor":["M","?","$","M","M","E","R","?","T","R","M","R","M","M","R","B",null,"M","?","M","M","$","E","$","?","T","E","R","M","R","M","R","B",null,"M","?","?","M","$","R","E","R","T","R","M","M","?","T","R"],"character_chosen":"THE_SILENT","items_purchased":["Poisoned Stab","Quick Slash","Panache","Quick Slash","Blur"],"gold_per_floor":[118,78,9,28,40,74,74,24,50,50,68,68,80,100,100,203,203,189,189,205,224,11,36,2,2,29,61,61,81,81,93,93,194,194,205,205,0,17,17,17,47,47,47,47,62,76,121,168,168],"floor_reached":50,"campfire_rested":2,"playtime":6721,"current_hp_per_floor":[64,64,64,51,47,14,35,35,35,56,49,49,44,41,41,21,70,66,76,74,72,72,56,56,56,56,35,35,39,39,45,45,37,80,63,53,53,62,62,76,46,60,60,74,68,58,39,39,55],"items_purged":[],"gold":168,"score":511,"play_id":"33cade85-a2c6-4942-8117-99da900d3e90","is_prod":false,"is_daily":false,"is_ascension_mode":false,"campfire_upgraded":8,"path_taken":["M","?","$","M","M","E","R","?","T","R","M","R","M","?","R","BOSS","M","?","M","M","$","E","$","?","T","E","R","?","R","M","R","BOSS","M","?","?","M","$","R","E","R","T","R","M","M","?","?","R","BOSS"],"build_version":"2018-02-08-PROD1","purchased_purges":0,"victory":false,"master_deck":["Defend_G","Defend_G+1","Survivor","Neutralize","Terror","Poisoned Stab","Quick Slash","Blade Dance+1","Outmaneuver+1","PiercingWail","Expertise+1","Tools of the Trade","Backflip","Adrenaline+1","Footwork+1","After Image+1","Backflip+1","Flying Knee+1","Backstab","Dagger Throw+1","Panache+1","Quick Slash","Acrobatics+1","Blur","Bite","Bite","Bite","Bite+1","Bite","Heel Hook","Outmaneuver+1","PiercingWail","Adrenaline+1","Quick Slash","Madness+1","Madness","Dagger Spray+1","Backflip","Flechettes+1","Acrobatics","Riddle With Holes"],"max_hp_per_floor":[70,70,70,70,70,70,70,70,70,70,70,70,70,70,70,70,70,70,80,80,80,80,80,80,80,80,80,80,80,80,80,80,80,80,80,80,80,80,80,80,80,80,80,80,80,80,80,80,80],"relics":["Ring of the Snake","Mummified Hand","Bronze Scales","Astrolabe","Pear","Orichalcum","Oddly Smooth Stone","Eternal Feather","Red Mask","Juzu Bracelet","Bird Faced Urn","Girya","War Paint"],"card_choices":[{"not_picked":["Crippling Poison","PiercingWail"],"picked":"Terror"},{"not_picked":["Slice","Acrobatics"],"picked":"Blade Dance"},{"not_picked":["Flying Knee","Deadly Poison"],"picked":"Outmaneuver"},{"not_picked":["Deflect","Night Terror"],"picked":"PiercingWail"},{"not_picked":["Poisoned Stab","Dagger Throw"],"picked":"Expertise"},{"not_picked":["Deadly Poison","Caltrops"],"picked":"Tools of the Trade"},{"not_picked":["Infinite Blades","Expertise"],"picked":"Backflip"},{"not_picked":["Envenom","Die Die Die"],"picked":"Adrenaline"},{"not_picked":["Endless Agony","Caltrops"],"picked":"Flying Knee"},{"not_picked":["Deadly Poison","Bouncing Flask"],"picked":"Backstab"},{"not_picked":["Dodge and Roll","Calculated Gamble"],"picked":"Dagger Throw"},{"not_picked":["Blade Dance","Deflect"],"picked":"Acrobatics"},{"not_picked":["Escape Plan","Slice"],"picked":"Heel Hook"},{"not_picked":["Quick Slash","Deflect"],"picked":"Outmaneuver"},{"not_picked":["Terror","Acrobatics"],"picked":"PiercingWail"},{"not_picked":["Unload","Bullet Time"],"picked":"Adrenaline"},{"not_picked":["PiercingWail","Deadly Poison"],"picked":"Quick Slash"},{"not_picked":["Caltrops","Flying Knee"],"picked":"Dagger Spray"},{"not_picked":["Deflect","Acrobatics"],"picked":"Backflip"},{"not_picked":["Crippling Poison","Malaise"],"picked":"Flechettes"},{"not_picked":["Adrenaline","Sucker Punch"],"picked":"Acrobatics"},{"not_picked":["Flechettes","Acrobatics"],"picked":"Riddle With Holes"}],"player_experience":2961,"potions_floor_usage":[5,16,16],"damage_taken":[{"damage":6,"enemies":"Cultist","floor":1,"turns":4},{"damage":13,"enemies":"Blue Slaver","floor":4,"turns":3},{"damage":10,"enemies":"Small Slimes","floor":5,"turns":4},{"damage":33,"enemies":"Lagavulin","floor":6,"turns":8},{"damage":7,"enemies":"Exordium Wildlife","floor":11,"turns":4},{"damage":5,"enemies":"Looter","floor":13,"turns":3},{"damage":3,"enemies":"Red Slaver","floor":14,"turns":3},{"damage":20,"enemies":"Hexaghost","floor":16,"turns":10},{"damage":4,"enemies":"2 Thieves","floor":18,"turns":5},{"damage":2,"enemies":"Spheric Guardian","floor":20,"turns":4},{"damage":2,"enemies":"Centurion and Healer","floor":21,"turns":8},{"damage":16,"enemies":"Gremlin Leader","floor":23,"turns":4},{"damage":31,"enemies":"Slavers","floor":27,"turns":5},{"damage":0,"enemies":"Snecko","floor":29,"turns":4},{"damage":0,"enemies":"3 Cultists","floor":31,"turns":4},{"damage":31,"enemies":"Automaton","floor":33,"turns":11},{"damage":28,"enemies":"3 Darklings","floor":35,"turns":5},{"damage":0,"enemies":"Orb Walker","floor":38,"turns":2},{"damage":42,"enemies":"Nemesis","floor":41,"turns":10},{"damage":15,"enemies":"3 Darklings","floor":45,"turns":4},{"damage":18,"enemies":"Sphere and 2 Shapes","floor":46,"turns":3},{"damage":30,"enemies":"Mysterious Sphere","floor":47,"turns":5},{"damage":79,"enemies":"Awakened One","floor":50,"turns":7}],"event_choices":[{"event_name":"The Woman in Blue","player_choice":"Bought 3 Potions","floor":2,"damage_taken":0},{"event_name":"The Cleric","player_choice":"Card Removal","floor":8,"damage_taken":0},{"event_name":"The Mausoleum","player_choice":"Yes","floor":19,"damage_taken":0},{"event_name":"Vampires","player_choice":"Became a vampire (Vial)","floor":25,"damage_taken":0},{"event_name":"Winding Halls","player_choice":"Embrace Madness","floor":36,"damage_taken":0},{"event_name":"Tomb of Lord Red Mask","player_choice":"Paid","floor":37,"damage_taken":0},{"event_name":"Mysterious Sphere","player_choice":"Fight","floor":47,"damage_taken":0}],"boss_relics":[{"not_picked":["The Specimen","Black Star"],"picked":"Astrolabe"},{"not_picked":["Question Card","Runic Dome"],"picked":"Eternal Feather"}],"potions_floor_spawned":[1,14,16,21,23,33,41,46],"seed_played":"8973981298826496880","killed_by":"Awakened One","ascension_level":0,"is_trial":false}