{"gold_per_floor":[112,112,124,49,49,77,77,88,88,88,108,108,108,122,122,241,241,262,2,27,27,27,27,42,42,96,96,116,141,191,191,191,320,320,343,363,182,0,0,0,300,300,324,324,342,34,52,66,66,66],"floor_reached":50,"playtime":4099,"items_purged":["Strike_B","Strike_B"],"score":490,"play_id":"8317f003-352d-404b-ae2c-b763e0a1863a","local_time":"20180710212455","is_ascension_mode":false,"campfire_choices":[{"data":"Genetic Algorithm","floor":10,"key":"SMITH"},{"data":"Zap","floor":13,"key":"SMITH"},{"data":"Dualcast","floor":15,"key":"SMITH"},{"data":"Fission","floor":23,"key":"SMITH"},{"data":"Coolheaded","floor":25,"key":"SMITH"},{"data":"Machine Learning","floor":27,"key":"SMITH"},{"floor":32,"key":"REST"},{"data":"Barrage","floor":40,"key":"SMITH"},{"data":"Doom and Gloom","floor":42,"key":"SMITH"},{"floor":49,"key":"REST"}],"neow_cost":"NONE","seed_source_timestamp":9546358749295,"circlet_count":0,"master_deck":["Strike_B+1","Strike_B+1","Defend_B","Defend_B+1","Defend_B+1","Zap+1","Dualcast+1","Compile Driver","Machine Learning+1","Genetic Algorithm+1","Hello World+1","Fission+1","Coolheaded+1","Doom and Gloom+1","Defragment+1","Darkness+1","Necronomicurse","Self Repair+1","Buffer+1","Barrage+1","Self Repair+1","Rebound","Buffer+1","Compile Driver+1","Static Discharge+1"],"relics":["Cracked Core","NeowsBlessing","Frozen Egg 2","Darkstone Periapt","Thread and Needle","Golden Idol","Lizard Tail","Juzu Bracelet","Necronomicon","Ancient Tea Set","Nuclear Battery","Red Mask","War Paint","Anchor"],"potions_floor_usage":[16,16,16,18,20,28,33,45,50,50],"damage_taken":[{"damage":0,"enemies":"Jaw Worm","floor":1,"turns":1},{"damage":0,"enemies":"Small Slimes","floor":3,"turns":1},{"damage":0,"enemies":"Gremlin Nob","floor":6,"turns":1},{"damage":1,"enemies":"Cultist","floor":8,"turns":4},{"damage":9,"enemies":"3 Louse","floor":11,"turns":2},{"damage":8,"enemies":"Lots of Slimes","floor":14,"turns":4},{"damage":5,"enemies":"Hexaghost","floor":16,"turns":7},{"damage":2,"enemies":"Spheric Guardian","floor":18,"turns":5},{"damage":16,"enemies":"2 Thieves","floor":20,"turns":5},{"damage":0,"enemies":"Snake Plant","floor":24,"turns":4},{"damage":15,"enemies":"Centurion and Healer","floor":28,"turns":6},{"damage":12,"enemies":"Chosen and Byrds","floor":29,"turns":6},{"damage":60,"enemies":"Automaton","floor":33,"turns":12},{"damage":20,"enemies":"3 Shapes","floor":35,"turns":3},{"damage":13,"enemies":"3 Darklings","floor":36,"turns":7},{"damage":21,"enemies":"4 Shapes","floor":45,"turns":2},{"damage":17,"enemies":"Maw","floor":47,"turns":7},{"damage":28,"enemies":"3 Darklings","floor":48,"turns":6},{"damage":63,"enemies":"Time Eater","floor":50,"turns":6}],"seed_played":"6020859446181820921","potions_obtained":[{"floor":6,"key":"Strength Potion"},{"floor":11,"key":"Dexterity Potion"},{"floor":14,"key":"Strength Potion"},{"floor":16,"key":"Fire Potion"},{"floor":18,"key":"FocusPotion"},{"floor":20,"key":"Weak Potion"},{"floor":24,"key":"Poison Potion"},{"floor":35,"key":"Dexterity Potion"},{"floor":36,"key":"Regen Potion"},{"floor":48,"key":"Strength Potion"}],"is_trial":false,"path_per_floor":["M","?","M","$","?","E","?","M","T","R","M","?","R","M","R","B",null,"M","$","M","?","?","R","M","R","T","R","M","M","?","?","R","B",null,"M","M","$","?","$","R","?","R","T","?","M","$","M","M","R"],"character_chosen":"DEFECT","items_purchased":["Doom and Gloom","Defragment+1","Juzu Bracelet","Self Repair+1","Buffer+1","Anchor"],"campfire_rested":2,"item_purchase_floors":[19,19,19,37,46,46],"current_hp_per_floor":[75,60,60,60,60,60,60,59,59,59,50,50,50,42,42,37,69,67,67,51,51,41,41,41,41,41,41,26,24,24,24,46,34,75,65,62,62,62,62,62,62,62,62,62,46,46,49,41,63,0],"gold":66,"neow_bonus":"THREE_ENEMY_KILL","is_prod":false,"is_daily":false,"chose_seed":false,"campfire_upgraded":8,"win_rate":0.0,"timestamp":1531250695,"path_taken":["M","?","M","$","?","E","?","?","T","R","M","?","R","M","R","BOSS","M","$","M","?","?","R","M","R","T","R","M","M","?","?","R","BOSS","M","M","$","?","$","R","?","R","T","?","M","$","M","M","R","BOSS"],"build_version":"2018-07-05","purchased_purges":2,"victory":false,"max_hp_per_floor":[75,75,75,75,75,75,75,75,75,75,75,69,69,69,69,69,69,69,69,69,69,75,75,75,75,75,75,75,75,75,75,75,75,75,75,75,75,75,75,75,75,75,75,75,75,75,75,75,75,75],"card_choices":[{"not_picked":["Leap","Beam Cell"],"picked":"Compile Driver","floor":1},{"not_picked":["Go for the Eyes","Redo"],"picked":"Machine Learning","floor":3},{"not_picked":["Reprogram","Blizzard"],"picked":"Genetic Algorithm","floor":6},{"not_picked":["Go for the Eyes","Hologram","Steam"],"picked":"SKIP","floor":8},{"not_picked":["Rip and Tear","Ball Lightning"],"picked":"Hello World+1","floor":11},{"not_picked":["Steam","Stack","Beam Cell"],"picked":"SKIP","floor":14},{"not_picked":["Amplify","Reboot"],"picked":"Fission","floor":16},{"not_picked":["Sweeping Beam+1","BootSequence"],"picked":"Coolheaded","floor":18},{"not_picked":["Cold Snap","Heatsinks+1"],"picked":"Darkness+1","floor":20},{"not_picked":["Sweeping Beam","Rebound","Coolheaded"],"picked":"SKIP","floor":24},{"not_picked":["Chill","Genetic Algorithm"],"picked":"Self Repair+1","floor":28},{"not_picked":["Go for the Eyes+1","Steam+1","Rebound"],"picked":"SKIP","floor":29},{"not_picked":["Rainbow","Echo Form+1"],"picked":"Buffer+1","floor":33},{"not_picked":["Leap+1","Scrape","Compile Driver+1"],"picked":"SKIP","floor":35},{"not_picked":["Ball Lightning","Rebound+1"],"picked":"Barrage","floor":36},{"not_picked":["Aggregate","Conserve Battery","Steam"],"picked":"SKIP","floor":45},{"not_picked":["Hologram+1","Hello World+1"],"picked":"Compile Driver+1","floor":47},{"not_picked":["Steam","Gash"],"picked":"Static Discharge+1","floor":48}],"player_experience":448167,"relics_obtained":[{"floor":6,"key":"Darkstone Periapt"},{"floor":9,"key":"Thread and Needle"},{"floor":22,"key":"Necronomicon"},{"floor":26,"key":"Ancient Tea Set"},{"floor":43,"key":"War Paint"}],"event_choices":[{"event_name":"Shining Light","player_choice":"Entered Light","floor":2,"damage_taken":0},{"event_name":"Accursed Blacksmith","player_choice":"Rummage","floor":5,"damage_taken":0},{"event_name":"Fountain of Cleansing","player_choice":"Removed Curse","floor":7,"damage_taken":0},{"event_name":"Golden Idol","player_choice":"Lose Max HP","floor":12,"damage_taken":0},{"event_name":"Beggar","player_choice":"Ignored","floor":21,"damage_taken":0},{"event_name":"Cursed Tome","player_choice":"Obtained Book","floor":22,"damage_taken":0},{"event_name":"The Joust","player_choice":"Bet on Murderer","floor":30,"damage_taken":0},{"event_name":"Vampires","player_choice":"Ignored","floor":31,"damage_taken":0},{"event_name":"Tomb of Lord Red Mask","player_choice":"Paid","floor":38,"damage_taken":0},{"event_name":"Wheel of Change","player_choice":"Gold","floor":41,"damage_taken":0},{"event_name":"Transmorgrifier","player_choice":"Transform","floor":44,"damage_taken":0}],"boss_relics":[{"not_picked":["Sozu","Snecko Eye"],"picked":"Lizard Tail"},{"not_picked":["Black Star","Runic Dome"],"picked":"Nuclear Battery"}],"items_purged_floors":[4,37],"is_endless":false,"potions_floor_spawned":[6,11,14,16,18,20,24,35,36,48],"killed_by":"Time Eater","ascension_level":0}