{"gold_per_floor":[110,125,125,139,214,214,214,214,289,301,301,226,246,246,246,351,351,365,189,104,114,114],"floor_reached":22,"playtime":1341,"items_purged":["Regret","Strike_B"],"score":174,"play_id":"8a8fa908-0d7b-44aa-94e8-b861ef8d1eeb","local_time":"20180824020147","is_ascension_mode":false,"campfire_choices":[{"data":"Creative AI","floor":6,"key":"SMITH"},{"data":"Tempest","floor":8,"key":"SMITH"},{"floor":15,"key":"REST"}],"neow_cost":"TEN_PERCENT_HP_LOSS","seed_source_timestamp":0,"circlet_count":0,"master_deck":["Strike_B","Strike_B","Defend_B+1","Defend_B","Defend_B+1","Zap","Dualcast","Buffer","Biased Cognition","Tempest+1","Recycle","Creative AI+1","Machine Learning","Streamline+1","Self Repair","Chaos"],"special_seed":0,"relics":["FrozenCore","Bag of Marbles","Symbiotic Virus","Mercury Hourglass","The Courier"],"potions_floor_usage":[16,22],"damage_taken":[{"damage":1,"enemies":"Jaw Worm","floor":1,"turns":3},{"damage":6,"enemies":"Cultist","floor":2,"turns":3},{"damage":0,"enemies":"Small Slimes","floor":4,"turns":4},{"damage":20,"enemies":"Looter","floor":10,"turns":3},{"damage":8,"enemies":"Red Slaver","floor":13,"turns":3},{"damage":12,"enemies":"The Guardian","floor":16,"turns":8},{"damage":27,"enemies":"3 Byrds","floor":18,"turns":4},{"damage":17,"enemies":"Shell Parasite","floor":21,"turns":5},{"damage":37,"enemies":"Centurion and Healer","floor":22,"turns":5}],"seed_played":"8593658690780353940","potions_obtained":[{"floor":2,"key":"AttackPotion"},{"floor":4,"key":"Swift Potion"}],"is_trial":false,"path_per_floor":["M","M","?","M","?","R","?","R","T","M","?","$","M","?","R","B",null,"M","$","?","M"],"character_chosen":"DEFECT","items_purchased":["Self Repair"],"campfire_rested":1,"item_purchase_floors":[19],"current_hp_per_floor":[67,61,61,61,50,50,50,50,50,30,30,30,22,8,28,16,68,41,41,41,31,0],"gold":114,"neow_bonus":"TRANSFORM_TWO_CARDS","is_prod":false,"is_daily":false,"chose_seed":false,"campfire_upgraded":2,"win_rate":0,"timestamp":1535068907,"path_taken":["M","M","?","?","?","R","?","R","T","?","?","$","M","?","R","BOSS","M","$","?","?","M"],"build_version":"2018-08-16","purchased_purges":2,"victory":false,"max_hp_per_floor":[68,68,68,68,68,68,68,68,68,68,68,68,68,68,68,68,68,68,68,68,68,68],"card_choices":[{"not_picked":["Cold Snap","Force Field"],"picked":"Tempest","floor":1},{"not_picked":["Fusion","Redo"],"picked":"Recycle","floor":2},{"not_picked":["Beam Cell","Barrage","Go for the Eyes"],"picked":"SKIP","floor":4},{"not_picked":["Rebound","Redo","Ball Lightning"],"picked":"SKIP","floor":10},{"not_picked":["Beam Cell","Redo","Defragment"],"picked":"SKIP","floor":13},{"not_picked":["Multi-Cast","Amplify"],"picked":"Machine Learning","floor":16},{"not_picked":["Rip and Tear+1","Redo"],"picked":"Streamline+1","floor":18},{"not_picked":["Turbo","Redo"],"picked":"Chaos","floor":21}],"player_experience":522002,"relics_obtained":[{"floor":9,"key":"Symbiotic Virus"}],"event_choices":[{"event_name":"Match and Keep!","player_choice":"1 cards matched","floor":3,"damage_taken":0},{"event_name":"World of Goop","player_choice":"Gather Gold","floor":5,"damage_taken":0},{"event_name":"Big Fish","player_choice":"Box","floor":7,"damage_taken":0},{"event_name":"Dead Adventurer","player_choice":"Searched \u00272\u0027 times","floor":11,"damage_taken":0},{"event_name":"Shining Light","player_choice":"Entered Light","floor":14,"damage_taken":0},{"event_name":"Addict","player_choice":"Obtained Relic","floor":20,"damage_taken":0}],"is_beta":false,"boss_relics":[{"not_picked":["Coffee Dripper","Cursed Key"],"picked":"FrozenCore"}],"items_purged_floors":[12,19],"is_endless":false,"potions_floor_spawned":[2,4],"killed_by":"Centurion and Healer","ascension_level":0}