{"path_per_floor":["M","?","$","M","?","R","E","M","T","T","$","E","M","M","R","B",null,"M","M","M","?","?"],"character_chosen":"IRONCLAD","items_purchased":["Frozen Eye","Fiend Fire"],"gold_per_floor":[114,289,15,35,110,110,137,147,147,147,4,35,46,59,59,154,154,172,189,209,239,139,139],"floor_reached":23,"campfire_rested":1,"playtime":1727,"current_hp_per_floor":[80,80,80,68,57,57,35,41,41,41,41,23,27,30,54,8,80,73,23,19,19,19,0],"items_purged":["Doubt"],"gold":139,"score":211,"play_id":"393a257b-3bb6-4a5a-af49-889d6f3e614b","local_time":"20180404140309","is_prod":false,"is_daily":false,"is_ascension_mode":true,"campfire_upgraded":1,"timestamp":1522843389,"path_taken":["M","?","$","M","?","R","E","?","T","?","?","E","M","M","R","BOSS","M","M","M","?","?","E"],"build_version":"2018-03-29v2","purchased_purges":1,"victory":false,"master_deck":["Strike_R","Strike_R","Strike_R","Strike_R","Strike_R","Defend_R","Defend_R","Defend_R","Defend_R","Bash+1","Burning Pact","Flex","True Grit","Fiend Fire","Headbutt","Disarm","Spot Weakness","Barricade","Decay","Pain","Clumsy","Sentinel","Disarm","J.A.X."],"max_hp_per_floor":[80,80,80,80,80,80,80,80,80,80,80,80,80,80,80,80,80,80,80,80,80,80,80],"relics":["Burning Blood","Frozen Eye","Charon\u0027s Ashes","Gambling Chip","Ginger","Oddly Smooth Stone","Calling Bell","Bag of Preparation","Ancient Tea Set","Self Forming Clay","Tiny Chest"],"card_choices":[{"not_picked":["Bloodletting","Uppercut"],"picked":"Burning Pact","floor":1},{"not_picked":["Headbutt","Seeing Red"],"picked":"Flex","floor":7},{"not_picked":["Impervious","Rage"],"picked":"True Grit","floor":8},{"not_picked":["Cleave","Fire Breathing"],"picked":"Headbutt","floor":12},{"not_picked":["Flex","Body Slam"],"picked":"Disarm","floor":13},{"not_picked":["Reaper","Burning Pact"],"picked":"Spot Weakness","floor":14},{"not_picked":["Impervious","Berserk"],"picked":"Barricade","floor":16},{"not_picked":["Battle Trance","Flex"],"picked":"Sentinel","floor":19},{"not_picked":["Twin Strike","Reckless Charge"],"picked":"Disarm","floor":20}],"player_experience":292615,"potions_floor_usage":[7,23,23],"damage_taken":[{"damage":5,"enemies":"2 Louse","floor":1,"turns":3},{"damage":18,"enemies":"Cultist","floor":4,"turns":5},{"damage":28,"enemies":"Gremlin Nob","floor":7,"turns":4},{"damage":0,"enemies":"Small Slimes","floor":8,"turns":3},{"damage":24,"enemies":"Lagavulin","floor":12,"turns":5},{"damage":2,"enemies":"Looter","floor":13,"turns":2},{"damage":3,"enemies":"3 Louse","floor":14,"turns":2},{"damage":52,"enemies":"Hexaghost","floor":16,"turns":10},{"damage":13,"enemies":"3 Byrds","floor":18,"turns":6},{"damage":56,"enemies":"Spheric Guardian","floor":19,"turns":8},{"damage":10,"enemies":"3 Cultists","floor":20,"turns":5},{"damage":19,"enemies":"Book of Stabbing","floor":23,"turns":4}],"event_choices":[{"event_name":"Liars Game","player_choice":"agreed","floor":2,"damage_taken":0},{"event_name":"World of Goop","player_choice":"Gather Gold","floor":5,"damage_taken":0},{"event_name":"The Mausoleum","player_choice":"Yes","floor":21,"damage_taken":0},{"event_name":"Drug Dealer","player_choice":"Got JAXXED","floor":22,"damage_taken":0}],"boss_relics":[{"not_picked":["White Beast Statue","Ectoplasm"],"picked":"Calling Bell"}],"potions_floor_spawned":[1,7,8,20],"seed_played":"3599534417868471076","killed_by":"Book of Stabbing","ascension_level":1,"is_trial":false}