{"path_per_floor":["M","M","$","M","M","E","M","?","T","R","$","R","E","M","R"],"character_chosen":"IRONCLAD","items_purchased":["Twin Strike","Ghostly Armor"],"gold_per_floor":[116,129,29,43,63,93,108,108,108,108,37,37,67,80,80,80],"floor_reached":16,"campfire_rested":3,"playtime":1821,"current_hp_per_floor":[80,80,80,71,58,45,35,17,17,41,41,65,30,33,57,0],"items_purged":["Clumsy"],"gold":80,"score":112,"play_id":"a9f3824a-2f5b-4906-944f-71e1cd4ddfd0","local_time":"20180329142357","is_prod":false,"is_daily":false,"is_ascension_mode":false,"campfire_upgraded":0,"timestamp":1522326237,"path_taken":["M","M","$","M","M","E","M","?","T","R","?","R","E","M","R","BOSS"],"build_version":"2018-03-22v2","purchased_purges":1,"victory":false,"master_deck":["Strike_R","Strike_R","Strike_R","Strike_R","Strike_R","Defend_R","Defend_R","Defend_R","Defend_R","Bash","Offering","Feel No Pain","Twin Strike","Feel No Pain","Body Slam","Reaper","Pommel Strike","Wild Strike","Ghostly Armor","Dark Embrace","Warcry","Pommel Strike"],"max_hp_per_floor":[80,80,80,80,80,80,80,80,80,80,80,80,80,80,80,80],"relics":["Burning Blood","Bird Faced Urn","Dream Catcher","Torii","Ice Cream","Ornamental Fan"],"card_choices":[{"not_picked":["Body Slam","Sword Boomerang"],"picked":"Offering","floor":1},{"not_picked":["Perfected Strike","Second Wind"],"picked":"Feel No Pain","floor":2},{"not_picked":["Clothesline","Entrench"],"picked":"Feel No Pain","floor":4},{"not_picked":["Perfected Strike","Dropkick"],"picked":"Body Slam","floor":5},{"not_picked":["Rupture","Sword Boomerang"],"picked":"Reaper","floor":6},{"not_picked":["Battle Trance","Warcry"],"picked":"Pommel Strike","floor":7},{"not_picked":["Shockwave","Clothesline"],"picked":"Wild Strike","floor":10},{"not_picked":["Combust","Fire Breathing"],"picked":"Dark Embrace","floor":12},{"not_picked":["Blood for Blood","Clothesline"],"picked":"Warcry","floor":13},{"not_picked":["Warcry","Sword Boomerang"],"picked":"Pommel Strike","floor":15}],"player_experience":199414,"potions_floor_usage":[6,14,16],"damage_taken":[{"damage":0,"enemies":"2 Louse","floor":1,"turns":4},{"damage":5,"enemies":"Cultist","floor":2,"turns":3},{"damage":15,"enemies":"Jaw Worm","floor":4,"turns":2},{"damage":23,"enemies":"Large Slime","floor":5,"turns":6},{"damage":23,"enemies":"3 Sentries","floor":6,"turns":8},{"damage":20,"enemies":"Blue Slaver","floor":7,"turns":4},{"damage":51,"enemies":"Lagavulin","floor":13,"turns":10},{"damage":12,"enemies":"3 Louse","floor":14,"turns":3},{"damage":88,"enemies":"The Guardian","floor":16,"turns":12}],"event_choices":[{"event_name":"Scrap Ooze","player_choice":"success","floor":8,"damage_taken":18}],"boss_relics":[],"potions_floor_spawned":[4,13,14],"seed_played":"212113181893584079","killed_by":"The Guardian","ascension_level":0,"is_trial":false}