{"gold_per_floor":[368,293,293,70,70,70,97,110,188,200,200,200,227,244,244,244],"floor_reached":16,"playtime":1224,"items_purged":["Defend_R","Strike_R"],"score":108,"play_id":"64e93f21-b374-4d1d-b40d-f2324157de42","local_time":"20190122213825","is_ascension_mode":false,"campfire_choices":[{"data":"Thunderclap","floor":6,"key":"SMITH"},{"data":"True Grit","floor":15,"key":"SMITH"}],"neow_cost":"TEN_PERCENT_HP_LOSS","seed_source_timestamp":27485303782904,"circlet_count":0,"master_deck":["Strike_R","Strike_R","Strike_R","Defend_R","Defend_R","Defend_R+1","Bash","True Grit+1","Thunderclap+1","Reaper+1"],"relics":["Burning Blood","Singing Bowl","Ancient Tea Set","Shuriken","Dream Catcher"],"potions_floor_usage":[13],"damage_taken":[{"damage":1,"enemies":"Cultist","floor":1,"turns":3},{"damage":34,"enemies":"Gremlin Nob","floor":7,"turns":5},{"damage":3,"enemies":"Jaw Worm","floor":8,"turns":4},{"damage":14,"enemies":"2 Louse","floor":10,"turns":2},{"damage":23,"enemies":"3 Sentries","floor":13,"turns":8},{"damage":0,"enemies":"Large Slime","floor":14,"turns":5},{"damage":70,"enemies":"Slime Boss","floor":16,"turns":8}],"seed_played":"2731472889002415009","potions_obtained":[{"floor":1,"key":"FearPotion"},{"floor":8,"key":"Energy Potion"}],"is_trial":false,"path_per_floor":["M","$","?","$","$","R","E","M","T","M","?","?","E","M","R","B"],"character_chosen":"IRONCLAD","items_purchased":["Thunderclap","Reaper"],"campfire_rested":0,"item_purchase_floors":[4,4],"current_hp_per_floor":[72,72,72,72,72,72,46,51,51,55,55,39,41,56,56,0],"gold":244,"neow_bonus":"TWO_FIFTY_GOLD","is_prod":false,"is_daily":false,"chose_seed":false,"campfire_upgraded":2,"win_rate":0,"timestamp":1548189505,"path_taken":["M","$","?","?","$","R","E","M","T","?","?","?","E","M","R","BOSS"],"build_version":"2019-01-17v2","purchased_purges":2,"victory":false,"max_hp_per_floor":[72,72,72,72,72,72,74,76,76,78,78,78,80,82,82,82],"card_choices":[{"not_picked":["Sentinel","Power Through"],"picked":"True Grit","floor":1},{"not_picked":["Thunderclap","Headbutt","Entrench"],"picked":"Singing Bowl","floor":7},{"not_picked":["Sever Soul","Body Slam","Thunderclap"],"picked":"Singing Bowl","floor":8},{"not_picked":["Clash","Second Wind","Havoc"],"picked":"Singing Bowl","floor":10},{"not_picked":["Ghostly Armor","Rupture","Entrench"],"picked":"Singing Bowl","floor":13},{"not_picked":["Shrug It Off","Reaper","Spot Weakness"],"picked":"Singing Bowl","floor":14}],"player_experience":577247,"relics_obtained":[{"floor":7,"key":"Ancient Tea Set"},{"floor":9,"key":"Shuriken"},{"floor":13,"key":"Dream Catcher"}],"event_choices":[{"damage_healed":0,"gold_gain":0,"player_choice":"Gave Potion","damage_taken":0,"relics_obtained":["Singing Bowl"],"max_hp_gain":0,"max_hp_loss":0,"event_name":"WeMeetAgain","floor":3,"gold_loss":0},{"cards_removed":["Strike_R"],"damage_healed":0,"gold_gain":0,"player_choice":"Forget","damage_taken":0,"max_hp_gain":0,"max_hp_loss":0,"event_name":"Living Wall","floor":11,"gold_loss":0},{"damage_healed":0,"gold_gain":0,"player_choice":"Entered Light","damage_taken":16,"max_hp_gain":0,"max_hp_loss":0,"event_name":"Shining Light","floor":12,"gold_loss":0,"cards_upgraded":["Defend_R","Reaper"]}],"is_beta":false,"boss_relics":[],"items_purged_floors":[2,4],"is_endless":false,"potions_floor_spawned":[1,8],"killed_by":"Slime Boss","ascension_level":0}