{"gold_per_floor":[116,129,129,8,26,26,56,75,75,104,104,129,140,160,160,256,256,269,298,130,130,143,170,170],"floor_reached":24,"playtime":1946,"items_purged":["Pain","Regret"],"score":300,"play_id":"96b37158-95d9-40bd-999b-eb6c58ebc3f0","local_time":"20190210002822","is_ascension_mode":true,"campfire_choices":[{"data":"Bash","floor":6,"key":"SMITH"},{"data":"Flame Barrier","floor":11,"key":"SMITH"},{"data":"Pommel Strike","floor":15,"key":"SMITH"}],"neow_cost":"NONE","seed_source_timestamp":36556924024581,"circlet_count":0,"master_deck":["Strike_R","Strike_R","Strike_R","Strike_R","Strike_R","Defend_R","Defend_R","Defend_R","Defend_R","Bash+1","Cleave","Thunderclap","Pommel Strike","Flame Barrier+1","Pommel Strike+1","Shrug It Off+1","Body Slam","Barricade","Flame Barrier+1","True Grit+1","Rampage+1","Double Tap+1"],"relics":["Burning Blood","WarpedTongs","Omamori","PreservedInsect","Toxic Egg 2","Ice Cream","Calling Bell","Blood Vial","Prayer Wheel","Molten Egg 2","Red Mask","Turnip"],"potions_floor_usage":[7,12,13,16,19,19,19,22,23],"damage_taken":[{"damage":10,"enemies":"Jaw Worm","floor":1,"turns":4},{"damage":6,"enemies":"Cultist","floor":2,"turns":3},{"damage":0,"enemies":"2 Louse","floor":5,"turns":1},{"damage":28,"enemies":"Lagavulin","floor":7,"turns":5},{"damage":8,"enemies":"Lots of Slimes","floor":8,"turns":2},{"damage":14,"enemies":"Gremlin Nob","floor":10,"turns":3},{"damage":14,"enemies":"Lagavulin","floor":12,"turns":4},{"damage":8,"enemies":"Exordium Thugs","floor":13,"turns":5},{"damage":8,"enemies":"Large Slime","floor":14,"turns":5},{"damage":0,"enemies":"Slime Boss","floor":16,"turns":8},{"damage":29,"enemies":"Spheric Guardian","floor":18,"turns":7},{"damage":51,"enemies":"Masked Bandits","floor":19,"turns":6},{"damage":3,"enemies":"Shell Parasite","floor":22,"turns":6},{"damage":33,"enemies":"Book of Stabbing","floor":23,"turns":7},{"damage":13,"enemies":"3 Cultists","floor":24,"turns":2}],"seed_played":"8300951288952262628","potions_obtained":[{"floor":0,"key":"EssenceOfSteel"},{"floor":0,"key":"FearPotion"},{"floor":0,"key":"GamblersBrew"},{"floor":8,"key":"GamblersBrew"},{"floor":10,"key":"Explosive Potion"},{"floor":13,"key":"SneckoOil"},{"floor":14,"key":"AttackPotion"},{"floor":16,"key":"Regen Potion"},{"floor":19,"key":"Block Potion"},{"floor":22,"key":"SpeedPotion"}],"is_trial":false,"path_per_floor":["M","M","?","$","M","R","E","M","T","E","R","E","M","M","R","B",null,"M","?","$","?","M","E","M"],"character_chosen":"IRONCLAD","items_purchased":["Pommel Strike","Rampage+1"],"campfire_rested":0,"item_purchase_floors":[4,20],"current_hp_per_floor":[76,76,76,76,80,80,58,56,56,48,48,40,38,36,36,42,80,57,29,29,29,34,9,0],"gold":170,"neow_bonus":"THREE_SMALL_POTIONS","is_prod":false,"is_daily":false,"chose_seed":false,"campfire_upgraded":3,"win_rate":0,"timestamp":1549754902,"path_taken":["M","M","?","$","?","R","E","M","T","E","R","E","M","M","R","BOSS","M","?","$","?","M","E","M"],"build_version":"2019-01-23","purchased_purges":2,"victory":false,"max_hp_per_floor":[80,80,80,80,80,80,80,80,80,80,80,80,80,80,80,80,80,80,80,80,80,80,80,80],"card_choices":[{"not_picked":["Clash","Exhume"],"picked":"Cleave","floor":1},{"not_picked":["Seeing Red","Burning Pact"],"picked":"Thunderclap","floor":2},{"not_picked":["Anger","Dropkick"],"picked":"Flame Barrier","floor":5},{"not_picked":["Armaments","Flex"],"picked":"Pommel Strike","floor":7},{"not_picked":["Thunderclap","Reckless Charge","Havoc"],"picked":"SKIP","floor":8},{"not_picked":["Clash","Combust","Rupture"],"picked":"SKIP","floor":10},{"not_picked":["Fire Breathing","Rage+1"],"picked":"Shrug It Off+1","floor":12},{"not_picked":["Fire Breathing","Havoc+1"],"picked":"Body Slam","floor":13},{"not_picked":["Iron Wave","Exhume+1","Bloodletting+1"],"picked":"SKIP","floor":14},{"not_picked":["Reaper","Double Tap+1"],"picked":"Barricade","floor":16},{"not_picked":["Feel No Pain","Armaments+1"],"picked":"Flame Barrier+1","floor":18},{"not_picked":["Warcry+1","Uppercut+1"],"picked":"True Grit+1","floor":18},{"not_picked":["Iron Wave+1","Pommel Strike+1","Anger+1"],"picked":"SKIP","floor":22},{"not_picked":["Evolve","Feel No Pain+1","Headbutt+1"],"picked":"SKIP","floor":22},{"not_picked":["Combust","True Grit+1"],"picked":"Double Tap+1","floor":23}],"player_experience":807943,"relics_obtained":[{"floor":7,"key":"Omamori"},{"floor":9,"key":"PreservedInsect"},{"floor":10,"key":"Toxic Egg 2"},{"floor":12,"key":"Ice Cream"},{"floor":17,"key":"Blood Vial"},{"floor":17,"key":"Prayer Wheel"},{"floor":17,"key":"Molten Egg 2"},{"floor":19,"key":"Red Mask"},{"floor":23,"key":"Turnip"}],"event_choices":[{"damage_healed":0,"gold_gain":0,"player_choice":"Rummage","damage_taken":0,"relics_obtained":["WarpedTongs"],"max_hp_gain":0,"max_hp_loss":0,"event_name":"Accursed Blacksmith","floor":3,"gold_loss":0,"cards_obtained":["Pain"]},{"damage_healed":0,"gold_gain":0,"player_choice":"Fought Bandits","damage_taken":0,"max_hp_gain":0,"max_hp_loss":0,"event_name":"Masked Bandits","floor":19,"gold_loss":0},{"damage_healed":0,"gold_gain":0,"player_choice":"Ignored","damage_taken":0,"max_hp_gain":0,"max_hp_loss":0,"event_name":"N\u0027loth","floor":21,"gold_loss":0}],"is_beta":false,"boss_relics":[{"not_picked":["Eternal Feather","Coffee Dripper"],"picked":"Calling Bell"}],"items_purged_floors":[4,20],"is_endless":false,"potions_floor_spawned":[8,10,13,14,16,19,22],"killed_by":"3 Cultists","ascension_level":1}