{"gold_per_floor":[112,13,29,29,29,29,29,48,73,88,113,133,133,161,161,161],"floor_reached":16,"playtime":1493,"items_purged":["Parasite"],"score":110,"play_id":"e9838b68-775a-455d-b75c-7d8f80a8ce7d","local_time":"20190124181224","is_ascension_mode":false,"campfire_choices":[{"data":"Survivor","floor":6,"key":"SMITH"},{"floor":13,"key":"REST"},{"floor":15,"key":"REST"}],"neow_cost":"CURSE","seed_source_timestamp":27113408169802,"circlet_count":0,"master_deck":["Defend_G","Defend_G","Defend_G","Defend_G","Strike_G","Strike_G","Strike_G","Strike_G","Strike_G","Survivor+1","Neutralize","Tools of the Trade","Prepared","Infinite Blades","Blade Dance","Night Terror","Backstab","Cloak And Dagger"],"relics":["Ring of the Snake","Regal Pillow","The Courier","Matryoshka"],"potions_floor_usage":[16],"damage_taken":[{"damage":10,"enemies":"Small Slimes","floor":1,"turns":4},{"damage":4,"enemies":"Jaw Worm","floor":3,"turns":6},{"damage":1,"enemies":"Cultist","floor":8,"turns":4},{"damage":0,"enemies":"Blue Slaver","floor":10,"turns":6},{"damage":37,"enemies":"Lagavulin","floor":11,"turns":10},{"damage":0,"enemies":"Looter","floor":12,"turns":4},{"damage":29,"enemies":"Gremlin Nob","floor":14,"turns":5},{"damage":61,"enemies":"Slime Boss","floor":16,"turns":13}],"seed_played":"2520908828166087340","potions_obtained":[{"floor":11,"key":"Swift Potion"},{"floor":12,"key":"Swift Potion"}],"is_trial":false,"path_per_floor":["M","$","M","?","?","R","$","M","T","M","E","M","R","E","R","B"],"character_chosen":"THE_SILENT","items_purchased":["Prepared"],"campfire_rested":2,"item_purchase_floors":[2],"current_hp_per_floor":[60,60,56,56,56,56,56,55,55,55,18,18,53,24,59,0],"gold":161,"neow_bonus":"THREE_RARE_CARDS","is_prod":false,"is_daily":false,"chose_seed":false,"campfire_upgraded":1,"win_rate":0,"timestamp":1548349944,"path_taken":["M","$","M","?","?","R","?","?","T","M","E","M","R","E","R","BOSS"],"build_version":"2019-01-23","purchased_purges":1,"victory":false,"max_hp_per_floor":[70,67,67,67,67,67,67,67,67,67,67,67,67,67,67,67],"card_choices":[{"not_picked":["Glass Knife","Doppelganger"],"picked":"Tools of the Trade","floor":0},{"not_picked":["Sucker Punch","Noxious Fumes","Poisoned Stab"],"picked":"SKIP","floor":1},{"not_picked":["PiercingWail","Catalyst","Flying Knee"],"picked":"SKIP","floor":3},{"not_picked":["Acrobatics","Footwork"],"picked":"Infinite Blades","floor":8},{"not_picked":["Bane","Acrobatics"],"picked":"Blade Dance","floor":10},{"not_picked":["Catalyst","Dodge and Roll"],"picked":"Night Terror","floor":11},{"not_picked":["Sucker Punch","Footwork"],"picked":"Backstab","floor":12},{"not_picked":["Bouncing Flask","Outmaneuver"],"picked":"Cloak And Dagger","floor":14}],"player_experience":601625,"relics_obtained":[{"floor":9,"key":"Regal Pillow"},{"floor":11,"key":"The Courier"},{"floor":14,"key":"Matryoshka"}],"event_choices":[{"cards_removed":["Defend_G"],"damage_healed":0,"gold_gain":0,"player_choice":"Forget","damage_taken":0,"max_hp_gain":0,"max_hp_loss":0,"event_name":"Living Wall","floor":4,"gold_loss":0},{"damage_healed":0,"gold_gain":0,"player_choice":"Leave","damage_taken":0,"max_hp_gain":0,"max_hp_loss":0,"event_name":"The Cleric","floor":5,"gold_loss":0}],"is_beta":false,"boss_relics":[],"items_purged_floors":[2],"is_endless":false,"potions_floor_spawned":[11,12],"killed_by":"Slime Boss","ascension_level":0}