{"path_per_floor":["M","M","M","M","$","R","?","R","T","$","M","?","M","M","R","B",null,"M","$","?","M","M","R","?","R","T","?","$"],"character_chosen":"THE_SILENT","items_purchased":["Endless Agony","Dagger Throw","Leg Sweep","Quick Slash","Accuracy","Blade Dance","PiercingWail","Skewer"],"gold_per_floor":[112,122,141,159,3,3,3,3,30,7,17,17,31,51,51,153,153,171,14,14,32,43,43,43,43,43,43,6],"floor_reached":29,"campfire_rested":4,"playtime":2396,"current_hp_per_floor":[68,64,62,60,60,60,60,70,70,70,59,59,59,47,68,3,70,43,43,43,16,1,22,22,43,43,43,43],"items_purged":[],"gold":6,"score":215,"play_id":"20ccbc16-8d70-4dc0-9d3b-abe9dd6b2255","is_prod":false,"is_daily":false,"is_ascension_mode":false,"campfire_upgraded":1,"path_taken":["M","M","?","M","$","R","?","R","T","$","M","?","M","?","R","BOSS","M","$","?","?","M","R","?","R","T","?","$","M"],"build_version":"2018-02-08-PROD1","purchased_purges":0,"victory":false,"master_deck":["Defend_G","Defend_G","Defend_G","Defend_G","Defend_G","Strike_G+1","Strike_G","Strike_G","Strike_G","Strike_G","Survivor","Neutralize","All Out Attack","Choke","Flechettes","Backstab","Endless Agony+1","Dagger Throw+1","Leg Sweep","Quick Slash+1","Prepared","Noxious Fumes","Quick Slash","Tactician","Infinite Blades","Accuracy","Blade Dance","PiercingWail","Deflect","Flying Knee+1","Writhe","Pain","Infinite Blades","Skewer"],"max_hp_per_floor":[70,70,70,70,70,70,70,70,70,70,70,70,70,70,70,70,70,70,70,70,70,70,70,70,70,70,70,70],"relics":["Runic Pyramid","Whetstone","Cursed Key","Happy Flower"],"card_choices":[{"not_picked":["Footwork","Quick Slash"],"picked":"All Out Attack"},{"not_picked":["Slice","Tactician"],"picked":"Choke"},{"not_picked":["Outmaneuver","Sucker Punch"],"picked":"Flechettes"},{"not_picked":["Outmaneuver","Flying Knee"],"picked":"Backstab"},{"not_picked":["Outmaneuver","Deadly Poison"],"picked":"Prepared"},{"not_picked":["Dodge and Roll","Underhanded Strike"],"picked":"Noxious Fumes"},{"not_picked":["Dagger Spray","Prepared"],"picked":"Quick Slash"},{"not_picked":["Burst","Bullet Time"],"picked":"Tactician"},{"not_picked":["Flechettes","Dagger Spray"],"picked":"Infinite Blades"},{"not_picked":["Skewer","Poisoned Stab"],"picked":"Deflect"},{"not_picked":["Deadly Poison","Poisoned Stab"],"picked":"Flying Knee"}],"player_experience":45185,"potions_floor_usage":[16,16,16,22,29],"damage_taken":[{"damage":2,"enemies":"Blue Slaver","floor":1,"turns":6},{"damage":4,"enemies":"Cultist","floor":2,"turns":6},{"damage":2,"enemies":"Small Slimes","floor":3,"turns":3},{"damage":2,"enemies":"Looter","floor":4,"turns":4},{"damage":11,"enemies":"3 Louse","floor":11,"turns":3},{"damage":0,"enemies":"Red Slaver","floor":13,"turns":1},{"damage":12,"enemies":"Exordium Wildlife","floor":14,"turns":4},{"damage":65,"enemies":"Slime Boss","floor":16,"turns":10},{"damage":27,"enemies":"Spheric Guardian","floor":18,"turns":5},{"damage":27,"enemies":"Shell Parasite","floor":21,"turns":6},{"damage":15,"enemies":"Snake Plant","floor":22,"turns":5},{"damage":52,"enemies":"3 Cultists","floor":29,"turns":5}],"event_choices":[{"event_name":"The Cleric","player_choice":"Leave","floor":7,"damage_taken":0},{"event_name":"Living Wall","player_choice":"Grow","floor":12,"damage_taken":0},{"event_name":"Vampires","player_choice":"Ignored","floor":20,"damage_taken":0},{"event_name":"The Mausoleum","player_choice":"Yes","floor":24,"damage_taken":0},{"event_name":"The Library","player_choice":"Read","floor":27,"damage_taken":0}],"boss_relics":[{"not_picked":["Velvet Choker","The Specimen"],"picked":"Cursed Key"}],"potions_floor_spawned":[2,13,14,21,22],"seed_played":"-7224424581658128474","killed_by":"3 Cultists","ascension_level":0,"is_trial":false}