{"path_per_floor":["M","M","?","$","M","R","M","E","T","R","M","M","$","M","R","B",null,"M","?","?","M","?"],"character_chosen":"IRONCLAD","items_purchased":[],"gold_per_floor":[114,131,81,6,19,19,35,62,143,143,154,167,67,77,77,172,172,184,184,109,124,39,39],"floor_reached":23,"campfire_rested":0,"playtime":1560,"current_hp_per_floor":[74,74,74,74,78,78,69,53,53,53,57,58,58,64,64,35,80,43,43,43,22,22,0],"items_purged":["Defend_R","Defend_R"],"gold":39,"score":203,"play_id":"57d9bb08-b5ac-4ad5-bf53-318bff472335","local_time":"20180404220858","is_prod":false,"is_daily":false,"is_ascension_mode":true,"campfire_upgraded":3,"timestamp":1522872538,"path_taken":["M","M","?","$","M","R","M","E","T","R","?","?","$","M","R","BOSS","M","?","?","M","?","E"],"build_version":"2018-03-29v2","purchased_purges":2,"victory":false,"master_deck":["Strike_R","Defend_R","Defend_R","Bash","Seeing Red","Flex+1","Thunderclap+1","Flex+1","Heavy Blade","Limit Break"],"max_hp_per_floor":[80,80,80,80,80,80,80,80,80,80,80,80,80,80,80,80,80,80,80,80,80,80,80],"relics":["Burning Blood","Regal Pillow","Mummified Hand","Black Star","Shuriken"],"card_choices":[{"not_picked":["Battle Trance","Rampage"],"picked":"Flex","floor":2},{"not_picked":["Shrug It Off","Reaper"],"picked":"Thunderclap","floor":8},{"not_picked":["Evolve","Body Slam"],"picked":"Flex","floor":11},{"not_picked":["Headbutt","Pummel"],"picked":"Heavy Blade","floor":14},{"not_picked":["Feed","Juggernaut"],"picked":"Limit Break","floor":16}],"player_experience":295815,"potions_floor_usage":[11,16,16],"damage_taken":[{"damage":12,"enemies":"Small Slimes","floor":1,"turns":4},{"damage":6,"enemies":"Jaw Worm","floor":2,"turns":3},{"damage":2,"enemies":"2 Louse","floor":5,"turns":3},{"damage":15,"enemies":"Gremlin Gang","floor":7,"turns":4},{"damage":22,"enemies":"3 Sentries","floor":8,"turns":9},{"damage":2,"enemies":"Blue Slaver","floor":11,"turns":2},{"damage":5,"enemies":"Lots of Slimes","floor":12,"turns":2},{"damage":0,"enemies":"Large Slime","floor":14,"turns":3},{"damage":35,"enemies":"Slime Boss","floor":16,"turns":9},{"damage":43,"enemies":"3 Byrds","floor":18,"turns":6},{"damage":27,"enemies":"Spheric Guardian","floor":21,"turns":4},{"damage":41,"enemies":"Book of Stabbing","floor":23,"turns":3}],"event_choices":[{"event_name":"The Cleric","player_choice":"Card Removal","floor":3,"damage_taken":0},{"event_name":"Purifier","player_choice":"One Purge","floor":19,"damage_taken":0},{"event_name":"Beggar","player_choice":"Gave Gold","floor":20,"damage_taken":0},{"event_name":"Addict","player_choice":"Obtained Relic","floor":22,"damage_taken":0}],"boss_relics":[{"not_picked":["Pandora\u0027s Box","Lizard Tail"],"picked":"Black Star"}],"potions_floor_spawned":[2,7,8,16],"seed_played":"-8109132274793526930","killed_by":"Book of Stabbing","ascension_level":1,"is_trial":false}