{"gold_per_floor":[112,40,56,71,86,117,117,292,592,362,332,364,378,453,453,453],"floor_reached":16,"playtime":885,"items_purged":["Doubt"],"score":171,"play_id":"427fb653-9fab-4c15-a7c8-d00825e94652","local_time":"20190908133541","is_ascension_mode":true,"campfire_choices":[{"data":"Darkness","floor":7,"key":"SMITH"},{"floor":15,"key":"REST"}],"neow_cost":"CURSE","seed_source_timestamp":1925105101012000,"circlet_count":0,"master_deck":["AscendersBane","Strike_B","Strike_B","Strike_B","Strike_B","Defend_B","Defend_B","Defend_B","Defend_B","Zap","Dualcast","Writhe","Consume","Darkness+1","BootSequence"],"special_seed":0,"relics":["Cracked Core","Ginger","Singing Bowl","Du-Vu Doll","Old Coin","Oddly Smooth Stone","Art of War"],"potions_floor_usage":[16],"damage_taken":[{"damage":0.0,"enemies":"Small Slimes","floor":1.0,"turns":2.0},{"damage":1.0,"enemies":"Cultist","floor":3.0,"turns":3.0},{"damage":18.0,"enemies":"Jaw Worm","floor":4.0,"turns":4.0},{"damage":5.0,"enemies":"Exordium Thugs","floor":5.0,"turns":4.0},{"damage":5,"enemies":"Lagavulin","floor":6,"turns":6},{"damage":16,"enemies":"3 Sentries","floor":12,"turns":6},{"damage":7,"enemies":"Exordium Wildlife","floor":13,"turns":4},{"damage":38,"enemies":"The Guardian","floor":16,"turns":8}],"seed_played":"74134795685271726","potions_obtained":[{"floor":4.0,"key":"AttackPotion"},{"floor":11,"key":"Ancient Potion"},{"floor":11,"key":"GamblersBrew"},{"floor":13,"key":"Explosive Potion"}],"is_trial":false,"path_per_floor":["M","?","M","M","M","E","R","?","T","$","?","E","M","?","R","B"],"character_chosen":"DEFECT","items_purchased":["Oddly Smooth Stone"],"campfire_rested":1,"item_purchase_floors":[10],"current_hp_per_floor":[68,68,67,51,46,43,43,43,43,43,43,29,24,13,37,0],"gold":453,"neow_bonus":"ONE_RARE_RELIC","is_prod":false,"is_daily":false,"chose_seed":false,"campfire_upgraded":1,"win_rate":0,"timestamp":1567974941,"path_taken":["M","?","?","M","M","E","R","?","T","$","?","E","?","?","R","BOSS"],"build_version":"2019-07-17","purchased_purges":1,"victory":false,"max_hp_per_floor":[75,75,75,77,77,79,79,79,79,79,79,81,83,83,83,83],"card_choices":[{"not_picked":["Stack","Leap"],"picked":"Consume","floor":1.0},{"not_picked":["Beam Cell","Sweeping Beam"],"picked":"Darkness","floor":3.0},{"not_picked":["Compile Driver","Turbo","Barrage"],"picked":"Singing Bowl","floor":4.0},{"not_picked":["Barrage","Rebound"],"picked":"BootSequence","floor":5.0},{"not_picked":["All For One","Meteor Strike","Leap"],"picked":"Singing Bowl","floor":6},{"not_picked":["Steam","Glacier","Hyperbeam"],"picked":"Singing Bowl","floor":12},{"not_picked":["Compile Driver","Hologram","Gash"],"picked":"Singing Bowl","floor":13}],"player_experience":301736,"relics_obtained":[{"floor":6,"key":"Du-Vu Doll"},{"floor":9,"key":"Old Coin"},{"floor":12,"key":"Art of War"}],"event_choices":[{"damage_healed":0.0,"max_hp_gain":0.0,"max_hp_loss":0.0,"gold_gain":0.0,"event_name":"WeMeetAgain","player_choice":"Paid Gold","floor":2.0,"gold_loss":72.0,"damage_taken":0.0,"relics_obtained":["Singing Bowl"]},{"damage_healed":0,"gold_gain":175,"player_choice":"AGREE","damage_taken":0,"max_hp_gain":0,"max_hp_loss":0,"event_name":"Liars Game","floor":8,"gold_loss":0,"cards_obtained":["Doubt"]},{"damage_healed":0,"gold_gain":0,"player_choice":"Bought 2 Potions","damage_taken":0,"max_hp_gain":0,"max_hp_loss":0,"event_name":"The Woman in Blue","floor":11,"gold_loss":0},{"damage_healed":0,"gold_gain":75,"player_choice":"Gather Gold","damage_taken":11,"max_hp_gain":0,"max_hp_loss":0,"event_name":"World of Goop","floor":14,"gold_loss":0}],"is_beta":false,"boss_relics":[],"items_purged_floors":[10],"is_endless":false,"potions_floor_spawned":[4,12,13],"killed_by":"The Guardian","ascension_level":11}