{"gold_per_floor":[112,122,133,145,165,165,190,190,236,236,266,69,96,110,110,212,212,228,228,241,241,256,256,286,39,39,39,39,52,63,90,90,90],"floor_reached":33,"playtime":2155,"items_purged":["Strike_G","Strike_G"],"score":461,"play_id":"e929efb1-e3c3-4702-8cf5-69b0eff3178b","local_time":"20190818223152","is_ascension_mode":true,"campfire_choices":[{"floor":6.0,"key":"REST"},{"data":"Dodge and Roll","floor":8.0,"key":"SMITH"},{"floor":15.0,"key":"REST"},{"data":"Catalyst","floor":23.0,"key":"SMITH"},{"floor":27,"key":"REST"},{"floor":32,"key":"REST"}],"neow_cost":"NONE","seed_source_timestamp":0,"circlet_count":0,"master_deck":["AscendersBane","Defend_G+1","Defend_G","Defend_G","Defend_G","Survivor","Neutralize+1","Dash+1","Dagger Spray+1","Backflip","Dodge and Roll+1","Well Laid Plans","Catalyst+1","Noxious Fumes","Deadly Poison","Burst","Poisoned Stab+1","Bane+1"],"special_seed":0,"relics":["Ring of the Snake","Potion Belt","Dead Branch","Bronze Scales","Singing Bowl","Pen Nib","Empty Cage","Regal Pillow","PreservedInsect","The Specimen","Whetstone"],"potions_floor_usage":[31,33],"damage_taken":[{"damage":4.0,"enemies":"Cultist","floor":1.0,"turns":4.0},{"damage":0.0,"enemies":"Small Slimes","floor":2.0,"turns":5.0},{"damage":0.0,"enemies":"Jaw Worm","floor":3.0,"turns":5.0},{"damage":20.0,"enemies":"Exordium Thugs","floor":4.0,"turns":6.0},{"damage":0.0,"enemies":"2 Fungi Beasts","floor":5.0,"turns":4.0},{"damage":16.0,"enemies":"Gremlin Nob","floor":7.0,"turns":4.0},{"damage":9.0,"enemies":"3 Sentries","floor":11.0,"turns":6.0},{"damage":9.0,"enemies":"Lagavulin","floor":13.0,"turns":8.0},{"damage":3.0,"enemies":"Blue Slaver","floor":14.0,"turns":4.0},{"damage":5.0,"enemies":"Hexaghost","floor":16.0,"turns":9.0},{"damage":11.0,"enemies":"Spheric Guardian","floor":18.0,"turns":5.0},{"damage":0.0,"enemies":"Chosen","floor":20.0,"turns":4.0},{"damage":2.0,"enemies":"Snake Plant","floor":22.0,"turns":4.0},{"damage":26,"enemies":"Book of Stabbing","floor":24,"turns":6},{"damage":28,"enemies":"Cultist and Chosen","floor":29,"turns":5},{"damage":11,"enemies":"Centurion and Healer","floor":30,"turns":4},{"damage":30,"enemies":"Slavers","floor":31,"turns":4},{"damage":56,"enemies":"Automaton","floor":33,"turns":6}],"seed_played":"1971497836395507448","potions_obtained":[{"floor":1.0,"key":"Strength Potion"},{"floor":3.0,"key":"LiquidBronze"},{"floor":5.0,"key":"PowerPotion"},{"floor":13.0,"key":"Ancient Potion"},{"floor":14.0,"key":"EssenceOfSteel"},{"floor":24,"key":"Explosive Potion"},{"floor":30,"key":"Poison Potion"}],"is_trial":false,"path_per_floor":["M","M","M","M","M","R","E","R","T","?","E","$","E","M","R","B",null,"M","?","M","?","M","R","E","$","T","R","T","M","M","E","R","B"],"character_chosen":"THE_SILENT","items_purchased":["Noxious Fumes","Deadly Poison","PreservedInsect"],"campfire_rested":4,"item_purchase_floors":[12,12,25],"current_hp_per_floor":[59,59,59,39,39,60,44,44,44,30,21,21,14,13,35,30,63,52,52,52,52,52,52,28,28,28,66,66,40,31,3,43,0],"gold":90,"neow_bonus":"RANDOM_COMMON_RELIC","is_prod":false,"is_daily":false,"chose_seed":false,"campfire_upgraded":2,"win_rate":0,"timestamp":1566192712,"path_taken":["M","?","M","M","?","R","E","R","T","?","E","$","E","M","R","BOSS","M","?","?","?","M","R","E","$","T","R","?","?","M","E","R","BOSS"],"build_version":"2019-07-17","purchased_purges":2,"victory":false,"max_hp_per_floor":[70,70,70,70,70,70,70,70,70,70,70,70,72,74,74,74,74,74,74,74,74,76,76,78,78,78,78,78,80,82,84,84,84],"card_choices":[{"not_picked":["Escape Plan","Well Laid Plans"],"picked":"Dash","floor":1.0},{"not_picked":["Well Laid Plans","Tactician"],"picked":"Dagger Spray","floor":2.0},{"not_picked":["Blade Dance","Slice","Riddle With Holes"],"picked":"SKIP","floor":3.0},{"not_picked":["Dagger Spray","Acrobatics"],"picked":"Backflip","floor":4.0},{"not_picked":["Terror","Acrobatics"],"picked":"Dodge and Roll","floor":5.0},{"not_picked":["Terror","Acrobatics"],"picked":"Well Laid Plans","floor":7.0},{"not_picked":["Flying Knee","Deflect"],"picked":"Catalyst","floor":11.0},{"not_picked":["Finisher","Sucker Punch","Grand Finale"],"picked":"Singing Bowl","floor":13.0},{"not_picked":["Dash","Leg Sweep","Bane"],"picked":"Singing Bowl","floor":14.0},{"not_picked":["Glass Knife","Doppelganger"],"picked":"Burst","floor":16.0},{"not_picked":["Leg Sweep","Distraction+1"],"picked":"Poisoned Stab+1","floor":18.0},{"not_picked":["Deadly Poison+1","Sucker Punch"],"picked":"Bane+1","floor":20.0},{"not_picked":["Skewer","Outmaneuver","Sucker Punch+1"],"picked":"Singing Bowl","floor":22.0},{"not_picked":["Choke","Grand Finale","Outmaneuver"],"picked":"Singing Bowl","floor":24},{"not_picked":["Terror+1","Dagger Throw","Acrobatics"],"picked":"Singing Bowl","floor":29},{"not_picked":["Glass Knife","Deflect","Outmaneuver"],"picked":"Singing Bowl","floor":30},{"not_picked":["Backflip","Tools of the Trade","Distraction"],"picked":"Singing Bowl","floor":31}],"player_experience":1395737,"relics_obtained":[{"floor":7.0,"key":"Dead Branch"},{"floor":9.0,"key":"Bronze Scales"},{"floor":11.0,"key":"Singing Bowl"},{"floor":13.0,"key":"Pen Nib"},{"floor":24,"key":"Regal Pillow"},{"floor":26,"key":"The Specimen"},{"floor":31,"key":"Whetstone"}],"event_choices":[{"damage_healed":0.0,"max_hp_gain":0.0,"max_hp_loss":0.0,"gold_gain":0.0,"event_name":"Shining Light","player_choice":"Entered Light","floor":10.0,"gold_loss":0.0,"damage_taken":14.0,"cards_upgraded":["Neutralize","Defend_G"]},{"cards_removed":["Strike_G"],"damage_healed":0.0,"max_hp_gain":0.0,"max_hp_loss":0.0,"gold_gain":0.0,"event_name":"Bonfire Elementals","player_choice":"Offered Basic","floor":19.0,"gold_loss":0.0,"damage_taken":0.0},{"cards_removed":["Strike_G"],"damage_healed":0.0,"max_hp_gain":0.0,"max_hp_loss":0.0,"gold_gain":0.0,"event_name":"Back to Basics","player_choice":"Elegance","floor":21.0,"gold_loss":0.0,"damage_taken":0.0}],"is_beta":false,"boss_relics":[{"not_picked":["Pandora\u0027s Box","Busted Crown"],"picked":"Empty Cage"}],"items_purged_floors":[12,25],"is_endless":false,"potions_floor_spawned":[1,3,5,13,14,24,30],"killed_by":"Automaton","ascension_level":10}