{"gold_per_floor":[119,138,138,138,88,88,13,13,37,37,57,97,20,38,38,157,157,176,76,76,95,116,116,137,160,160,140,185,185,204,230,230,230],"floor_reached":33,"playtime":2790,"items_purged":["Strike_B","Defend_B"],"score":247,"play_id":"b5b0f469-4899-47f9-9af1-e30d6ffeefe9","local_time":"20190120142127","is_ascension_mode":false,"campfire_choices":[{"data":"Streamline","floor":6.0,"key":"SMITH"},{"data":"Zap","floor":10.0,"key":"SMITH"},{"floor":15.0,"key":"REST"},{"data":"Heatsinks","floor":23.0,"key":"SMITH"},{"floor":29,"key":"REST"},{"floor":32,"key":"REST"}],"neow_cost":"NONE","seed_source_timestamp":0,"circlet_count":0,"master_deck":["Strike_B","Strike_B","Defend_B","Defend_B","Zap+1","Dualcast","Streamline+1","Force Field","Chaos","Storm","Static Discharge","Biased Cognition","Heatsinks+1","Jack Of All Trades","Fission","Self Repair","Defragment"],"special_seed":0,"relics":["FrozenCore","Golden Idol","Ornamental Fan","Bronze Scales","Omamori","DataDisk","Blood Vial"],"potions_floor_usage":[33,33,33],"damage_taken":[{"damage":1.0,"enemies":"Jaw Worm","floor":1.0,"turns":3.0},{"damage":1.0,"enemies":"2 Louse","floor":2.0,"turns":2.0},{"damage":5.0,"enemies":"Small Slimes","floor":11.0,"turns":3.0},{"damage":31.0,"enemies":"Gremlin Nob","floor":12.0,"turns":4.0},{"damage":17.0,"enemies":"Gremlin Gang","floor":14.0,"turns":3.0},{"damage":17.0,"enemies":"The Guardian","floor":16.0,"turns":10.0},{"damage":4.0,"enemies":"Shell Parasite","floor":18.0,"turns":5.0},{"damage":11.0,"enemies":"3 Byrds","floor":21.0,"turns":4.0},{"damage":1.0,"enemies":"Snecko","floor":22.0,"turns":6.0},{"damage":35.0,"enemies":"Centurion and Healer","floor":24.0,"turns":9.0},{"damage":4.0,"enemies":"Cultist and Chosen","floor":25.0,"turns":4.0},{"damage":19.0,"enemies":"3 Cultists","floor":28.0,"turns":5.0},{"damage":25,"enemies":"Sentry and Sphere","floor":30,"turns":5},{"damage":43,"enemies":"Champ","floor":33,"turns":10}],"seed_played":"1357077509581085923","potions_obtained":[{"floor":0.0,"key":"Fruit Juice"},{"floor":0.0,"key":"Explosive Potion"},{"floor":0.0,"key":"AttackPotion"},{"floor":2.0,"key":"AttackPotion"},{"floor":11.0,"key":"Dexterity Potion"},{"floor":12.0,"key":"PowerPotion"},{"floor":16.0,"key":"Strength Potion"},{"floor":18.0,"key":"SpeedPotion"},{"floor":21.0,"key":"Block Potion"},{"floor":24.0,"key":"Energy Potion"},{"floor":27.0,"key":"FairyPotion"},{"floor":28.0,"key":"Explosive Potion"}],"is_trial":false,"path_per_floor":["M","M","?","?","?","R","$","T","T","R","M","E","$","M","R","B",null,"M","$","?","M","M","R","M","M","T","?","M","R","M","T","R","B"],"character_chosen":"DEFECT","items_purchased":["Static Discharge"],"campfire_rested":3,"item_purchase_floors":[13],"current_hp_per_floor":[79,78,71,71,71,71,71,71,71,71,66,35,35,18,40,23,74,70,70,70,59,58,58,23,19,19,19,14,36,18,18,40,0],"gold":230,"neow_bonus":"THREE_SMALL_POTIONS","is_prod":false,"is_daily":false,"chose_seed":false,"campfire_upgraded":3,"win_rate":0,"timestamp":1547990487,"path_taken":["M","M","?","?","?","R","$","?","T","R","?","E","$","M","R","BOSS","M","$","?","M","?","R","M","M","T","?","M","R","M","?","R","BOSS"],"build_version":"2019-01-17v2","purchased_purges":2,"victory":false,"max_hp_per_floor":[80,80,80,74,74,74,74,74,74,74,74,74,74,74,74,74,74,74,74,74,74,74,74,74,74,74,74,74,74,74,74,74,74],"card_choices":[{"not_picked":["Hologram","Blizzard"],"picked":"Streamline","floor":1.0},{"not_picked":["Rebound","Barrage"],"picked":"Force Field","floor":2.0},{"not_picked":["Thunder Strike","Compile Driver"],"picked":"Chaos","floor":11.0},{"not_picked":["Streamline","Reinforced Body"],"picked":"Storm","floor":12.0},{"not_picked":["Cold Snap","Leap","Streamline"],"picked":"SKIP","floor":14.0},{"not_picked":["Amplify","Core Surge"],"picked":"Biased Cognition","floor":16.0},{"not_picked":["Cold Snap","Steam"],"picked":"Heatsinks","floor":18.0},{"not_picked":["Compile Driver","Conserve Battery+1","Rebound"],"picked":"SKIP","floor":21.0},{"not_picked":["Turbo","Hologram","Conserve Battery"],"picked":"SKIP","floor":22.0},{"not_picked":["Turbo","Hologram","Conserve Battery"],"picked":"SKIP","floor":22.0},{"not_picked":["BootSequence","Gash","Amplify"],"picked":"SKIP","floor":24.0},{"not_picked":["Steam Power","Leap"],"picked":"Self Repair","floor":25.0},{"not_picked":["Gash","Darkness","Cold Snap"],"picked":"SKIP","floor":28.0},{"not_picked":["Double Energy","Aggregate"],"picked":"Defragment","floor":30}],"player_experience":554549,"relics_obtained":[{"floor":8.0,"key":"Ornamental Fan"},{"floor":9.0,"key":"Bronze Scales"},{"floor":12.0,"key":"Omamori"},{"floor":26.0,"key":"DataDisk"},{"floor":31,"key":"Blood Vial"}],"event_choices":[{"event_name":"Golden Wing","player_choice":"Card Removal","floor":3.0,"damage_taken":0.0},{"event_name":"Golden Idol","player_choice":"Lose Max HP","floor":4.0,"damage_taken":0.0},{"event_name":"The Cleric","player_choice":"Card Removal","floor":5.0,"damage_taken":0.0},{"event_name":"Match and Keep!","player_choice":"2 cards matched","floor":20.0,"damage_taken":0.0},{"event_name":"The Woman in Blue","player_choice":"Bought 1 Potion","floor":27.0,"damage_taken":0.0}],"is_beta":false,"boss_relics":[{"not_picked":["Runic Dome","Sozu"],"picked":"FrozenCore"}],"items_purged_floors":[7,19],"is_endless":false,"potions_floor_spawned":[2,11,12,16,18,21,24,28],"killed_by":"Champ","ascension_level":0}