{"gold_per_floor":[114,289,364,93,113,113,131,131,131,131,159,172,172,198,198,297,297,308,308,308,278,292,292,292],"floor_reached":24,"playtime":1789,"items_purged":["Doubt"],"score":222,"play_id":"a7069986-4e38-4b94-8507-99bd26800fff","local_time":"20190908223452","is_ascension_mode":false,"campfire_choices":[{"data":"Zap","floor":6,"key":"SMITH"},{"data":"Coolheaded","floor":8,"key":"SMITH"},{"data":"Redo","floor":13,"key":"SMITH"},{"floor":15,"key":"REST"}],"neow_cost":"NONE","seed_source_timestamp":6058323643044,"circlet_count":0,"master_deck":["Strike_B","Strike_B","Strike_B","Defend_B","Defend_B","Defend_B","Defend_B","Zap+1","Dualcast","Conserve Battery","Redo+1","Coolheaded+1","Fission","Machine Learning","Darkness","Writhe","Barrage+1"],"relics":["Cracked Core","NeowsBlessing","Sling","Symbiotic Virus","Ornamental Fan","Kunai","Inserter","Sundial","Nilry\u0027s Codex"],"potions_floor_usage":[16,18,23,23,23],"damage_taken":[{"damage":0,"enemies":"Jaw Worm","floor":1,"turns":1},{"damage":0,"enemies":"Small Slimes","floor":5,"turns":1},{"damage":0,"enemies":"Cultist","floor":7,"turns":1},{"damage":8,"enemies":"3 Sentries","floor":11,"turns":7},{"damage":0,"enemies":"Large Slime","floor":12,"turns":6},{"damage":16,"enemies":"Lagavulin","floor":14,"turns":4},{"damage":14,"enemies":"Hexaghost","floor":16,"turns":9},{"damage":29,"enemies":"2 Thieves","floor":18,"turns":5},{"damage":13,"enemies":"Spheric Guardian","floor":22,"turns":4},{"damage":15,"enemies":"Gremlin Leader","floor":23,"turns":5},{"damage":5,"enemies":"Cultist and Chosen","floor":24,"turns":1}],"seed_played":"-2489344420142404091","potions_obtained":[{"floor":5,"key":"EssenceOfSteel"},{"floor":7,"key":"SpeedPotion"},{"floor":14,"key":"Fire Potion"},{"floor":21,"key":"Weak Potion"},{"floor":21,"key":"SmokeBomb"}],"is_trial":false,"path_per_floor":["M","?","?","$","M","R","M","R","T","?","E","M","R","E","R","B",null,"M","?","?","?","M","E","M"],"character_chosen":"DEFECT","items_purchased":["Sling"],"campfire_rested":1,"item_purchase_floors":[4],"current_hp_per_floor":[75,75,64,64,64,64,64,64,64,57,49,49,49,33,55,41,75,46,46,30,30,17,2,0],"gold":292,"neow_bonus":"THREE_ENEMY_KILL","is_prod":false,"is_daily":false,"chose_seed":false,"campfire_upgraded":3,"win_rate":0,"timestamp":1567974892,"path_taken":["M","?","?","$","M","R","M","R","T","?","E","M","R","E","R","BOSS","M","?","?","?","M","E","?"],"build_version":"2019-07-17","purchased_purges":1,"victory":false,"max_hp_per_floor":[75,75,75,75,75,75,75,75,75,75,75,75,75,75,75,75,75,75,75,75,75,75,75,75],"card_choices":[{"not_picked":["Leap","Compile Driver"],"picked":"Conserve Battery","floor":1},{"not_picked":["Reinforced Body","Ball Lightning"],"picked":"Redo","floor":5},{"not_picked":["Redo","Hologram"],"picked":"Coolheaded","floor":7},{"not_picked":["Turbo","Leap"],"picked":"Fission","floor":11},{"not_picked":["Gash","Hologram","Barrage"],"picked":"SKIP","floor":12},{"not_picked":["Redo","Hologram","Biased Cognition"],"picked":"SKIP","floor":14},{"not_picked":["Buffer","Rainbow"],"picked":"Machine Learning","floor":16},{"not_picked":["Redo","Ball Lightning"],"picked":"Darkness","floor":18},{"not_picked":["Redo","Gash"],"picked":"Barrage+1","floor":22}],"player_experience":849453,"relics_obtained":[{"floor":9,"key":"Symbiotic Virus"},{"floor":11,"key":"Ornamental Fan"},{"floor":14,"key":"Kunai"},{"floor":20,"key":"Nilry\u0027s Codex"}],"event_choices":[{"damage_healed":0,"gold_gain":175,"player_choice":"AGREE","damage_taken":0,"max_hp_gain":0,"max_hp_loss":0,"event_name":"Liars Game","floor":2,"gold_loss":0,"cards_obtained":["Doubt"]},{"damage_healed":0,"gold_gain":75,"player_choice":"Gather Gold","damage_taken":11,"max_hp_gain":0,"max_hp_loss":0,"event_name":"World of Goop","floor":3,"gold_loss":0},{"cards_removed":["Strike_B"],"damage_healed":0,"gold_gain":0,"player_choice":"Card Removal","damage_taken":7,"max_hp_gain":0,"max_hp_loss":0,"event_name":"Golden Wing","floor":10,"gold_loss":0},{"damage_healed":0,"gold_gain":0,"player_choice":"Opened","damage_taken":0,"relics_obtained":["Sundial"],"max_hp_gain":0,"max_hp_loss":0,"event_name":"The Mausoleum","floor":19,"gold_loss":0,"cards_obtained":["Writhe"]},{"damage_healed":0,"gold_gain":0,"player_choice":"Obtained Book","damage_taken":16,"max_hp_gain":0,"max_hp_loss":0,"event_name":"Cursed Tome","floor":20,"gold_loss":0},{"damage_healed":0,"gold_gain":0,"player_choice":"Bought 2 Potions","damage_taken":0,"max_hp_gain":0,"max_hp_loss":0,"event_name":"The Woman in Blue","floor":21,"gold_loss":0}],"is_beta":false,"boss_relics":[{"not_picked":["Velvet Choker","Cursed Key"],"picked":"Inserter"}],"items_purged_floors":[4],"is_endless":false,"potions_floor_spawned":[5,7,14,23],"killed_by":"Cultist and Chosen","ascension_level":0}