{"gold_per_floor":[116,116,66,66,66,97,22,22,22,22,34,51,62,87,87,191,191,211,211,29,128,128,192,209,209,209,225,237,237,237,256,256,357,357,371,391,184,184,31,59,59,59,59,79,79,79,79,79,79,79],"floor_reached":50,"playtime":4758,"items_purged":["Defend_B","Strike_B+1","Defend_B"],"score":569,"play_id":"13053f3d-9cde-4815-a323-1f1649a70242","local_time":"20190909021430","is_ascension_mode":false,"campfire_choices":[{"data":"Zap","floor":8,"key":"SMITH"},{"data":"Dualcast","floor":10,"key":"SMITH"},{"data":"Defragment","floor":15,"key":"SMITH"},{"data":"Biased Cognition","floor":25,"key":"SMITH"},{"data":"Glacier","floor":29,"key":"SMITH"},{"data":"Fusion","floor":32,"key":"SMITH"},{"floor":41,"key":"RECALL"},{"data":"Fission","floor":46,"key":"SMITH"},{"data":"Heatsinks","floor":49,"key":"SMITH"}],"neow_cost":"NONE","seed_source_timestamp":16258128491910,"circlet_count":0,"master_deck":["Defend_B+1","Zap+1","Dualcast+1","Self Repair","Fusion+1","Compile Driver","Buffer","Heatsinks+1","Biased Cognition+1","Glacier+1","Capacitor","Cold Snap+1","Self Repair+1","Blizzard+1","Force Field+1","Electrodynamics","Fission+1","Capacitor","Decay","Loop+1","Madness","Madness","Tempest+1"],"relics":["Cracked Core","NeowsBlessing","Whetstone","Mummified Hand","Strawberry","Empty Cage","Meat on the Bone","Tiny Chest","Nuclear Battery","Bronze Scales","Juzu Bracelet","Boot","Frozen Egg 2"],"potions_floor_usage":[14,16,23,27,28,33,36],"damage_taken":[{"damage":0,"enemies":"Cultist","floor":1,"turns":1},{"damage":0,"enemies":"Lagavulin","floor":6,"turns":1},{"damage":0,"enemies":"Small Slimes","floor":11,"turns":1},{"damage":0,"enemies":"2 Louse","floor":12,"turns":2},{"damage":0,"enemies":"Blue Slaver","floor":13,"turns":2},{"damage":23,"enemies":"3 Sentries","floor":14,"turns":8},{"damage":45,"enemies":"Hexaghost","floor":16,"turns":9},{"damage":12,"enemies":"2 Thieves","floor":18,"turns":3},{"damage":46,"enemies":"Slavers","floor":23,"turns":6},{"damage":0,"enemies":"Chosen","floor":24,"turns":4},{"damage":0,"enemies":"Centurion and Healer","floor":27,"turns":4},{"damage":7,"enemies":"Snake Plant","floor":28,"turns":2},{"damage":24,"enemies":"Chosen and Byrds","floor":31,"turns":10},{"damage":0,"enemies":"Champ","floor":33,"turns":10},{"damage":0,"enemies":"3 Shapes","floor":35,"turns":4},{"damage":0,"enemies":"Orb Walker","floor":36,"turns":3},{"damage":5,"enemies":"Giant Head","floor":40,"turns":11},{"damage":22,"enemies":"Jaw Worm Horde","floor":44,"turns":4},{"damage":68,"enemies":"Time Eater","floor":50,"turns":11}],"seed_played":"-7797468764797208036","potions_obtained":[{"floor":1,"key":"Block Potion"},{"floor":12,"key":"Strength Potion"},{"floor":18,"key":"Explosive Potion"},{"floor":23,"key":"Fire Potion"},{"floor":27,"key":"GamblersBrew"},{"floor":31,"key":"SkillPotion"},{"floor":35,"key":"FearPotion"},{"floor":44,"key":"SteroidPotion"}],"is_trial":false,"path_per_floor":["M","?","?","?","$","E","$","R","T","R","M","M","M","E","R","B",null,"M","?","$","?","T","E","M","R","T","M","M","R","?","M","R","B",null,"M","M","$","?","$","E","R","?","T","M","?","R","T","?","R","B"],"character_chosen":"DEFECT","items_purchased":["Capacitor","Capacitor","Bronze Scales"],"campfire_rested":0,"item_purchase_floors":[20,37,39],"current_hp_per_floor":[75,68,68,53,53,60,60,60,60,60,60,67,67,58,58,20,82,77,77,77,77,77,50,57,57,57,74,82,82,82,75,75,82,82,82,82,82,82,82,82,82,72,72,67,67,67,67,67,67,0],"gold":79,"neow_bonus":"THREE_ENEMY_KILL","is_prod":false,"is_daily":false,"chose_seed":false,"campfire_upgraded":8,"win_rate":0,"timestamp":1567988070,"path_taken":["M","?","?","?","$","E","$","R","T","R","M","M","M","E","R","BOSS","M","?","$","?","?","E","M","R","T","M","?","R","?","M","R","BOSS","M","M","$","?","$","E","R","?","T","M","?","R","?","?","R","BOSS"],"build_version":"2019-07-17","purchased_purges":3,"victory":false,"max_hp_per_floor":[75,75,75,75,75,75,75,75,75,75,75,75,75,82,82,82,82,82,82,82,82,82,82,82,82,82,82,82,82,82,82,82,82,82,82,82,82,82,82,82,82,82,82,82,82,82,82,82,82,82],"card_choices":[{"not_picked":["Leap","Coolheaded"],"picked":"Self Repair","floor":1},{"not_picked":["Sweeping Beam","Leap"],"picked":"Fusion","floor":6},{"not_picked":["BootSequence","Rebound"],"picked":"Compile Driver","floor":11},{"not_picked":["Rebound","Leap"],"picked":"Buffer","floor":12},{"not_picked":["Cold Snap","Conserve Battery"],"picked":"Heatsinks","floor":13},{"not_picked":["Redo","Hologram"],"picked":"Defragment","floor":14},{"not_picked":["Core Surge","Rainbow"],"picked":"Biased Cognition","floor":16},{"not_picked":["FTL+1","Redo","Go for the Eyes"],"picked":"SKIP","floor":18},{"not_picked":["Compile Driver","Fusion"],"picked":"Cold Snap+1","floor":23},{"not_picked":["Hologram","Ball Lightning+1"],"picked":"Self Repair+1","floor":24},{"not_picked":["Gash","Rebound"],"picked":"Blizzard+1","floor":27},{"not_picked":["Leap","Double Energy"],"picked":"Force Field+1","floor":28},{"not_picked":["Melter","Conserve Battery"],"picked":"Electrodynamics","floor":31},{"not_picked":["Buffer","Electrodynamics"],"picked":"Fission","floor":33},{"not_picked":["Go for the Eyes","Consume+1","Coolheaded"],"picked":"SKIP","floor":35},{"not_picked":["Coolheaded","Double Energy+1","Sunder+1"],"picked":"SKIP","floor":36},{"not_picked":["White Noise","Scrape"],"picked":"Loop+1","floor":40},{"not_picked":["Ball Lightning+1","Barrage+1"],"picked":"Tempest+1","floor":44}],"player_experience":857953,"relics_obtained":[{"floor":6,"key":"Whetstone"},{"floor":9,"key":"Mummified Hand"},{"floor":14,"key":"Strawberry"},{"floor":22,"key":"Meat on the Bone"},{"floor":23,"key":"Tiny Chest"},{"floor":40,"key":"Juzu Bracelet"},{"floor":43,"key":"Boot"},{"floor":47,"key":"Frozen Egg 2"}],"event_choices":[{"cards_removed":["Strike_B"],"damage_healed":0,"gold_gain":0,"player_choice":"Card Removal","damage_taken":7,"max_hp_gain":0,"max_hp_loss":0,"event_name":"Golden Wing","floor":2,"gold_loss":0},{"cards_removed":["Strike_B"],"damage_healed":0,"gold_gain":0,"player_choice":"Card Removal","damage_taken":0,"max_hp_gain":0,"max_hp_loss":0,"event_name":"The Cleric","floor":3,"gold_loss":50},{"damage_healed":0,"gold_gain":0,"player_choice":"Entered Light","damage_taken":15,"max_hp_gain":0,"max_hp_loss":0,"event_name":"Shining Light","floor":4,"gold_loss":0,"cards_upgraded":["Defend_B","Strike_B"]},{"damage_healed":0,"gold_gain":0,"player_choice":"Read","damage_taken":0,"max_hp_gain":0,"max_hp_loss":0,"event_name":"The Library","floor":19,"gold_loss":0,"cards_obtained":["Glacier"]},{"damage_healed":0,"gold_gain":99,"player_choice":"Stole From Cult","damage_taken":0,"max_hp_gain":0,"max_hp_loss":0,"event_name":"Nest","floor":21,"gold_loss":0},{"damage_healed":0,"gold_gain":0,"player_choice":"Ignored","damage_taken":0,"max_hp_gain":0,"max_hp_loss":0,"event_name":"Vampires","floor":30,"gold_loss":0},{"damage_healed":0,"gold_gain":0,"player_choice":"Cursed","damage_taken":0,"max_hp_gain":0,"max_hp_loss":0,"event_name":"Wheel of Change","floor":38,"gold_loss":0,"cards_obtained":["Decay"]},{"damage_healed":0,"gold_gain":0,"player_choice":"Embrace Madness","damage_taken":10,"max_hp_gain":0,"max_hp_loss":0,"event_name":"Winding Halls","floor":42,"gold_loss":0,"cards_obtained":["Madness","Madness"]},{"damage_healed":0,"gold_gain":0,"player_choice":"Memory 1","damage_taken":0,"max_hp_gain":0,"max_hp_loss":0,"event_name":"SensoryStone","floor":45,"gold_loss":0},{"cards_removed":["Defragment"],"damage_healed":0,"gold_gain":0,"player_choice":"Removed Power","damage_taken":0,"max_hp_gain":0,"max_hp_loss":0,"event_name":"Falling","floor":48,"gold_loss":0}],"is_beta":false,"boss_relics":[{"not_picked":["Eternal Feather","Tiny House"],"picked":"Empty Cage"},{"not_picked":["Coffee Dripper","Astrolabe"],"picked":"Nuclear Battery"}],"items_purged_floors":[7,20,37],"is_endless":false,"potions_floor_spawned":[1,12,18,23,27,31,35,44],"killed_by":"Time Eater","ascension_level":0}