{"gold_per_floor":[114,389,401,418,3,37,37,72,72,91,91,120,120,120,120,197,197,184,184,84,84,9,35,35,35,58,0,19,19,19,80,80,158,158,171,171,188,188,86,117,117,136,136,149,160,194,212,246,246,246],"floor_reached":51,"playtime":2418,"items_purged":["Regret","Writhe","Strike_R"],"score":1468,"play_id":"0ade2bb2-d8fb-4091-8419-1310f03e86d2","local_time":"20190817090018","is_ascension_mode":true,"campfire_choices":[{"data":"Apotheosis","floor":7.0,"key":"SMITH"},{"data":"Seeing Red","floor":11.0,"key":"SMITH"},{"floor":15.0,"key":"REST"},{"floor":24,"key":"REST"},{"floor":30,"key":"REST"},{"floor":32,"key":"RECALL"},{"floor":41,"key":"REST"},{"floor":49,"key":"REST"}],"neow_cost":"NONE","seed_source_timestamp":0,"circlet_count":0,"master_deck":["AscendersBane","Strike_R","Defend_R","Defend_R","Defend_R","Defend_R","Bash","Pommel Strike","Cleave","Metallicize","Apotheosis+1","Shockwave+1","Seeing Red+1","True Grit","Reaper","Demon Form","Ghostly Armor","Whirlwind","Uppercut","Double Tap","Shrug It Off+1","Flame Barrier","Spot Weakness+1","Parasite"],"special_seed":0,"relics":["Burning Blood","Gremlin Horn","Mercury Hourglass","Matryoshka","Vajra","Black Star","Letter Opener","Singing Bowl","Bronze Scales","Meat on the Bone","Potion Belt","Smiling Mask","Ice Cream","Tiny Chest","Orichalcum","Lizard Tail","Dead Branch","Ginger","Question Card","Regal Pillow","Gambling Chip","Mummified Hand"],"potions_floor_usage":[23,23,33,40,46,50],"damage_taken":[{"damage":12.0,"enemies":"2 Louse","floor":1.0,"turns":3.0},{"damage":3.0,"enemies":"Cultist","floor":3.0,"turns":3.0},{"damage":24.0,"enemies":"Jaw Worm","floor":4.0,"turns":4.0},{"damage":14.0,"enemies":"Lagavulin","floor":6.0,"turns":7.0},{"damage":16.0,"enemies":"3 Sentries","floor":8.0,"turns":4.0},{"damage":11.0,"enemies":"Looter","floor":10.0,"turns":4.0},{"damage":15.0,"enemies":"Lagavulin","floor":12.0,"turns":6.0},{"damage":33.0,"enemies":"The Guardian","floor":16.0,"turns":10.0},{"damage":16,"enemies":"2 Thieves","floor":18,"turns":4},{"damage":56,"enemies":"Slavers","floor":23,"turns":5},{"damage":26,"enemies":"Chosen","floor":28,"turns":6},{"damage":41,"enemies":"Book of Stabbing","floor":31,"turns":7},{"damage":66,"enemies":"Collector","floor":33,"turns":9},{"damage":14,"enemies":"3 Darklings","floor":35,"turns":3},{"damage":30,"enemies":"Orb Walker","floor":37,"turns":5},{"damage":29,"enemies":"Reptomancer","floor":40,"turns":5},{"damage":57,"enemies":"Jaw Worm Horde","floor":42,"turns":4},{"damage":33,"enemies":"Transient","floor":44,"turns":5},{"damage":45,"enemies":"Spire Growth","floor":45,"turns":6},{"damage":21,"enemies":"Nemesis","floor":46,"turns":7},{"damage":32,"enemies":"Writhing Mass","floor":47,"turns":6},{"damage":60,"enemies":"Giant Head","floor":48,"turns":9},{"damage":75,"enemies":"Time Eater","floor":50,"turns":6}],"seed_played":"-7592148989797718136","potions_obtained":[{"floor":3.0,"key":"SteroidPotion"},{"floor":8.0,"key":"EssenceOfSteel"},{"floor":16.0,"key":"Swift Potion"},{"floor":18,"key":"PowerPotion"},{"floor":23,"key":"Weak Potion"},{"floor":28,"key":"Dexterity Potion"},{"floor":37,"key":"Weak Potion"},{"floor":45,"key":"PowerPotion"},{"floor":47,"key":"Fire Potion"},{"floor":48,"key":"Swift Potion"}],"is_trial":false,"path_per_floor":["M","?","M","M","$","E","R","E","T","M","R","E","?","?","R","B",null,"M","?","$","?","?","E","R","$","T","?","M","T","R","E","R","B",null,"M","?","M","?","$","E","R","M","T","M","M","E","M","E","R","B",null],"character_chosen":"IRONCLAD","items_purchased":["BloodPotion","Apotheosis","Shockwave","Energy Potion"],"campfire_rested":5,"item_purchase_floors":[5,5,5,39],"current_hp_per_floor":[69,69,72,54,54,66,66,56,56,51,51,42,17,44,68,48,74,73,73,73,73,73,38,62,62,62,62,53,53,78,72,72,39,74,77,77,64,64,64,62,89,91,91,64,57,70,58,68,98,41],"gold":246,"neow_bonus":"TEN_PERCENT_HP_BONUS","is_prod":false,"is_daily":false,"chose_seed":false,"campfire_upgraded":2,"win_rate":0,"timestamp":1566057618,"path_taken":["M","?","M","M","$","E","R","E","T","?","R","E","?","?","R","BOSS","M","?","$","?","?","E","R","$","T","?","M","?","R","E","R","BOSS","M","?","?","?","$","E","R","M","T","M","M","E","M","E","R","BOSS"],"build_version":"2019-07-17","purchased_purges":3,"victory":true,"max_hp_per_floor":[82,82,82,82,82,82,82,82,82,82,82,82,82,82,82,82,82,82,82,82,82,82,82,82,82,82,82,84,84,84,86,86,86,86,88,88,90,90,90,90,90,92,92,92,94,94,96,98,98,98],"card_choices":[{"not_picked":["Twin Strike","Rampage"],"picked":"Pommel Strike","floor":1.0},{"not_picked":["Seeing Red","Rage"],"picked":"Cleave","floor":3.0},{"not_picked":["Heavy Blade","Infernal Blade"],"picked":"Metallicize","floor":4.0},{"not_picked":["Pummel","Metallicize"],"picked":"Seeing Red","floor":6.0},{"not_picked":["Havoc","Shockwave"],"picked":"True Grit","floor":8.0},{"not_picked":["Pommel Strike","Seeing Red","Warcry"],"picked":"SKIP","floor":10.0},{"not_picked":["Infernal Blade","Pummel"],"picked":"Reaper","floor":12.0},{"not_picked":["Barricade","Impervious"],"picked":"Demon Form","floor":16.0},{"not_picked":["Pommel Strike","Body Slam"],"picked":"Ghostly Armor","floor":18},{"not_picked":["Berserk","Clash"],"picked":"Uppercut","floor":23},{"not_picked":["Rage","Sword Boomerang","Burning Pact+1"],"picked":"Singing Bowl","floor":28},{"not_picked":["Entrench","Burning Pact","Spot Weakness+1"],"picked":"Singing Bowl","floor":31},{"not_picked":["Barricade","Feed"],"picked":"Double Tap","floor":33},{"not_picked":["Searing Blow","Warcry","Body Slam"],"picked":"Singing Bowl","floor":35},{"not_picked":["Twin Strike+1","Pummel","Feel No Pain"],"picked":"Singing Bowl","floor":37},{"not_picked":["Infernal Blade","Flex+1"],"picked":"Shrug It Off+1","floor":40},{"not_picked":["Spot Weakness","Headbutt+1","Wild Strike"],"picked":"Singing Bowl","floor":42},{"not_picked":["Searing Blow","Carnage"],"picked":"Flame Barrier","floor":44},{"not_picked":["Carnage","Shrug It Off","Body Slam"],"picked":"Singing Bowl","floor":45},{"not_picked":["Burning Pact","Cleave"],"picked":"Spot Weakness+1","floor":46},{"not_picked":["Perfected Strike+1","Twin Strike+1","Clash","Infernal Blade"],"picked":"Singing Bowl","floor":47},{"not_picked":["Brutality","Clothesline","Cleave+1","Headbutt+1"],"picked":"Singing Bowl","floor":48}],"player_experience":1393319,"relics_obtained":[{"floor":6.0,"key":"Gremlin Horn"},{"floor":8.0,"key":"Mercury Hourglass"},{"floor":9.0,"key":"Matryoshka"},{"floor":12.0,"key":"Vajra"},{"floor":23,"key":"Singing Bowl"},{"floor":23,"key":"Bronze Scales"},{"floor":26,"key":"Meat on the Bone"},{"floor":26,"key":"Potion Belt"},{"floor":29,"key":"Smiling Mask"},{"floor":29,"key":"Ice Cream"},{"floor":31,"key":"Tiny Chest"},{"floor":31,"key":"Orichalcum"},{"floor":40,"key":"Dead Branch"},{"floor":40,"key":"Ginger"},{"floor":46,"key":"Question Card"},{"floor":46,"key":"Regal Pillow"},{"floor":48,"key":"Gambling Chip"},{"floor":48,"key":"Mummified Hand"}],"event_choices":[{"damage_healed":0.0,"max_hp_gain":0.0,"max_hp_loss":0.0,"gold_gain":275.0,"event_name":"Golden Shrine","player_choice":"Desecrate","floor":2.0,"gold_loss":0.0,"damage_taken":0.0,"cards_obtained":["Regret"]},{"damage_healed":0.0,"max_hp_gain":0.0,"max_hp_loss":0.0,"gold_gain":0.0,"event_name":"Shining Light","player_choice":"Entered Light","floor":13.0,"gold_loss":0.0,"damage_taken":25.0,"cards_upgraded":["Shockwave","Strike_R"]},{"damage_healed":27.0,"max_hp_gain":0.0,"max_hp_loss":0.0,"gold_gain":0.0,"event_name":"Big Fish","player_choice":"Banana","floor":14.0,"gold_loss":0.0,"damage_taken":0.0},{"damage_healed":0,"gold_gain":0,"player_choice":"Opened","damage_taken":0,"relics_obtained":["Letter Opener"],"max_hp_gain":0,"max_hp_loss":0,"event_name":"The Mausoleum","floor":19,"gold_loss":0,"cards_obtained":["Writhe"]},{"damage_healed":0,"gold_gain":0,"player_choice":"Read","damage_taken":0,"max_hp_gain":0,"max_hp_loss":0,"event_name":"The Library","floor":21,"gold_loss":0,"cards_obtained":["Whirlwind"]},{"cards_removed":["Strike_R"],"damage_healed":0,"gold_gain":0,"player_choice":"Gave Gold","damage_taken":0,"max_hp_gain":0,"max_hp_loss":0,"event_name":"Beggar","floor":22,"gold_loss":75},{"damage_healed":0,"gold_gain":0,"player_choice":"Paid Fearfully","damage_taken":0,"max_hp_gain":0,"max_hp_loss":0,"event_name":"Masked Bandits","floor":27,"gold_loss":58},{"cards_removed":["Strike_R"],"damage_healed":0,"gold_gain":0,"player_choice":"Offered Basic","damage_taken":0,"max_hp_gain":0,"max_hp_loss":0,"event_name":"Bonfire Elementals","floor":36,"gold_loss":0},{"cards_removed":["Strike_R"],"damage_healed":0,"gold_gain":0,"player_choice":"Removed Attack","damage_taken":0,"max_hp_gain":0,"max_hp_loss":0,"event_name":"Falling","floor":38,"gold_loss":0}],"is_beta":false,"boss_relics":[{"not_picked":["Pandora\u0027s Box","Coffee Dripper"],"picked":"Black Star"},{"not_picked":["White Beast Statue","Mark of Pain"],"picked":"Lizard Tail"}],"items_purged_floors":[5,20,39],"is_endless":false,"potions_floor_spawned":[3,8,16,18,23,28,37,45,47,48],"ascension_level":15}