{"path_per_floor":["M","M","$","?","?","R","M","R","T","M","?","?","E","M","R","B",null,"M","?","$","M","$","R","?","R","T","?","E","R","M","M","R","B",null,"M","T","?","M","$","E","R","M","T","R","?","M","?","M","R","B"],"character_chosen":"IRONCLAD","items_purchased":["Master of Strategy","Shrug It Off"],"gold_per_floor":[112,123,48,48,48,48,59,59,59,74,24,24,55,68,68,166,166,177,177,77,89,89,89,89,89,113,213,241,241,254,272,272,371,371,383,408,408,422,73,101,101,121,121,121,121,141,0,12,12,12],"floor_reached":51,"campfire_rested":3,"playtime":4006,"current_hp_per_floor":[75,80,80,80,80,80,80,80,80,80,80,64,70,61,61,40,80,49,49,49,49,49,49,49,73,73,73,21,45,28,39,63,69,80,47,47,67,80,80,77,77,80,80,80,80,80,80,80,80,76],"items_purged":["Strike_R","Strike_R","Writhe"],"gold":12,"score":743,"play_id":"39814fba-d2df-4bb7-b0bf-8a66bc7befb1","local_time":"20180518052144","is_prod":false,"is_daily":false,"chose_seed":false,"is_ascension_mode":false,"campfire_upgraded":7,"timestamp":1526613704,"campfire_choices":[{"data":"Bash","floor":6,"key":"SMITH"},{"data":"Shrug It Off","floor":8,"key":"SMITH"},{"data":"Spot Weakness","floor":15,"key":"SMITH"},{"data":"Limit Break","floor":23,"key":"SMITH"},{"floor":25,"key":"REST"},{"floor":29,"key":"REST"},{"floor":32,"key":"REST"},{"data":"Body Slam","floor":41,"key":"SMITH"},{"data":"Shrug It Off","floor":44,"key":"SMITH"},{"data":"Flame Barrier","floor":49,"key":"SMITH"}],"path_taken":["M","M","$","?","?","R","M","R","T","M","?","?","E","M","R","BOSS","M","?","$","?","$","R","?","R","T","?","E","R","M","M","R","BOSS","M","?","?","M","$","E","R","M","T","R","?","M","?","M","R","BOSS"],"build_version":"2018-05-17","seed_source_timestamp":13859011087845,"purchased_purges":3,"victory":true,"master_deck":["Defend_R+1","Bash+1","Shrug It Off+1","Spot Weakness+1","Limit Break+1","Barricade+1","Sword Boomerang+1","Reaper","Reckless Charge+1","Power Through+1","Disarm+1","Body Slam+1","Master of Strategy","Shrug It Off+1","Flame Barrier+1","Secret Technique","Body Slam+1"],"max_hp_per_floor":[80,80,80,80,80,80,80,80,80,80,80,80,80,80,80,80,80,80,80,80,80,80,80,80,80,80,80,80,80,80,80,80,80,80,80,80,80,80,80,80,80,80,80,80,80,80,80,80,80,80],"relics":["Burning Blood","Frozen Egg 2","Meat on the Bone","Philosopher\u0027s Stone","Bag of Marbles","Mummified Hand","Astrolabe","Regal Pillow","Torii","Juzu Bracelet","Red Mask"],"card_choices":[{"not_picked":["Clash","Havoc"],"picked":"Shrug It Off","floor":1},{"not_picked":["Disarm","Uppercut","Inflame"],"picked":"SKIP","floor":2},{"not_picked":["Burning Pact","Dropkick","Corruption"],"picked":"SKIP","floor":7},{"not_picked":["Infernal Blade","Burning Pact","Headbutt"],"picked":"SKIP","floor":10},{"not_picked":["Sentinel","Brutality+1","Flex"],"picked":"SKIP","floor":13},{"not_picked":["Twin Strike","Pummel","Pommel Strike"],"picked":"SKIP","floor":14},{"not_picked":["Reaper","Fiend Fire"],"picked":"Limit Break","floor":16},{"not_picked":["Clothesline","True Grit+1","Inflame+1"],"picked":"SKIP","floor":18},{"not_picked":["Uppercut","Twin Strike","Seeing Red"],"picked":"SKIP","floor":21},{"not_picked":["Pommel Strike","Armaments"],"picked":"Barricade+1","floor":28},{"not_picked":["Intimidate","Blood for Blood","Flex+1"],"picked":"SKIP","floor":30},{"not_picked":["Dual Wield","Sever Soul"],"picked":"Sword Boomerang+1","floor":31},{"not_picked":["Limit Break","Fiend Fire"],"picked":"Reaper","floor":33},{"not_picked":["Twin Strike","Intimidate+1","Fire Breathing+1"],"picked":"SKIP","floor":35},{"not_picked":["Sever Soul","Sword Boomerang"],"picked":"Body Slam","floor":38},{"not_picked":["Bloodletting","Cleave","Combust+1"],"picked":"SKIP","floor":40},{"not_picked":["Bloodletting","Cleave","Combust+1"],"picked":"SKIP","floor":40},{"not_picked":["Corruption+1","Dual Wield+1"],"picked":"Flame Barrier","floor":42},{"not_picked":["Transmutation","Blind"],"picked":"Secret Technique","floor":45},{"not_picked":["Warcry+1","Fire Breathing+1"],"picked":"Body Slam+1","floor":46},{"not_picked":["Blood for Blood+1","Hemokinesis+1","Combust+1"],"picked":"SKIP","floor":48}],"player_experience":422433,"potions_floor_usage":[10,13,13,13,13,14,14,16,18,31,42,48,48,50],"damage_taken":[{"damage":11,"enemies":"Small Slimes","floor":1,"turns":4},{"damage":0,"enemies":"Cultist","floor":2,"turns":3},{"damage":3,"enemies":"Jaw Worm","floor":7,"turns":3},{"damage":0,"enemies":"Blue Slaver","floor":10,"turns":4},{"damage":0,"enemies":"Lagavulin","floor":13,"turns":5},{"damage":15,"enemies":"2 Fungi Beasts","floor":14,"turns":3},{"damage":39,"enemies":"Slime Boss","floor":16,"turns":13},{"damage":37,"enemies":"3 Byrds","floor":18,"turns":4},{"damage":18,"enemies":"Chosen","floor":21,"turns":4},{"damage":70,"enemies":"Slavers","floor":28,"turns":5},{"damage":35,"enemies":"Slaver and Parasite","floor":30,"turns":6},{"damage":7,"enemies":"Chosen and Byrds","floor":31,"turns":5},{"damage":0,"enemies":"Champ","floor":33,"turns":6},{"damage":51,"enemies":"3 Darklings","floor":35,"turns":4},{"damage":0,"enemies":"3 Shapes","floor":38,"turns":4},{"damage":9,"enemies":"Nemesis","floor":40,"turns":5},{"damage":11,"enemies":"3 Darklings","floor":42,"turns":7},{"damage":0,"enemies":"Maw","floor":46,"turns":9},{"damage":0,"enemies":"4 Shapes","floor":48,"turns":5},{"damage":24,"enemies":"Time Eater","floor":50,"turns":9}],"relics_obtained":[{"floor":9,"key":"Frozen Egg 2"},{"floor":13,"key":"Meat on the Bone"},{"floor":26,"key":"Bag of Marbles"},{"floor":28,"key":"Mummified Hand"},{"floor":36,"key":"Regal Pillow"},{"floor":40,"key":"Torii"},{"floor":43,"key":"Juzu Bracelet"}],"event_choices":[{"event_name":"The Lab","player_choice":"Got Potions","floor":4,"damage_taken":0},{"event_name":"Transmorgrifier","player_choice":"Transform","floor":5,"damage_taken":0},{"event_name":"The Cleric","player_choice":"Card Removal","floor":11,"damage_taken":0},{"event_name":"Shining Light","player_choice":"Entered Light","floor":12,"damage_taken":0},{"event_name":"Drug Dealer","player_choice":"Ignored","floor":19,"damage_taken":0},{"event_name":"Ghosts","player_choice":"Ignored","floor":24,"damage_taken":0},{"event_name":"Golden Shrine","player_choice":"Pray","floor":27,"damage_taken":0},{"event_name":"Winding Halls","player_choice":"Writhe","floor":37,"damage_taken":0},{"event_name":"SensoryStone","player_choice":"Memory 1","floor":45,"damage_taken":0},{"event_name":"Tomb of Lord Red Mask","player_choice":"Paid","floor":47,"damage_taken":0}],"boss_relics":[{"not_picked":["Runic Cube","Mark of Pain"],"picked":"Philosopher\u0027s Stone"},{"not_picked":["Runic Pyramid","Tiny House"],"picked":"Astrolabe"}],"potions_floor_spawned":[2,7,13,14,16,21,28,30,40,46],"seed_played":"192057090581110085","ascension_level":0,"potions_obtained":[{"floor":2,"key":"Poison Potion"},{"floor":4,"key":"EntropicBrew"},{"floor":4,"key":"EssenceOfSteel"},{"floor":13,"key":"SteroidPotion"},{"floor":14,"key":"Block Potion"},{"floor":16,"key":"PowerPotion"},{"floor":21,"key":"SpeedPotion"},{"floor":28,"key":"Ancient Potion"},{"floor":30,"key":"Poison Potion"},{"floor":40,"key":"AttackPotion"},{"floor":46,"key":"Regen Potion"}],"is_trial":false}