{"gold_per_floor":[365,365,315,315,335,335,370,370,370,388,388,158,175,175,175,175],"floor_reached":16,"playtime":1069,"items_purged":["Strike_G"],"score":98,"play_id":"251975f6-7fca-4db0-bb34-78396cf5c336","local_time":"20190124224127","is_ascension_mode":false,"campfire_choices":[{"data":"Survivor","floor":6,"key":"SMITH"},{"floor":8,"key":"REST"},{"data":"Neutralize","floor":11,"key":"SMITH"},{"data":"Cloak And Dagger","floor":15,"key":"SMITH"}],"neow_cost":"PERCENT_DAMAGE","seed_source_timestamp":43682792294759,"circlet_count":0,"master_deck":["Defend_G","Defend_G","Defend_G","Defend_G","Defend_G","Strike_G","Strike_G","Strike_G","Strike_G","Survivor+1","Neutralize+1","Backstab","Cloak And Dagger+1","Accuracy","Backstab"],"relics":["Ring of the Snake","Blood Vial","Oddly Smooth Stone","Blue Candle","Potion Belt","Tough Bandages"],"potions_floor_usage":[5,7],"damage_taken":[{"damage":0,"enemies":"Jaw Worm","floor":1,"turns":5},{"damage":0,"enemies":"Small Slimes","floor":5,"turns":4},{"damage":28,"enemies":"Gremlin Nob","floor":7,"turns":6},{"damage":0,"enemies":"Cultist","floor":10,"turns":4},{"damage":0,"enemies":"Gremlin Gang","floor":13,"turns":5},{"damage":60,"enemies":"Slime Boss","floor":16,"turns":16}],"seed_played":"921245391667217569","potions_obtained":[{"floor":1,"key":"Explosive Potion"},{"floor":5,"key":"Weak Potion"}],"is_trial":false,"path_per_floor":["M","?","?","T","M","R","E","R","T","M","R","$","M","?","R","B"],"character_chosen":"THE_SILENT","items_purchased":["Cloak And Dagger","Accuracy","Backstab"],"campfire_rested":1,"item_purchase_floors":[12,12,12],"current_hp_per_floor":[49,49,49,49,51,51,25,46,46,48,48,48,50,50,50,0],"gold":175,"neow_bonus":"TWO_FIFTY_GOLD","is_prod":false,"is_daily":false,"chose_seed":false,"campfire_upgraded":3,"win_rate":0,"timestamp":1548366087,"path_taken":["M","?","?","?","?","R","E","R","T","?","R","$","M","?","R","BOSS"],"build_version":"2019-01-23","purchased_purges":1,"victory":false,"max_hp_per_floor":[70,70,70,70,70,70,70,70,70,70,70,70,70,70,70,70],"card_choices":[{"not_picked":["Caltrops","Outmaneuver","Riddle With Holes"],"picked":"SKIP","floor":1},{"not_picked":["Flying Knee","Flechettes","Deadly Poison"],"picked":"SKIP","floor":5},{"not_picked":["Flying Knee","Flechettes","Deadly Poison"],"picked":"SKIP","floor":5},{"not_picked":["PiercingWail","Acrobatics"],"picked":"Backstab","floor":7},{"not_picked":["Bane","Wraith Form v2","PiercingWail"],"picked":"SKIP","floor":10},{"not_picked":["Tactician","Dagger Throw","Dagger Spray"],"picked":"SKIP","floor":13}],"player_experience":615265,"relics_obtained":[{"floor":4,"key":"Oddly Smooth Stone"},{"floor":7,"key":"Blue Candle"},{"floor":9,"key":"Potion Belt"}],"event_choices":[{"damage_healed":0,"gold_gain":0,"player_choice":"Box","damage_taken":0,"relics_obtained":["Blood Vial"],"max_hp_gain":0,"max_hp_loss":0,"event_name":"Big Fish","floor":2,"gold_loss":0,"cards_obtained":["Regret"]},{"cards_removed":["Regret"],"damage_healed":0,"gold_gain":0,"player_choice":"Card Removal","damage_taken":0,"max_hp_gain":0,"max_hp_loss":0,"event_name":"The Cleric","floor":3,"gold_loss":50},{"damage_healed":0,"gold_gain":0,"player_choice":"Searched \u00271\u0027 times","damage_taken":0,"relics_obtained":["Tough Bandages"],"max_hp_gain":0,"max_hp_loss":0,"event_name":"Dead Adventurer","floor":14,"gold_loss":0}],"is_beta":false,"boss_relics":[],"items_purged_floors":[12],"is_endless":false,"potions_floor_spawned":[1,5],"killed_by":"Slime Boss","ascension_level":0}