{"gold_per_floor":[109,129,144,163,163,163,163,163,236,253,253,253,267,277,277,379,379,399,107,107,125,51,51,70,103,128,143,143,143,155,70,70,70],"floor_reached":33,"playtime":2410,"items_purged":["Strike_B"],"score":401,"play_id":"9a28c445-6aed-49b7-8e53-7cff42861208","local_time":"20190907193227","is_ascension_mode":true,"campfire_choices":[{"data":"Zap","floor":6.0,"key":"SMITH"},{"data":"Dualcast","floor":12.0,"key":"SMITH"},{"data":"Redo","floor":15.0,"key":"SMITH"},{"floor":23.0,"key":"REST"},{"data":"Seek","floor":28,"key":"SMITH"},{"floor":32,"key":"REST"}],"neow_cost":"PERCENT_DAMAGE","seed_source_timestamp":1858378377616200,"circlet_count":0,"master_deck":["AscendersBane","Strike_B","Defend_B","Defend_B","Defend_B","Zap+1","Dualcast+1","Meteor Strike","Glacier","Redo+1","Go for the Eyes","Beam Cell","Double Energy+1","Turbo","Seek+1","Skim","FTL","Capacitor","Coolheaded","Defragment","Rebound"],"special_seed":0,"relics":["Cracked Core","PreservedInsect","Mercury Hourglass","Black Star","Bag of Preparation","Nilry\u0027s Codex","Regal Pillow","Bag of Marbles","Art of War","WingedGreaves"],"potions_floor_usage":[33],"damage_taken":[{"damage":0.0,"enemies":"Cultist","floor":1.0,"turns":4.0},{"damage":0.0,"enemies":"2 Louse","floor":2.0,"turns":2.0},{"damage":1.0,"enemies":"Small Slimes","floor":3.0,"turns":4.0},{"damage":0.0,"enemies":"Red Slaver","floor":4.0,"turns":5.0},{"damage":8.0,"enemies":"Exordium Wildlife","floor":10.0,"turns":5.0},{"damage":0.0,"enemies":"Large Slime","floor":13.0,"turns":5.0},{"damage":3.0,"enemies":"Blue Slaver","floor":14.0,"turns":3.0},{"damage":33.0,"enemies":"The Guardian","floor":16.0,"turns":12.0},{"damage":17.0,"enemies":"2 Thieves","floor":18.0,"turns":5.0},{"damage":2.0,"enemies":"Shell Parasite","floor":21.0,"turns":3.0},{"damage":4,"enemies":"Centurion and Healer","floor":24,"turns":8},{"damage":5,"enemies":"Book of Stabbing","floor":25,"turns":6},{"damage":0,"enemies":"3 Cultists","floor":27,"turns":5},{"damage":18,"enemies":"Snake Plant","floor":30,"turns":3},{"damage":73,"enemies":"Champ","floor":33,"turns":11}],"seed_played":"610437715008024738","potions_obtained":[{"floor":2.0,"key":"Fire Potion"},{"floor":3.0,"key":"SpeedPotion"},{"floor":18.0,"key":"Dexterity Potion"}],"is_trial":false,"path_per_floor":["M","M","M","M","?","R","?","?","T","M","?","R","M","M","R","B",null,"M","$","?","M","$","R","M","E","T","M","R","?","M","?","R","B"],"character_chosen":"DEFECT","items_purchased":["Bag of Preparation","FTL","Capacitor"],"campfire_rested":2,"item_purchase_floors":[19,19,22],"current_hp_per_floor":[50,50,49,49,46,46,46,46,46,38,38,38,38,35,35,2,57,40,40,24,22,22,44,40,35,35,35,35,35,17,17,54,0],"gold":70,"neow_bonus":"TRANSFORM_TWO_CARDS","is_prod":false,"is_daily":false,"chose_seed":false,"campfire_upgraded":4,"win_rate":0,"timestamp":1567909947,"path_taken":["M","?","M","M","?","R","?","?","T","M","?","R","M","M","R","BOSS","M","$","?","M","$","R","M","E","T","M","R","?","M","?","R","BOSS"],"build_version":"2019-07-17","purchased_purges":1,"victory":false,"max_hp_per_floor":[75,75,75,75,75,75,75,75,75,75,75,75,75,75,75,75,75,75,75,75,75,75,75,75,75,75,75,75,75,75,75,75,75],"card_choices":[{"not_picked":["Cold Snap","Sweeping Beam"],"picked":"Redo","floor":1.0},{"not_picked":["Sunder","Hologram","Sweeping Beam"],"picked":"SKIP","floor":2.0},{"not_picked":["Cold Snap","Aggregate"],"picked":"Go for the Eyes","floor":3.0},{"not_picked":["Stack","Redo","Steam Power"],"picked":"SKIP","floor":4.0},{"not_picked":["Thunder Strike","Aggregate"],"picked":"Double Energy","floor":10.0},{"not_picked":["Gash","Aggregate"],"picked":"Turbo","floor":13.0},{"not_picked":["Steam","Chaos","Blizzard"],"picked":"SKIP","floor":14.0},{"not_picked":["Echo Form","Reboot"],"picked":"Seek","floor":16.0},{"not_picked":["Ball Lightning","Compile Driver"],"picked":"Skim","floor":18.0},{"not_picked":["Turbo+1","Streamline","Tempest"],"picked":"SKIP","floor":21.0},{"not_picked":["Beam Cell","Consume"],"picked":"Coolheaded","floor":24},{"not_picked":["Turbo","Reprogram"],"picked":"Defragment","floor":25},{"not_picked":["Ball Lightning+1","BootSequence"],"picked":"Rebound","floor":27},{"not_picked":["Redo+1","Stack+1","Buffer"],"picked":"SKIP","floor":30}],"player_experience":292037,"relics_obtained":[{"floor":9.0,"key":"Mercury Hourglass"},{"floor":20.0,"key":"Nilry\u0027s Codex"},{"floor":25,"key":"Regal Pillow"},{"floor":25,"key":"Bag of Marbles"},{"floor":26,"key":"Art of War"}],"event_choices":[{"damage_healed":0.0,"max_hp_gain":0.0,"max_hp_loss":0.0,"gold_gain":0.0,"event_name":"Scrap Ooze","player_choice":"Success","floor":5.0,"gold_loss":0.0,"damage_taken":3.0,"relics_obtained":["PreservedInsect"]},{"damage_healed":0.0,"max_hp_gain":0.0,"max_hp_loss":0.0,"gold_gain":0.0,"cards_transformed":["Defend_B"],"event_name":"Living Wall","player_choice":"Change","floor":7.0,"gold_loss":0.0,"damage_taken":0.0,"cards_obtained":["Beam Cell"]},{"damage_healed":0.0,"max_hp_gain":0.0,"max_hp_loss":0.0,"gold_gain":0.0,"event_name":"Dead Adventurer","player_choice":"Searched \u00271\u0027 times","floor":8.0,"gold_loss":0.0,"damage_taken":0.0},{"damage_healed":0.0,"max_hp_gain":0.0,"max_hp_loss":0.0,"gold_gain":0.0,"event_name":"Accursed Blacksmith","player_choice":"Forge","floor":11.0,"gold_loss":0.0,"damage_taken":0.0,"cards_upgraded":["Double Energy"]},{"damage_healed":0.0,"max_hp_gain":0.0,"max_hp_loss":0.0,"gold_gain":0.0,"event_name":"Cursed Tome","player_choice":"Obtained Book","floor":20.0,"gold_loss":0.0,"damage_taken":16.0},{"damage_healed":0,"gold_gain":0,"player_choice":"Ignored","damage_taken":0,"max_hp_gain":0,"max_hp_loss":0,"event_name":"Ghosts","floor":29,"gold_loss":0},{"damage_healed":0,"gold_gain":0,"player_choice":"Obtained Relic","damage_taken":0,"relics_obtained":["WingedGreaves"],"max_hp_gain":0,"max_hp_loss":0,"event_name":"Addict","floor":31,"gold_loss":85}],"is_beta":false,"boss_relics":[{"not_picked":["Snecko Eye","Ectoplasm"],"picked":"Black Star"}],"items_purged_floors":[19],"is_endless":false,"potions_floor_spawned":[2,3,10,13,18,25],"killed_by":"Champ","ascension_level":11}