{"path_per_floor":["M","?","M","M","M","R","M","R","T","E","$","?","?","T","R"],"character_chosen":"IRONCLAD","items_purchased":["Membership Card","Medical Kit"],"gold_per_floor":[367,367,380,394,413,413,425,425,425,455,31,31,106,106,106,106],"floor_reached":16,"campfire_rested":3,"playtime":1248,"current_hp_per_floor":[72,65,65,61,37,58,23,44,44,42,42,42,31,31,52,0],"items_purged":["Strike_R"],"gold":106,"score":100,"play_id":"b6add7ef-3943-4569-b5a3-7ecaf3ffc037","local_time":"20180518041433","is_prod":false,"is_daily":false,"chose_seed":false,"is_ascension_mode":false,"campfire_upgraded":0,"timestamp":1526609673,"campfire_choices":[{"floor":6,"key":"REST"},{"floor":8,"key":"REST"},{"floor":15,"key":"REST"}],"path_taken":["M","?","M","M","?","R","?","R","T","E","$","?","?","?","R","BOSS"],"build_version":"2018-05-17","seed_source_timestamp":12596285070962,"purchased_purges":1,"victory":false,"master_deck":["Strike_R","Strike_R","Strike_R","Strike_R","Defend_R","Defend_R","Defend_R","Bash","Body Slam","Fiend Fire","Whirlwind","Offering"],"max_hp_per_floor":[72,72,72,72,72,72,72,72,72,72,72,72,72,72,72,72],"relics":["Burning Blood","Matryoshka","Bag of Preparation","Membership Card","Medical Kit","Happy Flower","Blood Vial"],"card_choices":[{"not_picked":["Rupture","Armaments","Seeing Red"],"picked":"SKIP","floor":1},{"not_picked":["Spot Weakness","Clothesline"],"picked":"Body Slam","floor":3},{"not_picked":["Cleave","Perfected Strike","Sword Boomerang"],"picked":"SKIP","floor":4},{"not_picked":["Twin Strike","Thunderclap"],"picked":"Fiend Fire","floor":5},{"not_picked":["Pommel Strike","Clash"],"picked":"Whirlwind","floor":7},{"not_picked":["Sword Boomerang","Dual Wield"],"picked":"Offering","floor":10}],"player_experience":421185,"potions_floor_usage":[10,10],"damage_taken":[{"damage":3,"enemies":"Small Slimes","floor":1,"turns":3},{"damage":6,"enemies":"2 Louse","floor":3,"turns":3},{"damage":10,"enemies":"Cultist","floor":4,"turns":4},{"damage":30,"enemies":"Large Slime","floor":5,"turns":6},{"damage":41,"enemies":"Exordium Thugs","floor":7,"turns":4},{"damage":8,"enemies":"3 Sentries","floor":10,"turns":3},{"damage":55,"enemies":"The Guardian","floor":16,"turns":8}],"relics_obtained":[{"floor":9,"key":"Matryoshka"},{"floor":10,"key":"Bag of Preparation"},{"floor":14,"key":"Happy Flower"},{"floor":14,"key":"Blood Vial"}],"event_choices":[{"event_name":"Golden Wing","player_choice":"Card Removal","floor":2,"damage_taken":0},{"event_name":"Match and Keep!","player_choice":"0 cards matched","floor":12,"damage_taken":0},{"event_name":"World of Goop","player_choice":"Gather Gold","floor":13,"damage_taken":0}],"boss_relics":[],"potions_floor_spawned":[1,4,7,10],"seed_played":"-4792806391451212502","killed_by":"The Guardian","ascension_level":0,"potions_obtained":[{"floor":1,"key":"Strength Potion"},{"floor":4,"key":"SpeedPotion"},{"floor":7,"key":"Energy Potion"},{"floor":10,"key":"Dexterity Potion"}],"is_trial":false}