{"path_per_floor":["M","?","?","M","$","E","M","R","T","R","E","M","M","$","R","B",null,"M","?","M","M","?","R","E","M","T","?","?","M","$","M","R","B",null,"M","$","M","?","?","E","?","E","T","?","M","R","?","M","R"],"character_chosen":"IRONCLAD","items_purchased":["Flex","Headbutt"],"gold_per_floor":[112,112,112,136,61,102,117,117,142,142,186,209,233,133,133,263,263,277,277,291,304,304,304,344,362,413,413,328,347,174,194,194,323,323,343,147,161,161,161,200,200,231,285,285,305,305,305,324,324,324],"floor_reached":50,"campfire_rested":1,"playtime":3950,"current_hp_per_floor":[80,80,60,62,62,36,37,37,37,37,39,33,39,39,63,15,80,80,80,80,65,65,65,71,60,67,67,67,66,66,72,72,57,87,81,81,87,87,87,87,87,86,86,86,83,83,93,69,69,0],"items_purged":["Defend_R","Strike_R","Strike_R","Strike_R"],"gold":324,"score":580,"play_id":"6ff033ad-7f68-490d-b4e3-19b5620b4234","local_time":"20180329195032","is_prod":false,"is_daily":false,"is_ascension_mode":false,"campfire_upgraded":6,"timestamp":1522345832,"path_taken":["M","?","?","M","?","E","M","R","T","R","E","M","M","$","R","BOSS","M","?","M","M","?","R","E","M","T","?","?","M","$","M","R","BOSS","M","$","M","?","?","E","?","E","T","?","M","R","?","M","R","BOSS"],"build_version":"2018-03-22v2","purchased_purges":4,"victory":false,"master_deck":["Defend_R+1","Bash+1","Whirlwind+1","Flex+1","Wild Strike+1","Headbutt+1","Flex+1","Battle Trance+1","Headbutt","Whirlwind+1","Writhe","Seeing Red+1"],"max_hp_per_floor":[80,80,80,80,80,80,80,80,80,80,80,80,80,80,80,80,80,80,80,80,80,80,80,80,80,87,87,87,87,87,87,87,87,87,87,87,87,87,87,87,87,87,87,87,87,87,93,93,93,93],"relics":["Burning Blood","War Paint","Golden Idol","Vajra","Happy Flower","Bag of Preparation","Astrolabe","Juzu Bracelet","Regal Pillow","Strawberry","Centennial Puzzle","Philosopher\u0027s Stone","Darkstone Periapt","Molten Egg 2","Tiny Chest"],"card_choices":[{"not_picked":["Second Wind","Cleave"],"picked":"Whirlwind","floor":1},{"not_picked":["Warcry","True Grit"],"picked":"Flex","floor":4},{"not_picked":["Pommel Strike","Perfected Strike"],"picked":"Flex","floor":21},{"not_picked":["Iron Wave","Pommel Strike"],"picked":"Battle Trance","floor":35},{"not_picked":["Feed","Heavy Blade"],"picked":"Seeing Red","floor":48}],"player_experience":211818,"potions_floor_usage":[4,11,11,18,29,29,33,40,42,42,42,48],"damage_taken":[{"damage":6,"enemies":"2 Louse","floor":1,"turns":3},{"damage":4,"enemies":"Cultist","floor":4,"turns":3},{"damage":32,"enemies":"3 Sentries","floor":6,"turns":6},{"damage":5,"enemies":"Small Slimes","floor":7,"turns":3},{"damage":4,"enemies":"Lagavulin","floor":11,"turns":4},{"damage":12,"enemies":"Blue Slaver","floor":12,"turns":3},{"damage":0,"enemies":"Exordium Wildlife","floor":13,"turns":1},{"damage":54,"enemies":"The Guardian","floor":16,"turns":8},{"damage":3,"enemies":"3 Byrds","floor":18,"turns":3},{"damage":0,"enemies":"Chosen","floor":20,"turns":2},{"damage":21,"enemies":"Snake Plant","floor":21,"turns":3},{"damage":0,"enemies":"Gremlin Leader","floor":24,"turns":3},{"damage":17,"enemies":"Chosen and Byrds","floor":25,"turns":4},{"damage":7,"enemies":"Slaver and Parasite","floor":29,"turns":2},{"damage":0,"enemies":"Cultist and Chosen","floor":31,"turns":3},{"damage":21,"enemies":"Collector","floor":33,"turns":6},{"damage":12,"enemies":"3 Shapes","floor":35,"turns":1},{"damage":0,"enemies":"3 Darklings","floor":37,"turns":1},{"damage":0,"enemies":"2 Orb Walkers","floor":40,"turns":1},{"damage":7,"enemies":"Giant Head","floor":42,"turns":4},{"damage":9,"enemies":"4 Shapes","floor":45,"turns":1},{"damage":30,"enemies":"Maw","floor":48,"turns":5},{"damage":69,"enemies":"Time Eater","floor":50,"turns":3}],"event_choices":[{"event_name":"The Woman in Blue","player_choice":"Bought 0 Potions","floor":2,"damage_taken":0},{"event_name":"Golden Idol","player_choice":"Take Damage","floor":3,"damage_taken":0},{"event_name":"The Mausoleum","player_choice":"Yes","floor":19,"damage_taken":0},{"event_name":"Cursed Tome","player_choice":"Ignored","floor":22,"damage_taken":0},{"event_name":"Back to Basics","player_choice":"Elegance","floor":27,"damage_taken":0},{"event_name":"Addict","player_choice":"Obtained Relic","floor":28,"damage_taken":0},{"event_name":"Duplicator","player_choice":"One dupe","floor":38,"damage_taken":0},{"event_name":"Mysterious Sphere","player_choice":"Ignore","floor":41,"damage_taken":0},{"event_name":"Purifier","player_choice":"One Purge","floor":44,"damage_taken":0},{"event_name":"Winding Halls","player_choice":"Writhe","floor":47,"damage_taken":0}],"boss_relics":[{"not_picked":["Cursed Key","Pandora\u0027s Box"],"picked":"Astrolabe"},{"not_picked":["Runic Cube","Black Star"],"picked":"Philosopher\u0027s Stone"}],"potions_floor_spawned":[1,6,7,13,18,21,25,31,33,37,40,42],"seed_played":"-601763333538194710","killed_by":"Time Eater","ascension_level":0,"is_trial":false}