{"path_per_floor":["M","M","M","?","M","E","?","$","T","M","E","R","M","M","R","B",null,"M","?","?","M","$","?","E","M","T","M","R","M","M","M","R"],"character_chosen":"IRONCLAD","items_purchased":["Ornamental Fan","Rupture","Burning Pact"],"gold_per_floor":[109,121,140,140,163,204,379,48,48,69,130,130,155,170,170,289,289,303,218,143,158,5,5,39,62,62,80,80,101,126,144,144,144],"floor_reached":33,"campfire_rested":2,"playtime":3603,"current_hp_per_floor":[40,46,52,32,34,18,18,18,18,27,44,44,43,49,49,63,87,73,73,73,79,79,79,27,15,15,16,57,30,16,10,51,0],"items_purged":["Doubt"],"gold":144,"score":283,"play_id":"b6d5112f-c70a-4483-b9d3-afcf8ff5e3af","local_time":"20180329125754","is_prod":false,"is_daily":false,"is_ascension_mode":false,"campfire_upgraded":2,"timestamp":1522321074,"path_taken":["M","M","M","?","M","E","?","$","T","M","E","R","M","M","R","BOSS","M","?","?","?","$","?","E","M","T","?","R","?","M","M","R","BOSS"],"build_version":"2018-03-22v2","purchased_purges":1,"victory":false,"master_deck":["Strike_R","Strike_R","Strike_R","Strike_R","Defend_R","Bash+1","Clash","Immolate","Sentinel","Perfected Strike","Pommel Strike+1","Thunderclap","Offering","Brutality","Flex+1","Wild Strike","Rupture","Burning Pact","Thunderclap","Rampage+1","Offering","Clash","Battle Trance","Power Through"],"max_hp_per_floor":[80,80,80,80,80,87,87,87,87,87,87,87,87,87,87,87,87,87,87,87,87,87,87,87,87,87,87,87,87,87,87,87,87],"relics":["Burning Blood","Golden Idol","Strawberry","Ornamental Fan","Magic Flower","Tiny Chest","Runic Pyramid","Blood Vial","Regal Pillow","Thread and Needle"],"card_choices":[{"not_picked":["Headbutt","Intimidate"],"picked":"Clash","floor":1},{"not_picked":["Clothesline","Sever Soul"],"picked":"Immolate","floor":2},{"not_picked":["Anger","Intimidate"],"picked":"Sentinel","floor":3},{"not_picked":["Twin Strike","Corruption"],"picked":"Perfected Strike","floor":5},{"not_picked":["Second Wind","Blood for Blood"],"picked":"Pommel Strike","floor":11},{"not_picked":["Flame Barrier","Body Slam"],"picked":"Thunderclap","floor":13},{"not_picked":["Entrench","Body Slam"],"picked":"Offering","floor":14},{"not_picked":["Exhume","Immolate"],"picked":"Brutality","floor":16},{"not_picked":["Cleave","True Grit"],"picked":"Flex","floor":18},{"not_picked":["Heavy Blade","Seeing Red"],"picked":"Wild Strike","floor":21},{"not_picked":["Armaments","Entrench"],"picked":"Thunderclap","floor":24},{"not_picked":["Wild Strike","Twin Strike"],"picked":"Rampage","floor":25},{"not_picked":["Dual Wield","Burning Pact"],"picked":"Offering","floor":27},{"not_picked":["Havoc","Whirlwind"],"picked":"Clash","floor":29},{"not_picked":["Iron Wave","Clash"],"picked":"Battle Trance","floor":30},{"not_picked":["Evolve","Warcry"],"picked":"Power Through","floor":31}],"player_experience":192497,"potions_floor_usage":[6,11,11,16,21,21,27,33],"damage_taken":[{"damage":6,"enemies":"Cultist","floor":1,"turns":3},{"damage":0,"enemies":"Small Slimes","floor":2,"turns":3},{"damage":0,"enemies":"2 Louse","floor":3,"turns":2},{"damage":4,"enemies":"2 Fungi Beasts","floor":5,"turns":3},{"damage":29,"enemies":"Gremlin Nob","floor":6,"turns":5},{"damage":0,"enemies":"3 Louse","floor":10,"turns":2},{"damage":12,"enemies":"3 Sentries","floor":11,"turns":5},{"damage":10,"enemies":"Looter","floor":13,"turns":2},{"damage":3,"enemies":"Large Slime","floor":14,"turns":3},{"damage":20,"enemies":"Slime Boss","floor":16,"turns":7},{"damage":23,"enemies":"Spheric Guardian","floor":18,"turns":4},{"damage":6,"enemies":"Chosen","floor":21,"turns":4},{"damage":64,"enemies":"Slavers","floor":24,"turns":5},{"damage":24,"enemies":"3 Cultists","floor":25,"turns":4},{"damage":11,"enemies":"Cultist and Chosen","floor":27,"turns":4},{"damage":39,"enemies":"Chosen and Byrds","floor":29,"turns":5},{"damage":26,"enemies":"Snecko","floor":30,"turns":5},{"damage":18,"enemies":"Snake Plant","floor":31,"turns":3},{"damage":58,"enemies":"Champ","floor":33,"turns":6}],"event_choices":[{"event_name":"Golden Idol","player_choice":"Take Damage","floor":4,"damage_taken":0},{"event_name":"Liars Game","player_choice":"agreed","floor":7,"damage_taken":0},{"event_name":"Addict","player_choice":"Obtained Relic","floor":19,"damage_taken":0},{"event_name":"Beggar","player_choice":"Gave Gold","floor":20,"damage_taken":0},{"event_name":"Back to Basics","player_choice":"Elegance","floor":23,"damage_taken":0}],"boss_relics":[{"not_picked":["Philosopher\u0027s Stone","Tiny House"],"picked":"Runic Pyramid"}],"potions_floor_spawned":[3,5,6,10,14,18,25,27,30],"seed_played":"755422014715734118","killed_by":"Champ","ascension_level":0,"is_trial":false}