{"gold_per_floor":[109,127,147,72,91,91,91,116,143,143,163,192,177,189,189,284,284,303,303,303,316,286,286,300,331,331,331],"floor_reached":27,"playtime":2301,"items_purged":["Writhe"],"score":235,"play_id":"9d269a33-8d8b-4f81-a0e0-637bfb0944b6","local_time":"20190126193945","is_ascension_mode":false,"campfire_choices":[{"data":"Pommel Strike","floor":6,"key":"SMITH"},{"floor":10,"key":"REST"},{"floor":15,"key":"REST"},{"data":"Evolve","floor":23,"key":"SMITH"}],"neow_cost":"CURSE","seed_source_timestamp":6851917701049,"circlet_count":0,"master_deck":["Strike_R+1","Strike_R","Strike_R","Strike_R","Strike_R","Defend_R","Defend_R","Defend_R","Defend_R+1","Bash","Pommel Strike+1","Shrug It Off","Dropkick","Shrug It Off","Spot Weakness","Bludgeon","Cleave","Evolve+1","Headbutt","Reaper"],"relics":["Burning Blood","Calipers","Odd Mushroom","Bronze Scales","Lizard Tail","MutagenicStrength","Shovel","Bottled Tornado"],"potions_floor_usage":[5,12,14,16,24,24,25,27],"damage_taken":[{"damage":3,"enemies":"Jaw Worm","floor":1,"turns":5},{"damage":8,"enemies":"2 Louse","floor":2,"turns":3},{"damage":1,"enemies":"Cultist","floor":3,"turns":3},{"damage":2,"enemies":"2 Fungi Beasts","floor":5,"turns":3},{"damage":32,"enemies":"The Mushroom Lair","floor":8,"turns":5},{"damage":4,"enemies":"Blue Slaver","floor":11,"turns":4},{"damage":31,"enemies":"3 Sentries","floor":12,"turns":8},{"damage":10,"enemies":"Exordium Thugs","floor":13,"turns":4},{"damage":2,"enemies":"Exordium Wildlife","floor":14,"turns":4},{"damage":31,"enemies":"The Guardian","floor":16,"turns":11},{"damage":18,"enemies":"3 Byrds","floor":18,"turns":5},{"damage":10,"enemies":"Chosen","floor":21,"turns":5},{"damage":9,"enemies":"Snake Plant","floor":24,"turns":4},{"damage":80,"enemies":"Book of Stabbing","floor":25,"turns":8},{"damage":35,"enemies":"Shelled Parasite and Fungi","floor":27,"turns":7}],"seed_played":"7252448626047117193","potions_obtained":[{"floor":3,"key":"Fire Potion"},{"floor":5,"key":"Dexterity Potion"},{"floor":11,"key":"LiquidBronze"},{"floor":14,"key":"GamblersBrew"},{"floor":21,"key":"LiquidBronze"},{"floor":22,"key":"Weak Potion"},{"floor":22,"key":"Block Potion"},{"floor":25,"key":"GamblersBrew"}],"is_trial":false,"path_per_floor":["M","M","M","$","M","R","?","?","T","R","M","E","M","M","R","B",null,"M","?","?","M","?","R","M","E","T","M"],"character_chosen":"IRONCLAD","items_purchased":[],"campfire_rested":2,"item_purchase_floors":[],"current_hp_per_floor":[80,78,80,80,80,80,64,38,38,62,64,39,35,39,63,38,80,68,68,68,64,64,64,61,28,28,0],"gold":331,"neow_bonus":"ONE_RARE_RELIC","is_prod":false,"is_daily":false,"chose_seed":false,"campfire_upgraded":2,"win_rate":0,"timestamp":1548527985,"path_taken":["M","M","M","$","M","R","?","?","T","R","M","E","M","M","R","BOSS","M","?","?","M","?","R","M","E","T","M"],"build_version":"2019-01-23","purchased_purges":1,"victory":false,"max_hp_per_floor":[80,80,80,80,80,80,80,80,80,80,80,80,80,80,80,80,80,80,80,80,80,80,80,80,80,80,80],"card_choices":[{"not_picked":["Flex","Combust"],"picked":"Pommel Strike","floor":1},{"not_picked":["Perfected Strike","Anger","Clothesline"],"picked":"SKIP","floor":2},{"not_picked":["Anger","Wild Strike","Armaments"],"picked":"SKIP","floor":3},{"not_picked":["Shockwave","Twin Strike","Anger"],"picked":"SKIP","floor":5},{"not_picked":["Disarm","Berserk"],"picked":"Shrug It Off","floor":8},{"not_picked":["Cleave","Armaments"],"picked":"Dropkick","floor":11},{"not_picked":["Heavy Blade","True Grit"],"picked":"Shrug It Off","floor":12},{"not_picked":["Sentinel","Clothesline"],"picked":"Spot Weakness","floor":13},{"not_picked":["Sword Boomerang","Corruption","Warcry"],"picked":"SKIP","floor":14},{"not_picked":["Dark Embrace","Exhume"],"picked":"Bludgeon","floor":16},{"not_picked":["Evolve","Fire Breathing+1"],"picked":"Cleave","floor":18},{"not_picked":["Wild Strike","Shrug It Off"],"picked":"Evolve","floor":21},{"not_picked":["Armaments","Iron Wave"],"picked":"Headbutt","floor":24},{"not_picked":["Cleave","Offering"],"picked":"Reaper","floor":25}],"player_experience":653069,"relics_obtained":[{"floor":8,"key":"Odd Mushroom"},{"floor":12,"key":"Bronze Scales"},{"floor":25,"key":"Shovel"},{"floor":26,"key":"Bottled Tornado"}],"event_choices":[{"damage_healed":0,"gold_gain":0,"player_choice":"Entered Light","damage_taken":16,"max_hp_gain":0,"max_hp_loss":0,"event_name":"Shining Light","floor":7,"gold_loss":0,"cards_upgraded":["Defend_R","Strike_R"]},{"damage_healed":0,"gold_gain":0,"player_choice":"Fought Mushrooms","damage_taken":0,"max_hp_gain":0,"max_hp_loss":0,"event_name":"Mushrooms","floor":8,"gold_loss":0},{"damage_healed":0,"gold_gain":0,"player_choice":"Inject Mutagens","damage_taken":0,"relics_obtained":["MutagenicStrength"],"max_hp_gain":0,"max_hp_loss":0,"event_name":"Drug Dealer","floor":19,"gold_loss":0},{"damage_healed":0,"gold_gain":0,"player_choice":"Ignored","damage_taken":0,"max_hp_gain":0,"max_hp_loss":0,"event_name":"Ghosts","floor":20,"gold_loss":0},{"damage_healed":0,"gold_gain":0,"player_choice":"Bought 2 Potions","damage_taken":0,"max_hp_gain":0,"max_hp_loss":0,"event_name":"The Woman in Blue","floor":22,"gold_loss":0}],"is_beta":false,"boss_relics":[{"not_picked":["Black Star","Runic Pyramid"],"picked":"Lizard Tail"}],"items_purged_floors":[4],"is_endless":false,"potions_floor_spawned":[3,5,11,14,21,25],"killed_by":"Shelled Parasite and Fungi","ascension_level":0}