{"gold_per_floor":[112,131,52,52,6,32,43,43,43,118,118,129,129,148,148,244,244,258,272,291,146,158,158,158,177,204,204,236,236,236,248,248,344,344,355,370,389,1,19,52,52,152,179,179,191,191,191,66,66,66],"floor_reached":51,"playtime":7051,"items_purged":["Strike_G","Strike_G","Catalyst+1"],"score":647,"play_id":"0a3ca930-9222-42b3-b42a-03ef67d040bc","local_time":"20190203205750","is_ascension_mode":false,"campfire_choices":[{"data":"Neutralize","floor":8,"key":"SMITH"},{"floor":11,"key":"REST"},{"data":"Strike_G","floor":13,"key":"PURGE"},{"data":"Strike_G","floor":15,"key":"PURGE"},{"floor":23,"key":"REST"},{"data":"Malaise","floor":27,"key":"SMITH"},{"data":"Footwork","floor":30,"key":"SMITH"},{"floor":32,"key":"REST"},{"floor":41,"key":"REST"},{"floor":44,"key":"DIG"},{"data":"Well Laid Plans","floor":47,"key":"SMITH"},{"data":"Skewer","floor":49,"key":"SMITH"}],"neow_cost":"CURSE","seed_source_timestamp":1386994070083,"circlet_count":0,"master_deck":["Defend_G","Defend_G","Defend_G","Defend_G","Defend_G","Strike_G","Survivor","Neutralize+1","Quick Slash","Predator","Well Laid Plans+1","Backflip","Dagger Spray","Leg Sweep","Sucker Punch","Skewer+1","Malaise+1","Sucker Punch+1","Heel Hook","Footwork+1","Backstab","Backflip","Footwork+1","Backflip","Grand Finale","Prepared+1","Acrobatics+1","Terror","Footwork+1","Grand Finale"],"relics":["Ring of the Snake","Peace Pipe","Paper Crane","Juzu Bracelet","Philosopher\u0027s Stone","Thread and Needle","HoveringKite","Chemical X","Orichalcum","Shovel","PreservedInsect","Pantograph"],"potions_floor_usage":[12,16,20,28,35,36,40,50],"damage_taken":[{"damage":4,"enemies":"Cultist","floor":1,"turns":5},{"damage":0,"enemies":"Small Slimes","floor":2,"turns":4},{"damage":30,"enemies":"3 Sentries","floor":6,"turns":12},{"damage":1,"enemies":"Jaw Worm","floor":7,"turns":3},{"damage":9,"enemies":"Gremlin Gang","floor":12,"turns":5},{"damage":0,"enemies":"3 Louse","floor":14,"turns":3},{"damage":34,"enemies":"Slime Boss","floor":16,"turns":10},{"damage":19,"enemies":"Spheric Guardian","floor":18,"turns":4},{"damage":1,"enemies":"Chosen","floor":19,"turns":6},{"damage":31,"enemies":"Sentry and Sphere","floor":20,"turns":8},{"damage":8,"enemies":"Shelled Parasite and Fungi","floor":22,"turns":9},{"damage":0,"enemies":"Snake Plant","floor":25,"turns":7},{"damage":4,"enemies":"Gremlin Leader","floor":28,"turns":9},{"damage":0,"enemies":"3 Cultists","floor":31,"turns":7},{"damage":6,"enemies":"Automaton","floor":33,"turns":22},{"damage":0,"enemies":"3 Shapes","floor":35,"turns":8},{"damage":17,"enemies":"3 Darklings","floor":36,"turns":5},{"damage":3,"enemies":"Spire Growth","floor":37,"turns":8},{"damage":40,"enemies":"Sphere and 2 Shapes","floor":39,"turns":9},{"damage":3,"enemies":"Nemesis","floor":40,"turns":9},{"damage":0,"enemies":"Mind Bloom Boss Battle","floor":42,"turns":4},{"damage":0,"enemies":"Maw","floor":45,"turns":8},{"damage":39,"enemies":"Donu and Deca","floor":50,"turns":10}],"seed_played":"6087482676853179416","potions_obtained":[{"floor":6,"key":"Regen Potion"},{"floor":7,"key":"GamblersBrew"},{"floor":12,"key":"Fire Potion"},{"floor":16,"key":"LiquidBronze"},{"floor":19,"key":"FearPotion"},{"floor":33,"key":"EssenceOfSteel"},{"floor":37,"key":"LiquidBronze"},{"floor":39,"key":"AttackPotion"},{"floor":40,"key":"Ancient Potion"}],"is_trial":false,"path_per_floor":["M","M","$","?","$","E","M","R","T","?","R","M","R","M","R","B",null,"M","M","M","$","M","R","?","M","T","R","E","?","R","M","R","B",null,"M","M","M","$","M","E","R","?","T","R","M","?","R","$","R","B",null],"character_chosen":"THE_SILENT","items_purchased":["Well Laid Plans","Backflip","Footwork","Terror","Chemical X"],"campfire_rested":4,"item_purchase_floors":[3,5,21,38,38],"current_hp_per_floor":[66,66,66,59,59,29,28,28,28,17,38,41,41,41,41,7,70,51,50,19,19,11,32,32,32,32,32,28,28,28,28,49,43,70,70,53,50,50,10,7,28,28,28,28,28,28,28,28,28,14],"gold":66,"neow_bonus":"ONE_RARE_RELIC","is_prod":false,"is_daily":false,"chose_seed":false,"campfire_upgraded":5,"win_rate":0,"timestamp":1549223870,"path_taken":["M","M","$","?","$","E","M","R","T","?","R","M","R","M","R","BOSS","M","M","M","$","M","R","?","M","T","R","E","?","R","M","R","BOSS","M","M","M","$","M","E","R","?","T","R","M","?","R","$","R","BOSS"],"build_version":"2019-01-23","purchased_purges":3,"victory":true,"max_hp_per_floor":[70,70,70,70,70,70,70,70,70,70,70,70,70,70,70,70,70,70,70,70,70,70,70,70,70,70,70,70,70,70,70,70,70,70,70,70,70,70,70,70,70,70,70,70,70,70,70,70,70,70],"card_choices":[{"not_picked":["Deadly Poison","Tactician"],"picked":"Quick Slash","floor":1},{"not_picked":["Catalyst","Blade Dance"],"picked":"Predator","floor":2},{"not_picked":["Setup","Accuracy"],"picked":"Dagger Spray","floor":6},{"not_picked":["Prepared","Deadly Poison"],"picked":"Leg Sweep","floor":7},{"not_picked":["Acrobatics","Bane"],"picked":"Sucker Punch","floor":12},{"not_picked":["Dagger Spray","All Out Attack"],"picked":"Skewer","floor":14},{"not_picked":["Tools of the Trade","Wraith Form v2"],"picked":"Malaise","floor":16},{"not_picked":["Poisoned Stab","Dodge and Roll"],"picked":"Sucker Punch+1","floor":18},{"not_picked":["Deflect","Poisoned Stab"],"picked":"Catalyst+1","floor":19},{"not_picked":["Bane+1","Slice+1"],"picked":"Heel Hook","floor":20},{"not_picked":["Poisoned Stab","Underhanded Strike"],"picked":"Backstab","floor":22},{"not_picked":["Outmaneuver+1","Prepared"],"picked":"Backflip","floor":25},{"not_picked":["Catalyst+1","Adrenaline"],"picked":"Footwork","floor":28},{"not_picked":["Sucker Punch","Underhanded Strike"],"picked":"Backflip","floor":31},{"not_picked":["Night Terror","Die Die Die"],"picked":"Grand Finale","floor":33},{"not_picked":["Flying Knee","Cloak And Dagger+1"],"picked":"Prepared+1","floor":35},{"not_picked":["Cloak And Dagger","Prepared+1"],"picked":"Acrobatics+1","floor":36},{"not_picked":["PiercingWail+1","Flying Knee+1","Blade Dance"],"picked":"SKIP","floor":37},{"not_picked":["Finisher+1","Masterful Stab+1","Cloak And Dagger"],"picked":"SKIP","floor":39},{"not_picked":["Escape Plan+1","Poisoned Stab+1"],"picked":"Footwork+1","floor":40},{"not_picked":["Storm of Steel","Accuracy","Backflip+1"],"picked":"SKIP","floor":45}],"player_experience":710337,"relics_obtained":[{"floor":6,"key":"Paper Crane"},{"floor":9,"key":"Juzu Bracelet"},{"floor":28,"key":"Thread and Needle"},{"floor":40,"key":"Orichalcum"},{"floor":42,"key":"Shovel"},{"floor":43,"key":"PreservedInsect"},{"floor":44,"key":"Pantograph"}],"event_choices":[{"cards_removed":["Decay"],"damage_healed":0,"gold_gain":0,"player_choice":"Card Removal","damage_taken":7,"max_hp_gain":0,"max_hp_loss":0,"event_name":"Golden Wing","floor":4,"gold_loss":0},{"damage_healed":0,"gold_gain":75,"player_choice":"Gather Gold","damage_taken":11,"max_hp_gain":0,"max_hp_loss":0,"event_name":"World of Goop","floor":10,"gold_loss":0},{"damage_healed":0,"gold_gain":0,"player_choice":"Upgraded","damage_taken":0,"max_hp_gain":0,"max_hp_loss":0,"event_name":"Upgrade Shrine","floor":24,"gold_loss":0,"cards_upgraded":["Footwork"]},{"damage_healed":0,"gold_gain":0,"player_choice":"Ignored","damage_taken":0,"max_hp_gain":0,"max_hp_loss":0,"event_name":"Vampires","floor":29,"gold_loss":0},{"damage_healed":0,"gold_gain":0,"player_choice":"Fight","damage_taken":0,"max_hp_gain":0,"max_hp_loss":0,"event_name":"MindBloom","floor":42,"gold_loss":0},{"damage_healed":0,"gold_gain":0,"player_choice":"Copied","damage_taken":0,"max_hp_gain":0,"max_hp_loss":0,"event_name":"Duplicator","floor":46,"gold_loss":0,"cards_obtained":["Grand Finale"]}],"is_beta":false,"boss_relics":[{"not_picked":["Empty Cage","Eternal Feather"],"picked":"Philosopher\u0027s Stone"},{"not_picked":["Pandora\u0027s Box","Coffee Dripper"],"picked":"HoveringKite"}],"items_purged_floors":[21,38,48],"is_endless":false,"potions_floor_spawned":[6,7,12,16,19,33,37,39,40],"ascension_level":0}