{"gold_per_floor":[117,117,128,141,157,157,190,265,292,321,338,338,372,399,399,472,472,372,372,9,9,9,9,9],"floor_reached":24,"playtime":1422,"items_purged":[],"score":432,"play_id":"ba4f4fc5-0253-4b37-9502-9395d4fa9b7e","local_time":"20190908165409","is_ascension_mode":true,"campfire_choices":[{"data":"Go for the Eyes","floor":6,"key":"SMITH"},{"data":"Biased Cognition","floor":12,"key":"SMITH"},{"floor":15,"key":"REST"},{"floor":23,"key":"REST"}],"neow_cost":"NONE","seed_source_timestamp":25859384776785,"circlet_count":0,"master_deck":["AscendersBane","Strike_B","Strike_B","Strike_B","Strike_B","Defend_B","Defend_B","Defend_B","Defend_B","Zap","Dualcast","Lockon","Self Repair","Lockon","Go for the Eyes+1","Biased Cognition+1","Compile Driver","Leap","Undo","Cold Snap","Fission","Coolheaded","FTL","Decay","Capacitor"],"relics":["Cracked Core","Dream Catcher","Blood Vial","Happy Flower","Odd Mushroom","Ectoplasm","DataDisk","PreservedInsect"],"potions_floor_usage":[4,7,10,14,16,16,24],"damage_taken":[{"damage":2,"enemies":"Jaw Worm","floor":1,"turns":4},{"damage":1,"enemies":"Cultist","floor":3,"turns":3},{"damage":1,"enemies":"Small Slimes","floor":4,"turns":2},{"damage":11,"enemies":"Blue Slaver","floor":5,"turns":3},{"damage":15,"enemies":"Lagavulin","floor":7,"turns":6},{"damage":5,"enemies":"3 Sentries","floor":10,"turns":2},{"damage":10,"enemies":"2 Fungi Beasts","floor":11,"turns":3},{"damage":25,"enemies":"Gremlin Nob","floor":13,"turns":4},{"damage":12,"enemies":"The Mushroom Lair","floor":14,"turns":3},{"damage":32,"enemies":"The Guardian","floor":16,"turns":16},{"damage":39,"enemies":"2 Thieves","floor":18,"turns":4},{"damage":27,"enemies":"Shell Parasite","floor":19,"turns":6},{"damage":10,"enemies":"Centurion and Healer","floor":21,"turns":7},{"damage":41,"enemies":"Slavers","floor":24,"turns":3}],"seed_played":"-5696256870452142659","potions_obtained":[{"floor":1,"key":"Dexterity Potion"},{"floor":2,"key":"PowerPotion"},{"floor":2,"key":"Fire Potion"},{"floor":5,"key":"Poison Potion"},{"floor":11,"key":"Energy Potion"},{"floor":13,"key":"Explosive Potion"},{"floor":14,"key":"Dexterity Potion"},{"floor":21,"key":"EssenceOfSteel"}],"is_trial":false,"path_per_floor":["M","?","M","M","M","R","E","?","T","E","M","R","E","?","R","B",null,"M","M","$","M","?","R","E"],"character_chosen":"DEFECT","items_purchased":["DataDisk","PreservedInsect","FTL"],"campfire_rested":2,"item_purchase_floors":[20,20,20],"current_hp_per_floor":[69,69,68,67,56,56,48,37,37,39,38,38,15,12,35,12,62,32,14,14,13,13,36,0],"gold":9,"neow_bonus":"TEN_PERCENT_HP_BONUS","is_prod":false,"is_daily":false,"chose_seed":false,"campfire_upgraded":2,"win_rate":0,"timestamp":1567976049,"path_taken":["M","?","?","?","M","R","E","?","T","E","M","R","E","?","R","BOSS","M","M","$","M","?","R","E"],"build_version":"2019-07-17","purchased_purges":0,"victory":false,"max_hp_per_floor":[78,78,78,78,78,78,78,78,78,78,78,78,78,78,78,78,78,78,78,78,78,78,78,78],"card_choices":[{"not_picked":["Compile Driver","Leap"],"picked":"Lockon","floor":1},{"not_picked":["Turbo","Scrape"],"picked":"Self Repair","floor":3},{"not_picked":["Turbo","Skim"],"picked":"Lockon","floor":4},{"not_picked":["Heatsinks","Blizzard"],"picked":"Go for the Eyes","floor":5},{"not_picked":["Coolheaded","Gash"],"picked":"Biased Cognition","floor":7},{"not_picked":["Scrape","Stack"],"picked":"Compile Driver","floor":10},{"not_picked":["Consume","Conserve Battery"],"picked":"Leap","floor":11},{"not_picked":["Beam Cell","Redo"],"picked":"Undo","floor":13},{"not_picked":["Undo","Sweeping Beam"],"picked":"Cold Snap","floor":15},{"not_picked":["Hyperbeam","Seek"],"picked":"Fission","floor":16},{"not_picked":["Auto Shields+1","FTL"],"picked":"Coolheaded","floor":18},{"not_picked":["Self Repair","Conserve Battery","Steam Power"],"picked":"SKIP","floor":19},{"not_picked":["Stack","Go for the Eyes","Barrage+1"],"picked":"SKIP","floor":21},{"not_picked":["Skim","Steam+1"],"picked":"Capacitor","floor":23}],"player_experience":835489,"relics_obtained":[{"floor":7,"key":"Dream Catcher"},{"floor":10,"key":"Blood Vial"},{"floor":13,"key":"Happy Flower"},{"floor":14,"key":"Odd Mushroom"}],"event_choices":[{"damage_healed":0,"gold_gain":0,"player_choice":"Got Potions","damage_taken":0,"max_hp_gain":0,"max_hp_loss":0,"event_name":"Lab","floor":2,"gold_loss":0},{"damage_healed":0,"gold_gain":75,"player_choice":"Gather Gold","damage_taken":11,"max_hp_gain":0,"max_hp_loss":0,"event_name":"World of Goop","floor":8,"gold_loss":0},{"damage_healed":0,"gold_gain":0,"player_choice":"Fought Mushrooms","damage_taken":0,"max_hp_gain":0,"max_hp_loss":0,"event_name":"Mushrooms","floor":14,"gold_loss":0},{"damage_healed":0,"gold_gain":0,"player_choice":"Smashed Altar","damage_taken":0,"max_hp_gain":0,"max_hp_loss":0,"event_name":"Forgotten Altar","floor":22,"gold_loss":0,"cards_obtained":["Decay"]}],"is_beta":false,"boss_relics":[{"not_picked":["Calling Bell","Lizard Tail"],"picked":"Ectoplasm"}],"items_purged_floors":[],"is_endless":false,"potions_floor_spawned":[1,5,11,13,14,21],"killed_by":"Slavers","ascension_level":20}