{"gold_per_floor":[116,136,136,149,159,192,192,192,192,218,218,293,293,309,309,386,386,359,274,25,44,44],"floor_reached":22,"playtime":1203,"items_purged":[],"score":330,"play_id":"b93a4a82-a3cb-408f-99d4-2997d0340bbb","local_time":"20190529110210","is_ascension_mode":true,"campfire_choices":[{"data":"Corruption","floor":7.0,"key":"SMITH"},{"data":"Iron Wave","floor":13.0,"key":"SMITH"},{"floor":15.0,"key":"REST"}],"neow_cost":"NONE","seed_source_timestamp":228166966431819,"circlet_count":0,"master_deck":["AscendersBane","Strike_R","Strike_R","Strike_R","Strike_R","Strike_R","Defend_R","Defend_R","Defend_R","Defend_R","Bash","Heavy Blade+1","True Grit","Iron Wave+1","Corruption+1","Exhume","Parasite","Thunderclap","True Grit+1","Exhume+1","Flex+1","Apotheosis+1","Feel No Pain","Perfected Strike"],"special_seed":0,"relics":["Burning Blood","Lantern","Red Skull","Toxic Egg 2","StoneCalendar","Philosopher\u0027s Stone","Kunai"],"potions_floor_usage":[18],"damage_taken":[{"damage":6.0,"enemies":"Cultist","floor":1.0,"turns":3.0},{"damage":1.0,"enemies":"2 Louse","floor":2.0,"turns":2.0},{"damage":12.0,"enemies":"Jaw Worm","floor":4.0,"turns":3.0},{"damage":3.0,"enemies":"3 Louse","floor":5.0,"turns":5.0},{"damage":28.0,"enemies":"Lagavulin","floor":6.0,"turns":8.0},{"damage":25.0,"enemies":"Gremlin Nob","floor":10.0,"turns":4.0},{"damage":6.0,"enemies":"Large Slime","floor":14.0,"turns":4.0},{"damage":32.0,"enemies":"The Guardian","floor":16.0,"turns":12.0},{"damage":32,"enemies":"2 Thieves","floor":18,"turns":5},{"damage":21,"enemies":"Chosen","floor":21,"turns":7},{"damage":66,"enemies":"3 Cultists","floor":22,"turns":4}],"seed_played":"-908862540782540540","potions_obtained":[{"floor":2.0,"key":"FearPotion"},{"floor":3.0,"key":"FairyPotion"},{"floor":16.0,"key":"Regen Potion"}],"is_trial":false,"path_per_floor":["M","M","?","M","M","E","R","?","T","E","?","?","R","M","R","B",null,"M","?","$","M","M"],"character_chosen":"IRONCLAD","items_purchased":["Apotheosis+1","Feel No Pain"],"campfire_rested":1,"item_purchase_floors":[20,20],"current_hp_per_floor":[68,73,73,67,70,48,48,66,66,47,47,36,36,36,58,32,64,53,53,53,38,0],"gold":44,"neow_bonus":"RANDOM_COMMON_RELIC","is_prod":false,"is_daily":false,"chose_seed":false,"campfire_upgraded":2,"win_rate":0,"timestamp":1559091730,"path_taken":["M","M","?","M","?","E","R","?","T","E","?","?","R","M","R","BOSS","M","?","$","M","M"],"build_version":"2019-01-23","purchased_purges":0,"victory":false,"max_hp_per_floor":[75,75,75,75,75,75,75,75,75,75,75,75,75,75,75,75,75,75,75,75,75,75],"card_choices":[{"not_picked":["Cleave","Rupture"],"picked":"Heavy Blade","floor":1.0},{"not_picked":["Anger","Flex"],"picked":"True Grit","floor":2.0},{"not_picked":["Havoc","Armaments"],"picked":"Iron Wave","floor":4.0},{"not_picked":["Clothesline","Clash"],"picked":"Corruption","floor":5.0},{"not_picked":["Havoc","Thunderclap"],"picked":"Exhume","floor":6.0},{"not_picked":["Berserk","Wild Strike"],"picked":"Thunderclap","floor":10.0},{"not_picked":["Iron Wave","Havoc+1"],"picked":"True Grit+1","floor":14.0},{"not_picked":["Barricade","Juggernaut"],"picked":"Exhume+1","floor":16.0},{"not_picked":["Perfected Strike","Shrug It Off+1"],"picked":"Flex+1","floor":18},{"not_picked":["Wild Strike","Blood for Blood"],"picked":"Perfected Strike","floor":21}],"player_experience":45007,"relics_obtained":[{"floor":6.0,"key":"Red Skull"},{"floor":9.0,"key":"Toxic Egg 2"},{"floor":10.0,"key":"StoneCalendar"}],"event_choices":[{"damage_healed":0.0,"max_hp_gain":0.0,"max_hp_loss":0.0,"gold_gain":0.0,"event_name":"Lab","player_choice":"Got Potions","floor":3.0,"gold_loss":0.0,"damage_taken":0.0},{"damage_healed":18.0,"max_hp_gain":0.0,"max_hp_loss":0.0,"gold_gain":0.0,"event_name":"Mushrooms","player_choice":"Healed and dodged fight","floor":8.0,"gold_loss":0.0,"damage_taken":0.0,"cards_obtained":["Parasite"]},{"damage_healed":0.0,"max_hp_gain":0.0,"max_hp_loss":0.0,"gold_gain":0.0,"event_name":"Living Wall","player_choice":"Grow","floor":11.0,"gold_loss":0.0,"damage_taken":0.0,"cards_upgraded":["Heavy Blade"]},{"damage_healed":0.0,"max_hp_gain":0.0,"max_hp_loss":0.0,"gold_gain":75.0,"event_name":"World of Goop","player_choice":"Gather Gold","floor":12.0,"gold_loss":0.0,"damage_taken":11.0},{"damage_healed":0,"gold_gain":0,"player_choice":"Obtained Relic","damage_taken":0,"relics_obtained":["Kunai"],"max_hp_gain":0,"max_hp_loss":0,"event_name":"Addict","floor":19,"gold_loss":85}],"is_beta":false,"boss_relics":[{"not_picked":["Busted Crown","Calling Bell"],"picked":"Philosopher\u0027s Stone"}],"items_purged_floors":[],"is_endless":false,"potions_floor_spawned":[2,5,16],"killed_by":"3 Cultists","ascension_level":14}