{"gold_per_floor":[218,68,243,98,98,132,149,174,225,258,273,31,56,56,56,56],"floor_reached":16,"playtime":1430,"items_purged":["Strike_R","Doubt"],"score":145,"play_id":"e457bf61-b14d-4d66-9e67-7e045e7a80f2","local_time":"20190517214417","is_ascension_mode":true,"campfire_choices":[{"data":"Anger","floor":15,"key":"SMITH"}],"neow_cost":"NONE","seed_source_timestamp":3195549255036162,"circlet_count":0,"master_deck":["Strike_R","Strike_R","Strike_R","Defend_R","Defend_R","Defend_R","Defend_R","Bash","Clothesline","Flame Barrier","Pommel Strike","Anger+1","Pummel","Pummel","Armaments","Ghostly Armor","Anger","Pommel Strike","Cleave","Dual Wield","Injury"],"relics":["Burning Blood","Boot","Potion Belt","Regal Pillow","Question Card","Membership Card","Pear","Golden Idol"],"potions_floor_usage":[16,16],"damage_taken":[{"damage":9,"enemies":"Jaw Worm","floor":1,"turns":6},{"damage":35,"enemies":"3 Sentries","floor":6,"turns":11},{"damage":4,"enemies":"2 Louse","floor":7,"turns":2},{"damage":12,"enemies":"Gremlin Nob","floor":8,"turns":3},{"damage":10,"enemies":"3 Sentries","floor":10,"turns":7},{"damage":0,"enemies":"Small Slimes","floor":11,"turns":3},{"damage":25,"enemies":"Lagavulin","floor":13,"turns":5},{"damage":46,"enemies":"Slime Boss","floor":16,"turns":7}],"seed_played":"-4281068095640289183","potions_obtained":[{"floor":6,"key":"LiquidBronze"},{"floor":8,"key":"Swift Potion"},{"floor":11,"key":"BloodPotion"},{"floor":13,"key":"FearPotion"}],"is_trial":false,"path_per_floor":["M","$","?","$","?","E","M","E","T","E","M","$","E","?","R","B"],"character_chosen":"IRONCLAD","items_purchased":["Flame Barrier","Pommel Strike","Membership Card","Pommel Strike","Cleave"],"campfire_rested":0,"item_purchase_floors":[2,4,12,12,12],"current_hp_per_floor":[77,77,77,77,77,48,50,44,44,40,46,46,37,37,37,0],"gold":56,"neow_bonus":"HUNDRED_GOLD","is_prod":false,"is_daily":false,"chose_seed":false,"campfire_upgraded":1,"win_rate":0,"timestamp":1558143857,"path_taken":["M","$","?","$","?","E","M","E","T","E","M","$","E","?","R","BOSS"],"build_version":"2019-01-23","purchased_purges":2,"victory":false,"max_hp_per_floor":[80,80,80,80,80,80,80,80,80,80,80,80,90,90,90,90],"card_choices":[{"not_picked":["Thunderclap","Cleave"],"picked":"Clothesline","floor":1},{"not_picked":["Uppercut","Heavy Blade"],"picked":"Pummel","floor":6},{"not_picked":["Reckless Charge","Corruption"],"picked":"Pummel","floor":7},{"not_picked":["Blood for Blood","Wild Strike"],"picked":"Armaments","floor":8},{"not_picked":["Juggernaut","Infernal Blade"],"picked":"Ghostly Armor","floor":10},{"not_picked":["Pommel Strike","Clothesline","Havoc"],"picked":"Anger","floor":11},{"not_picked":["Sentinel","Thunderclap","Heavy Blade"],"picked":"Dual Wield","floor":13}],"player_experience":43581,"relics_obtained":[{"floor":6,"key":"Boot"},{"floor":8,"key":"Potion Belt"},{"floor":9,"key":"Regal Pillow"},{"floor":10,"key":"Question Card"},{"floor":13,"key":"Pear"}],"event_choices":[{"damage_healed":0,"gold_gain":175,"player_choice":"AGREE","damage_taken":0,"max_hp_gain":0,"max_hp_loss":0,"event_name":"Liars Game","floor":3,"gold_loss":0,"cards_obtained":["Doubt"]},{"damage_healed":0,"gold_gain":0,"cards_transformed":["Strike_R"],"player_choice":"Change","damage_taken":0,"max_hp_gain":0,"max_hp_loss":0,"event_name":"Living Wall","floor":5,"gold_loss":0,"cards_obtained":["Anger"]},{"damage_healed":0,"gold_gain":0,"player_choice":"Take Wound","damage_taken":0,"relics_obtained":["Golden Idol"],"max_hp_gain":0,"max_hp_loss":0,"event_name":"Golden Idol","floor":14,"gold_loss":0,"cards_obtained":["Injury"]}],"is_beta":false,"boss_relics":[],"items_purged_floors":[2,4],"is_endless":false,"potions_floor_spawned":[6,8,11,13],"killed_by":"Slime Boss","ascension_level":3}