{"gold_per_floor":[112,212,231,231,245,275,275,301,338,35,35,35,35,55,55,55],"floor_reached":16,"playtime":1509,"items_purged":["Strike_B"],"score":108,"play_id":"5609cf68-ddf5-49b1-824e-bef3ae250c59","local_time":"20190519021244","is_ascension_mode":false,"campfire_choices":[{"data":"Chill","floor":7,"key":"SMITH"},{"data":"Electrodynamics","floor":12,"key":"SMITH"},{"data":"Consume","floor":15,"key":"SMITH"}],"neow_cost":"NONE","seed_source_timestamp":3297979779140710,"circlet_count":0,"master_deck":["Strike_B","Strike_B","Strike_B","Defend_B","Defend_B","Defend_B","Defend_B","Zap","Dualcast","Consume+1","Reinforced Body","Chill+1","Electrodynamics+1","Hologram"],"relics":["Cracked Core","Strawberry","MawBank","Centennial Puzzle","Letter Opener","Dream Catcher"],"potions_floor_usage":[6,8,16],"damage_taken":[{"damage":2,"enemies":"2 Louse","floor":1,"turns":4},{"damage":0,"enemies":"Cultist","floor":3,"turns":4},{"damage":1,"enemies":"Jaw Worm","floor":5,"turns":4},{"damage":26,"enemies":"3 Sentries","floor":6,"turns":9},{"damage":24,"enemies":"Lagavulin","floor":8,"turns":8},{"damage":0,"enemies":"Exordium Thugs","floor":14,"turns":4},{"damage":40,"enemies":"Hexaghost","floor":16,"turns":14}],"seed_played":"-8156446655151739956","potions_obtained":[{"floor":4,"key":"SteroidPotion"},{"floor":4,"key":"SmokeBomb"},{"floor":4,"key":"LiquidBronze"},{"floor":5,"key":"Energy Potion"},{"floor":6,"key":"Dexterity Potion"},{"floor":8,"key":"FearPotion"},{"floor":14,"key":"SneckoOil"}],"is_trial":false,"path_per_floor":["M","?","M","?","M","E","R","E","T","$","T","R","$","M","R","B"],"character_chosen":"DEFECT","items_purchased":["Letter Opener"],"campfire_rested":0,"item_purchase_floors":[10],"current_hp_per_floor":[80,80,80,80,79,60,60,36,36,36,36,36,36,36,36,0],"gold":55,"neow_bonus":"TEN_PERCENT_HP_BONUS","is_prod":false,"is_daily":false,"chose_seed":false,"campfire_upgraded":3,"win_rate":0.0,"timestamp":1558246364,"path_taken":["M","?","?","?","M","E","R","E","T","$","?","R","?","?","R","BOSS"],"build_version":"2019-01-23","purchased_purges":1,"victory":false,"max_hp_per_floor":[82,82,82,82,82,89,89,89,89,89,89,89,89,89,89,89],"card_choices":[{"not_picked":["Steam","Streamline","Barrage"],"picked":"SKIP","floor":1},{"not_picked":["Redo","Barrage"],"picked":"Consume","floor":3},{"not_picked":["Thunder Strike","Heatsinks"],"picked":"Reinforced Body","floor":5},{"not_picked":["Leap","Fusion"],"picked":"Chill","floor":6},{"not_picked":["Barrage","Redo"],"picked":"Electrodynamics","floor":8},{"not_picked":["Sweeping Beam","Stack"],"picked":"Hologram","floor":14}],"player_experience":91353,"relics_obtained":[{"floor":6,"key":"Strawberry"},{"floor":8,"key":"MawBank"},{"floor":9,"key":"Centennial Puzzle"},{"floor":11,"key":"Dream Catcher"}],"event_choices":[{"damage_healed":0,"gold_gain":100,"player_choice":"Pray","damage_taken":0,"max_hp_gain":0,"max_hp_loss":0,"event_name":"Golden Shrine","floor":2,"gold_loss":0},{"damage_healed":0,"gold_gain":0,"player_choice":"Got Potions","damage_taken":0,"max_hp_gain":0,"max_hp_loss":0,"event_name":"Lab","floor":4,"gold_loss":0}],"is_beta":false,"boss_relics":[],"items_purged_floors":[10],"is_endless":false,"potions_floor_spawned":[5,6,8,14],"killed_by":"Hexaghost","ascension_level":0}