{"gold_per_floor":[118,129,129,129,145,172,172,197,222,234,211,223,262,286,298,407,419,451,463,475,499,511,523,555,598,610,622,645,717,704,728,740,752],"floor_reached":33,"playtime":1980,"items_purged":[],"score":536,"play_id":"f78930b2-ede5-41b4-800c-750a821e09e9","local_time":"20190528111125","is_ascension_mode":true,"campfire_choices":[{"data":"Perfected Strike","floor":7.0,"key":"SMITH"},{"data":"Demon Form","floor":10.0,"key":"SMITH"},{"data":"Corruption","floor":12.0,"key":"SMITH"},{"data":"Heavy Blade","floor":15.0,"key":"SMITH"},{"data":"Power Through","floor":23.0,"key":"SMITH"},{"floor":27.0,"key":"REST"},{"floor":32.0,"key":"REST"}],"neow_cost":"NONE","seed_source_timestamp":141428311974007,"circlet_count":0,"master_deck":["AscendersBane","Strike_R+1","Strike_R","Strike_R","Strike_R","Strike_R","Defend_R","Defend_R","Defend_R","Bash+1","Power Through+1","Perfected Strike+1","Corruption+1","Havoc","Demon Form+1","Thunderclap","Heavy Blade+1","Offering","Anger","Battle Trance+1","Sword Boomerang","Double Tap","Thunderclap+1","Uppercut+1","Iron Wave+1","Twin Strike+1","Sword Boomerang+1"],"special_seed":0,"relics":["Burning Blood","Anchor","Orichalcum","Bag of Marbles","MawBank","Lantern","Eternal Feather","Dream Catcher","Enchiridion","SsserpentHead","Girya","Molten Egg 2"],"potions_floor_usage":[33],"damage_taken":[{"damage":1.0,"enemies":"2 Louse","floor":1.0,"turns":3.0},{"damage":4.0,"enemies":"Small Slimes","floor":2.0,"turns":5.0},{"damage":0.0,"enemies":"Jaw Worm","floor":5.0,"turns":3.0},{"damage":15.0,"enemies":"3 Sentries","floor":6.0,"turns":10.0},{"damage":13.0,"enemies":"Gremlin Nob","floor":8.0,"turns":4.0},{"damage":0.0,"enemies":"Lagavulin","floor":13.0,"turns":5.0},{"damage":0.0,"enemies":"Blue Slaver","floor":14.0,"turns":3.0},{"damage":52.0,"enemies":"Hexaghost","floor":16.0,"turns":8.0},{"damage":6.0,"enemies":"3 Byrds","floor":18.0,"turns":3.0},{"damage":22.0,"enemies":"Shell Parasite","floor":21.0,"turns":4.0},{"damage":10.0,"enemies":"3 Cultists","floor":24.0,"turns":4.0},{"damage":43.0,"enemies":"Book of Stabbing","floor":25.0,"turns":5.0},{"damage":4.0,"enemies":"Snake Plant","floor":28.0,"turns":2.0},{"damage":16.0,"enemies":"Snecko","floor":29.0,"turns":4.0},{"damage":6.0,"enemies":"Centurion and Healer","floor":31.0,"turns":4.0},{"damage":83,"enemies":"Automaton","floor":33,"turns":8}],"seed_played":"8544707921703296941","potions_obtained":[{"floor":1.0,"key":"Fire Potion"},{"floor":6.0,"key":"AttackPotion"},{"floor":8.0,"key":"LiquidBronze"},{"floor":14.0,"key":"Poison Potion"},{"floor":18.0,"key":"PowerPotion"},{"floor":24.0,"key":"Fire Potion"},{"floor":25.0,"key":"Energy Potion"},{"floor":28.0,"key":"BloodPotion"}],"is_trial":false,"path_per_floor":["M","M","?","?","M","E","R","E","T","R","?","R","E","M","R","B",null,"M","?","?","M","?","R","M","E","T","R","M","M","?","M","R","B"],"character_chosen":"IRONCLAD","items_purchased":[],"campfire_rested":2,"item_purchase_floors":[],"current_hp_per_floor":[77,79,79,63,69,60,60,53,53,53,73,73,79,80,80,34,69,69,69,53,37,37,49,45,8,8,44,46,44,44,44,80,0],"gold":752,"neow_bonus":"RANDOM_COMMON_RELIC","is_prod":false,"is_daily":false,"chose_seed":false,"campfire_upgraded":5,"win_rate":1,"timestamp":1559005885,"path_taken":["M","M","?","?","M","E","R","E","T","R","?","R","E","M","R","BOSS","M","?","?","M","?","R","M","E","T","R","M","?","?","M","R","BOSS"],"build_version":"2019-01-23","purchased_purges":0,"victory":false,"max_hp_per_floor":[80,80,80,80,80,80,80,80,80,80,80,80,80,80,80,80,80,80,80,80,80,80,80,80,80,80,80,80,80,80,80,80,80],"card_choices":[{"not_picked":["Twin Strike","Anger"],"picked":"Power Through","floor":1.0},{"not_picked":["Armaments","Rupture"],"picked":"Perfected Strike","floor":2.0},{"not_picked":["Warcry","Body Slam"],"picked":"Corruption","floor":5.0},{"not_picked":["Sever Soul","Clash"],"picked":"Havoc","floor":6.0},{"not_picked":["Seeing Red","Thunderclap"],"picked":"Demon Form","floor":8.0},{"not_picked":["Fire Breathing","Armaments"],"picked":"Thunderclap","floor":13.0},{"not_picked":["Armaments","Whirlwind"],"picked":"Heavy Blade","floor":14.0},{"not_picked":["Berserk","Juggernaut"],"picked":"Offering","floor":16.0},{"not_picked":["Warcry","Disarm"],"picked":"Anger","floor":18.0},{"not_picked":["Feel No Pain","Dual Wield"],"picked":"Battle Trance+1","floor":21.0},{"not_picked":["Headbutt","Pommel Strike"],"picked":"Sword Boomerang","floor":24.0},{"not_picked":["Shrug It Off+1","Sever Soul"],"picked":"Double Tap","floor":25.0},{"not_picked":["Hemokinesis+1","Entrench"],"picked":"Thunderclap+1","floor":27.0},{"not_picked":["Anger+1","Armaments"],"picked":"Uppercut+1","floor":28.0},{"not_picked":["Flex+1","Whirlwind+1"],"picked":"Iron Wave+1","floor":29.0},{"not_picked":["Iron Wave+1","True Grit"],"picked":"Twin Strike+1","floor":31.0},{"not_picked":["Thunderclap+1","Evolve"],"picked":"Sword Boomerang+1","floor":32.0}],"player_experience":36793,"relics_obtained":[{"floor":6.0,"key":"Orichalcum"},{"floor":8.0,"key":"Bag of Marbles"},{"floor":9.0,"key":"MawBank"},{"floor":13.0,"key":"Lantern"},{"floor":20.0,"key":"Enchiridion"},{"floor":25.0,"key":"Girya"},{"floor":26.0,"key":"Molten Egg 2"}],"event_choices":[{"damage_healed":0.0,"max_hp_gain":0.0,"max_hp_loss":0.0,"gold_gain":0.0,"event_name":"Liars Game","player_choice":"Ignored","floor":3.0,"gold_loss":0.0,"damage_taken":0.0},{"damage_healed":0.0,"max_hp_gain":0.0,"max_hp_loss":0.0,"gold_gain":0.0,"event_name":"Shining Light","player_choice":"Entered Light","floor":4.0,"gold_loss":0.0,"damage_taken":16.0,"cards_upgraded":["Strike_R","Bash"]},{"damage_healed":20.0,"max_hp_gain":0.0,"max_hp_loss":0.0,"gold_gain":0.0,"event_name":"The Cleric","player_choice":"Healed","floor":11.0,"gold_loss":35.0,"damage_taken":0.0},{"damage_healed":0.0,"max_hp_gain":0.0,"max_hp_loss":0.0,"gold_gain":0.0,"event_name":"The Mausoleum","player_choice":"Opened","floor":19.0,"gold_loss":0.0,"damage_taken":0.0,"relics_obtained":["Dream Catcher"]},{"damage_healed":0.0,"max_hp_gain":0.0,"max_hp_loss":0.0,"gold_gain":0.0,"event_name":"Cursed Tome","player_choice":"Obtained Book","floor":20.0,"gold_loss":0.0,"damage_taken":16.0},{"damage_healed":0.0,"max_hp_gain":0.0,"max_hp_loss":0.0,"gold_gain":0.0,"event_name":"FaceTrader","player_choice":"Trade","floor":22.0,"gold_loss":0.0,"damage_taken":0.0,"relics_obtained":["SsserpentHead"]},{"cards_removed":["Defend_R"],"damage_healed":0.0,"max_hp_gain":0.0,"max_hp_loss":0.0,"gold_gain":0.0,"event_name":"Beggar","player_choice":"Gave Gold","floor":30.0,"gold_loss":75.0,"damage_taken":0.0}],"is_beta":false,"boss_relics":[{"not_picked":["Empty Cage","Tiny House"],"picked":"Eternal Feather"}],"items_purged_floors":[],"is_endless":false,"potions_floor_spawned":[1,6,8,14,18,24,25,28],"killed_by":"Automaton","ascension_level":12}