{"gold_per_floor":[110,110,122,122,7,38,38,38,38,50,70,70,80,98,98,203,203,214,313,333,333,248,248,248,248,271,281,281,67,67,85,85,186,236,246,256,356,374,374,401,229,229,281,156,171,171,201,219,219,219,219,219,21,50,50],"floor_reached":55,"playtime":4873,"items_purged":["Strike_B","Dualcast","Parasite"],"score":825,"play_id":"6d0e70df-dd73-4d5f-8ca9-0ecd1c4f5d9e","local_time":"20190216210956","is_ascension_mode":false,"campfire_choices":[{"floor":7.0,"key":"RECALL"},{"data":"Echo Form","floor":12.0,"key":"SMITH"},{"data":"Go for the Eyes","floor":15.0,"key":"SMITH"},{"floor":23.0,"key":"REST"},{"data":"Ghostly","floor":28.0,"key":"SMITH"},{"data":"Ghostly","floor":30.0,"key":"SMITH"},{"data":"Ghostly","floor":32.0,"key":"SMITH"},{"data":"Echo Form","floor":42,"key":"SMITH"},{"data":"Capacitor","floor":49,"key":"SMITH"},{"data":"Force Field","floor":52,"key":"SMITH"}],"neow_cost":"NONE","seed_source_timestamp":0,"circlet_count":0,"master_deck":["Zap","Conserve Battery","FTL","Hologram","Echo Form+1","Hologram","Go for the Eyes+1","Compile Driver+1","Reboot","Chill","Stack","Amplify","Core Surge","Amplify","Static Discharge","Echo Form+1","Capacitor+1","FTL+1","Ghostly+1","Ghostly+1","Ghostly+1","Ghostly+1","Ghostly+1","Cold Snap","Defragment+1","Conserve Battery","Electrodynamics","Skim+1","Cold Snap+1","Reinforced Body+1","Doom and Gloom+1","Force Field+1","Steam Power+1","Double Energy+1"],"special_seed":0,"relics":["Cracked Core","NeowsBlessing","Vajra","Dodecahedron","Matryoshka","Pandora\u0027s Box","Enchiridion","Anchor","Regal Pillow","War Paint","Tiny House","Ancient Tea Set","Bronze Scales","Lantern","Happy Flower","Medical Kit","Oddly Smooth Stone"],"potions_floor_usage":[47,48,50,55],"damage_taken":[{"damage":0.0,"enemies":"Jaw Worm","floor":1.0,"turns":1.0},{"damage":0.0,"enemies":"Small Slimes","floor":3.0,"turns":1.0},{"damage":0.0,"enemies":"3 Sentries","floor":6.0,"turns":1.0},{"damage":0.0,"enemies":"Cultist","floor":10.0,"turns":3.0},{"damage":0.0,"enemies":"Looter","floor":11.0,"turns":2.0},{"damage":2.0,"enemies":"Blue Slaver","floor":13.0,"turns":3.0},{"damage":3.0,"enemies":"2 Fungi Beasts","floor":14.0,"turns":3.0},{"damage":29.0,"enemies":"The Guardian","floor":16.0,"turns":8.0},{"damage":0.0,"enemies":"Spheric Guardian","floor":18.0,"turns":4.0},{"damage":2.0,"enemies":"Chosen","floor":20.0,"turns":5.0},{"damage":4.0,"enemies":"Snake Plant","floor":27.0,"turns":5.0},{"damage":0.0,"enemies":"Centurion and Healer","floor":31.0,"turns":5.0},{"damage":2.0,"enemies":"Collector","floor":33.0,"turns":12.0},{"damage":9.0,"enemies":"3 Shapes","floor":35.0,"turns":4.0},{"damage":0.0,"enemies":"3 Darklings","floor":36.0,"turns":4.0},{"damage":12.0,"enemies":"Writhing Mass","floor":38.0,"turns":9.0},{"damage":0.0,"enemies":"Nemesis","floor":40.0,"turns":10.0},{"damage":0,"enemies":"Sphere and 2 Shapes","floor":45,"turns":3},{"damage":0,"enemies":"Giant Head","floor":47,"turns":9},{"damage":0,"enemies":"Jaw Worm Horde","floor":48,"turns":4},{"damage":14,"enemies":"Awakened One","floor":50,"turns":15},{"damage":0,"enemies":"Shield and Spear","floor":54,"turns":5},{"damage":62,"enemies":"The Heart","floor":55,"turns":2}],"seed_played":"7465119122545722671","potions_obtained":[{"floor":10.0,"key":"GamblersBrew"},{"floor":13.0,"key":"GamblersBrew"},{"floor":14.0,"key":"Fire Potion"},{"floor":16.0,"key":"Block Potion"},{"floor":27.0,"key":"SkillPotion"},{"floor":31.0,"key":"Dexterity Potion"},{"floor":34.0,"key":"Energy Potion"},{"floor":35.0,"key":"Block Potion"},{"floor":36.0,"key":"Fire Potion"},{"floor":47,"key":"SkillPotion"},{"floor":54,"key":"LiquidBronze"}],"is_trial":false,"path_per_floor":["M","?","M","?","$","E","R","$","T","M","M","R","M","M","R","B",null,"M","?","M","?","?","R","?","?","T","M","R","$","R","M","R","B",null,"M","M","?","M","?","E","$","R","T","$","M","?","E","M","R","B",null,"R","$","E","B"],"character_chosen":"DEFECT","items_purchased":["FTL","Defragment","War Paint","Force Field","Medical Kit"],"campfire_rested":1,"item_purchase_floors":[5,29,29,41,53],"current_hp_per_floor":[75,72,72,72,72,72,72,72,72,75,75,75,75,75,75,53,75,75,75,75,59,59,75,75,37,37,37,37,37,37,37,37,37,42,40,40,40,35,35,42,42,42,42,39,39,39,39,39,39,25,39,39,39,39,0],"gold":50,"neow_bonus":"THREE_ENEMY_KILL","is_prod":false,"is_daily":false,"chose_seed":false,"campfire_upgraded":8,"win_rate":0,"timestamp":1550369396,"path_taken":["M","?","M","?","$","E","R","$","T","M","M","R","?","M","R","BOSS","M","?","M","?","?","R","?","?","T","?","R","?","R","M","R","BOSS","M","M","?","?","?","E","$","R","T","$","?","?","E","M","R","BOSS","R","$","E","BOSS"],"build_version":"2019-01-23","purchased_purges":3,"victory":false,"max_hp_per_floor":[75,75,75,75,75,75,75,75,75,75,75,75,75,75,75,75,75,75,75,75,75,75,75,75,37,37,37,37,37,37,37,37,37,42,42,42,42,42,42,42,42,42,42,39,39,39,39,39,39,39,39,39,39,39,39],"card_choices":[{"not_picked":["Steam","Compile Driver"],"picked":"Conserve Battery","floor":1.0},{"not_picked":["Streamline","Hello World"],"picked":"Self Repair","floor":3.0},{"not_picked":["Steam","Barrage"],"picked":"Hologram","floor":6.0},{"not_picked":["Coolheaded","Steam Power"],"picked":"Echo Form","floor":10.0},{"not_picked":["Heatsinks","Doom and Gloom"],"picked":"Hologram","floor":11.0},{"not_picked":["Storm","Stack"],"picked":"Go for the Eyes","floor":13.0},{"not_picked":["Darkness","Blizzard"],"picked":"Compile Driver","floor":14.0},{"not_picked":["Multi-Cast","Thunder Strike"],"picked":"Reboot","floor":16.0},{"not_picked":["Cold Snap","Leap"],"picked":"Capacitor","floor":18.0},{"not_picked":["Leap","Hologram"],"picked":"FTL+1","floor":20.0},{"not_picked":["Stack","Redo"],"picked":"Cold Snap","floor":27.0},{"not_picked":["Hologram","Compile Driver"],"picked":"Conserve Battery","floor":31.0},{"not_picked":["Hyperbeam","Multi-Cast"],"picked":"Electrodynamics","floor":33.0},{"not_picked":["Ball Lightning","Beam Cell"],"picked":"Skim+1","floor":34.0},{"not_picked":["Compile Driver","Heatsinks+1"],"picked":"Cold Snap+1","floor":35.0},{"not_picked":["Darkness","Hologram"],"picked":"Reinforced Body+1","floor":36.0},{"not_picked":["Beam Cell","Stack","Genetic Algorithm"],"picked":"SKIP","floor":38.0},{"not_picked":["Self Repair","Scrape"],"picked":"Doom and Gloom+1","floor":40},{"not_picked":["Hello World","Cold Snap+1"],"picked":"Steam Power+1","floor":45},{"not_picked":["Ball Lightning+1","Stack+1"],"picked":"Double Energy+1","floor":47},{"not_picked":["Hyperbeam","Leap+1","Lockon+1"],"picked":"SKIP","floor":48},{"not_picked":["Gash","Hologram","Sweeping Beam"],"picked":"SKIP","floor":54}],"player_experience":196220,"relics_obtained":[{"floor":6.0,"key":"Dodecahedron"},{"floor":9.0,"key":"Matryoshka"},{"floor":21.0,"key":"Enchiridion"},{"floor":26.0,"key":"Regal Pillow"},{"floor":40,"key":"Ancient Tea Set"},{"floor":43,"key":"Bronze Scales"},{"floor":43,"key":"Lantern"},{"floor":47,"key":"Happy Flower"},{"floor":54,"key":"Oddly Smooth Stone"}],"event_choices":[{"damage_healed":0.0,"max_hp_gain":0.0,"max_hp_loss":0.0,"gold_gain":0.0,"event_name":"Scrap Ooze","player_choice":"Success","floor":2.0,"gold_loss":0.0,"damage_taken":3.0,"relics_obtained":["Vajra"]},{"damage_healed":0.0,"max_hp_gain":0.0,"max_hp_loss":0.0,"gold_gain":0.0,"event_name":"The Woman in Blue","player_choice":"Bought 0 Potions","floor":4.0,"gold_loss":0.0,"damage_taken":0.0},{"damage_healed":0.0,"max_hp_gain":0.0,"max_hp_loss":0.0,"gold_gain":99.0,"event_name":"Nest","player_choice":"Stole From Cult","floor":19.0,"gold_loss":0.0,"damage_taken":0.0},{"damage_healed":0.0,"max_hp_gain":0.0,"max_hp_loss":0.0,"gold_gain":0.0,"event_name":"Cursed Tome","player_choice":"Obtained Book","floor":21.0,"gold_loss":0.0,"damage_taken":16.0},{"damage_healed":0.0,"max_hp_gain":0.0,"max_hp_loss":0.0,"gold_gain":0.0,"event_name":"Addict","player_choice":"Obtained Relic","floor":22.0,"gold_loss":85.0,"damage_taken":0.0,"relics_obtained":["Anchor"]},{"damage_healed":0.0,"max_hp_gain":0.0,"max_hp_loss":0.0,"gold_gain":0.0,"event_name":"Vampires","player_choice":"Ignored","floor":24.0,"gold_loss":0.0,"damage_taken":0.0},{"damage_healed":0.0,"max_hp_gain":0.0,"max_hp_loss":38.0,"gold_gain":0.0,"event_name":"Ghosts","player_choice":"Became a Ghost","floor":25.0,"gold_loss":0.0,"damage_taken":0.0,"cards_obtained":["Ghostly","Ghostly","Ghostly","Ghostly","Ghostly"]},{"damage_healed":0.0,"max_hp_gain":0.0,"max_hp_loss":0.0,"gold_gain":100.0,"event_name":"Golden Shrine","player_choice":"Pray","floor":37.0,"gold_loss":0.0,"damage_taken":0.0},{"damage_healed":0.0,"max_hp_gain":0.0,"max_hp_loss":0.0,"gold_gain":0.0,"event_name":"Upgrade Shrine","player_choice":"Upgraded","floor":39.0,"gold_loss":0.0,"damage_taken":0.0,"cards_upgraded":["Defragment"]},{"cards_removed":["Self Repair"],"damage_healed":0,"gold_gain":0,"player_choice":"Removed Power","damage_taken":0,"max_hp_gain":0,"max_hp_loss":0,"event_name":"Falling","floor":46,"gold_loss":0}],"is_beta":false,"boss_relics":[{"not_picked":["Inserter","Runic Pyramid"],"picked":"Pandora\u0027s Box"},{"not_picked":["Philosopher\u0027s Stone","White Beast Statue"],"picked":"Tiny House"}],"items_purged_floors":[5,41,44],"is_endless":false,"potions_floor_spawned":[10,13,14,16,27,31,35,36,47,54],"killed_by":"The Heart","ascension_level":0}