{"gold_per_floor":[11,31,47,67,67,67,81,81,81,101,176,176,176,210,210,338,338,363,386,406,44,65,65,65,89,145,145,165,165],"floor_reached":29,"playtime":1118,"items_purged":["Defend_B"],"score":252,"play_id":"cf3042ea-f204-4eda-a51b-e5bfcfa489c2","local_time":"20190111033434","is_ascension_mode":true,"campfire_choices":[{"data":"Zap","floor":6,"key":"SMITH"},{"data":"Redo","floor":13,"key":"SMITH"},{"floor":15,"key":"REST"},{"floor":23,"key":"REST"}],"neow_cost":"NO_GOLD","seed_source_timestamp":116575052954045,"circlet_count":0,"master_deck":["Strike_B","Strike_B","Strike_B","Defend_B","Defend_B","Defend_B","Zap+1","Dualcast","Sunder","Hologram","Conserve Battery+1","Beam Cell","Steam","Redo+1","Machine Learning","Double Energy","Glacier+1","Hologram","Go for the Eyes"],"relics":["Cracked Core","Turnip","Blood Vial","Golden Idol","Gremlin Horn","Singing Bowl","Bottled Lightning","Empty Cage","Ice Cream","Tiny Chest"],"potions_floor_usage":[14,14,20],"damage_taken":[{"damage":6,"enemies":"Cultist","floor":1,"turns":4},{"damage":3,"enemies":"2 Louse","floor":2,"turns":3},{"damage":4,"enemies":"Small Slimes","floor":3,"turns":3},{"damage":5,"enemies":"Looter","floor":4,"turns":3},{"damage":4,"enemies":"Lots of Slimes","floor":7,"turns":2},{"damage":4,"enemies":"Red Slaver","floor":10,"turns":3},{"damage":9,"enemies":"Gremlin Nob","floor":14,"turns":3},{"damage":44,"enemies":"The Guardian","floor":16,"turns":12},{"damage":18,"enemies":"Spheric Guardian","floor":18,"turns":4},{"damage":30,"enemies":"Shell Parasite","floor":19,"turns":9},{"damage":13,"enemies":"Snecko","floor":20,"turns":6},{"damage":7,"enemies":"Cultist and Chosen","floor":22,"turns":8},{"damage":23,"enemies":"Centurion and Healer","floor":25,"turns":7},{"damage":2,"enemies":"Snecko","floor":28,"turns":3},{"damage":21,"enemies":"Shelled Parasite and Fungi","floor":29,"turns":5}],"seed_played":"-470094567506616025","potions_obtained":[{"floor":3,"key":"Fire Potion"},{"floor":4,"key":"Ancient Potion"},{"floor":7,"key":"GamblersBrew"},{"floor":10,"key":"FearPotion"},{"floor":19,"key":"PowerPotion"},{"floor":20,"key":"Strength Potion"}],"is_trial":false,"path_per_floor":["M","M","M","M","?","R","M","?","T","M","?","T","R","E","R","B",null,"M","M","M","$","M","R","?","M","T","?","M","M"],"character_chosen":"DEFECT","items_purchased":["Ice Cream"],"campfire_rested":2,"item_purchase_floors":[21],"current_hp_per_floor":[69,66,62,57,50,50,48,48,48,46,35,35,35,28,50,8,75,57,29,20,20,15,38,38,17,17,17,19,0],"gold":165,"neow_bonus":"ONE_RARE_RELIC","is_prod":false,"is_daily":false,"chose_seed":false,"campfire_upgraded":2,"win_rate":0,"timestamp":1547145274,"path_taken":["M","M","M","?","?","R","M","?","T","M","?","?","R","E","R","BOSS","M","M","?","?","M","R","?","?","T","?","?","M"],"build_version":"2019-01-03v4","purchased_purges":1,"victory":false,"max_hp_per_floor":[75,75,75,75,75,75,75,75,75,75,75,75,75,75,75,75,75,75,75,77,77,77,77,77,77,77,77,79,79],"card_choices":[{"not_picked":["Steam","Fusion"],"picked":"Sunder","floor":1},{"not_picked":["Capacitor","Undo"],"picked":"Hologram","floor":2},{"not_picked":["Go for the Eyes","Chaos"],"picked":"Conserve Battery","floor":3},{"not_picked":["Steam","Redo"],"picked":"Beam Cell","floor":4},{"not_picked":["Multi-Cast","Melter"],"picked":"Steam","floor":7},{"not_picked":["Steam","Undo"],"picked":"Redo","floor":10},{"not_picked":["Beam Cell","Barrage","Thunder Strike"],"picked":"SKIP","floor":14},{"not_picked":["Thunder Strike","Rainbow"],"picked":"Machine Learning","floor":16},{"not_picked":["Conserve Battery","Static Discharge+1"],"picked":"Double Energy","floor":18},{"not_picked":["Beam Cell+1","Gash"],"picked":"Glacier+1","floor":19},{"not_picked":["Conserve Battery","Beam Cell","BootSequence"],"picked":"Singing Bowl","floor":20},{"not_picked":["Barrage","Heatsinks+1"],"picked":"Hologram","floor":22},{"not_picked":["Biased Cognition","Conserve Battery"],"picked":"Go for the Eyes","floor":25},{"not_picked":["Gash","Conserve Battery","Blizzard+1"],"picked":"Singing Bowl","floor":28}],"player_experience":387862,"relics_obtained":[{"floor":9,"key":"Gremlin Horn"},{"floor":12,"key":"Singing Bowl"},{"floor":14,"key":"Bottled Lightning"},{"floor":26,"key":"Tiny Chest"}],"event_choices":[{"damage_healed":0,"gold_gain":0,"player_choice":"Success","damage_taken":7,"relics_obtained":["Blood Vial"],"max_hp_gain":0,"max_hp_loss":0,"event_name":"Scrap Ooze","floor":5,"gold_loss":0},{"damage_healed":0,"gold_gain":0,"player_choice":"Take Wound","damage_taken":0,"relics_obtained":["Golden Idol"],"max_hp_gain":0,"max_hp_loss":0,"event_name":"Golden Idol","floor":8,"gold_loss":0,"cards_obtained":["Injury"]},{"damage_healed":0,"gold_gain":75,"player_choice":"Gather Gold","damage_taken":11,"max_hp_gain":0,"max_hp_loss":0,"event_name":"World of Goop","floor":11,"gold_loss":0},{"damage_healed":0,"gold_gain":0,"player_choice":"Bought 0 Potions","damage_taken":0,"max_hp_gain":0,"max_hp_loss":0,"event_name":"The Woman in Blue","floor":24,"gold_loss":0},{"damage_healed":0,"gold_gain":0,"player_choice":"Upgraded","damage_taken":0,"max_hp_gain":0,"max_hp_loss":0,"event_name":"Upgrade Shrine","floor":27,"gold_loss":0,"cards_upgraded":["Conserve Battery"]}],"is_beta":false,"boss_relics":[{"not_picked":["Coffee Dripper","Orrery"],"picked":"Empty Cage"}],"items_purged_floors":[21],"is_endless":false,"potions_floor_spawned":[3,4,7,10,19,20],"killed_by":"Shelled Parasite and Fungi","ascension_level":2}