{"path_per_floor":["M","?","M","?","M","R","E","R","T","R","M","$","M","$","R","B",null,"M","M","M","?","$","E","R","M","T","R","E","$","M","M","R","B",null,"M","?","?","?","M","E","M","E","T","R","M","?","$","E","R","B"],"character_chosen":"IRONCLAD","items_purchased":["Flex","Ancient Potion","Ancient Tea Set","Vajra","Shrug It Off"],"gold_per_floor":[110,110,126,126,139,139,168,168,194,194,205,130,142,42,42,144,144,163,173,185,185,14,42,42,60,112,112,142,90,100,112,112,209,209,228,228,228,228,243,275,293,321,321,321,335,335,19,53,53,53],"floor_reached":51,"campfire_rested":3,"playtime":5177,"current_hp_per_floor":[72,72,72,72,69,69,40,40,40,40,45,45,29,29,65,34,63,47,40,36,23,23,15,53,50,50,50,39,39,41,43,77,72,76,77,67,67,67,73,75,77,77,77,77,77,77,77,68,68,73],"items_purged":["Strike_R","Strike_R","Strike_R"],"gold":53,"score":750,"play_id":"213cb204-943f-4ffa-94f9-7d02f63a0f10","is_prod":false,"is_daily":false,"is_ascension_mode":true,"campfire_upgraded":4,"path_taken":["M","?","M","?","M","R","E","R","T","R","M","?","M","$","R","BOSS","M","M","?","?","$","E","R","?","T","R","E","?","M","?","R","BOSS","M","?","?","?","M","E","?","E","T","R","M","?","$","E","R","BOSS"],"build_version":"2018-02-15-PROD1","purchased_purges":5,"victory":true,"master_deck":["Defend_R","Bash+1","Dropkick+1","Flash of Steel+1","Pommel Strike+1","Headbutt+1","Battle Trance+1","Shockwave+1","Disarm+1","Flex+1","Warcry+1","Offering+1","True Grit+1","Madness+1","Madness+1","Shrug It Off+1","Double Tap+1","Shrug It Off+1","Shrug It Off+1","Seeing Red+1"],"max_hp_per_floor":[72,72,72,72,72,72,72,72,72,72,72,72,72,72,72,72,72,72,72,72,77,77,77,77,77,77,77,77,77,77,77,77,77,77,77,77,77,77,77,77,77,77,77,77,77,77,77,77,77,77],"relics":["Burning Blood","Toxic Egg 2","Regal Pillow","Philosopher\u0027s Stone","Molten Egg 2","Oddly Smooth Stone","Bag of Preparation","Sozu","Magic Flower","Girya","Kunai","Ancient Tea Set","Vajra","Whetstone"],"card_choices":[{"not_picked":["Anger","Body Slam"],"picked":"Dropkick"},{"not_picked":["Bloodletting","Clothesline"],"picked":"Pommel Strike"},{"not_picked":["Pommel Strike","Armaments"],"picked":"Headbutt"},{"not_picked":["Reaper","Barricade"],"picked":"Demon Form"},{"not_picked":["Dual Wield","Rupture"],"picked":"Battle Trance"},{"not_picked":["Infernal Blade","Iron Wave"],"picked":"Shockwave"},{"not_picked":["Second Wind","Dual Wield"],"picked":"Disarm"},{"not_picked":["Flex","Cleave"],"picked":"Warcry"},{"not_picked":["Flame Barrier","Disarm"],"picked":"Offering"},{"not_picked":["Combust","Armaments"],"picked":"True Grit"},{"not_picked":["Clash","Perfected Strike"],"picked":"Shrug It Off"},{"not_picked":["Warcry","Shrug It Off"],"picked":"Double Tap"},{"not_picked":["Hemokinesis","Wild Strike"],"picked":"Shrug It Off"},{"not_picked":["Infernal Blade","Sword Boomerang"],"picked":"Seeing Red"}],"player_experience":249676,"potions_floor_usage":[16,20,23,23,33,33],"damage_taken":[{"damage":6,"enemies":"Jaw Worm","floor":1,"turns":5},{"damage":0,"enemies":"Small Slimes","floor":3,"turns":3},{"damage":9,"enemies":"2 Louse","floor":5,"turns":2},{"damage":35,"enemies":"Lagavulin","floor":7,"turns":5},{"damage":1,"enemies":"2 Fungi Beasts","floor":11,"turns":3},{"damage":22,"enemies":"Exordium Thugs","floor":13,"turns":5},{"damage":37,"enemies":"The Guardian","floor":16,"turns":8},{"damage":22,"enemies":"Shell Parasite","floor":18,"turns":3},{"damage":13,"enemies":"2 Thieves","floor":19,"turns":2},{"damage":10,"enemies":"Snecko","floor":20,"turns":3},{"damage":14,"enemies":"Gremlin Leader","floor":23,"turns":4},{"damage":9,"enemies":"3 Cultists","floor":25,"turns":4},{"damage":17,"enemies":"Slavers","floor":28,"turns":4},{"damage":4,"enemies":"Slaver and Parasite","floor":30,"turns":1},{"damage":4,"enemies":"Snake Plant","floor":31,"turns":1},{"damage":11,"enemies":"Champ","floor":33,"turns":6},{"damage":4,"enemies":"3 Shapes","floor":35,"turns":3},{"damage":0,"enemies":"Orb Walker","floor":39,"turns":2},{"damage":4,"enemies":"Giant Head","floor":40,"turns":3},{"damage":4,"enemies":"Maw","floor":41,"turns":2},{"damage":4,"enemies":"Nemesis","floor":42,"turns":1},{"damage":4,"enemies":"4 Shapes","floor":45,"turns":2},{"damage":18,"enemies":"2 Orb Walkers","floor":48,"turns":2},{"damage":4,"enemies":"Donu and Deca","floor":50,"turns":3}],"event_choices":[{"event_name":"Living Wall","player_choice":"Forget","floor":2,"damage_taken":0},{"event_name":"Match and Keep!","player_choice":"1 cards matched","floor":4,"damage_taken":0},{"event_name":"Forgotten Altar","player_choice":"Shed Blood","floor":21,"damage_taken":0},{"event_name":"Winding Halls","player_choice":"Embrace Madness","floor":36,"damage_taken":0},{"event_name":"Purifier","player_choice":"One Purge","floor":37,"damage_taken":0},{"event_name":"Bonfire Elementals","player_choice":"BASIC","floor":38,"damage_taken":0}],"boss_relics":[{"not_picked":["Astrolabe","Runic Pyramid"],"picked":"Philosopher\u0027s Stone"},{"not_picked":["Orrery","Mark of Pain"],"picked":"Sozu"}],"potions_floor_spawned":[1,5,13,18,19,23,25,31,35,41],"seed_played":"6691734292686207364","ascension_level":5,"is_trial":false}