{"gold_per_floor":[111,111,186,206,206,206,226,238,268,280,297,222,234,249,249,349,349,339,264,264,279,290,290,290,300,323,337,365,365,117,135,135,135],"floor_reached":33,"playtime":2448,"items_purged":["Writhe","Strike_R"],"score":301,"play_id":"b57ef362-6f16-4b56-ae04-37bdadf35809","local_time":"20190310171815","is_ascension_mode":true,"campfire_choices":[{"floor":6,"key":"RECALL"},{"floor":15,"key":"REST"},{"data":"Inflame","floor":23,"key":"SMITH"},{"floor":29,"key":"REST"},{"data":"Ghostly","floor":32,"key":"SMITH"}],"neow_cost":"NONE","seed_source_timestamp":327414498410575,"circlet_count":0,"master_deck":["Strike_R","Strike_R+1","Strike_R","Defend_R","Defend_R","Defend_R","Defend_R","Bash+1","Inflame+1","Reaper","Inflame","Uppercut","Reaper","Disarm","Feel No Pain","Armaments+1","Ghostly","Ghostly","Ghostly","Ghostly","Ghostly+1","Inflame","Battle Trance+1","Uppercut","Shockwave+1","Metallicize","Shrug It Off"],"relics":["Calling Bell","Bronze Scales","Matryoshka","Turnip","Tiny Chest","Orrery","Whetstone","Red Skull","Orichalcum","Bird Faced Urn","Vajra"],"potions_floor_usage":[11,11,13,16,16,22,22,25],"damage_taken":[{"damage":3,"enemies":"Small Slimes","floor":1,"turns":4},{"damage":2,"enemies":"2 Louse","floor":4,"turns":3},{"damage":3,"enemies":"Jaw Worm","floor":7,"turns":3},{"damage":21,"enemies":"Lots of Slimes","floor":8,"turns":3},{"damage":11,"enemies":"Blue Slaver","floor":10,"turns":5},{"damage":7,"enemies":"Looter","floor":11,"turns":3},{"damage":25,"enemies":"Exordium Thugs","floor":13,"turns":3},{"damage":12,"enemies":"Red Slaver","floor":14,"turns":4},{"damage":24,"enemies":"Slime Boss","floor":16,"turns":8},{"damage":35,"enemies":"2 Thieves","floor":18,"turns":5},{"damage":8,"enemies":"Chosen","floor":21,"turns":7},{"damage":44,"enemies":"Centurion and Healer","floor":22,"turns":10},{"damage":24,"enemies":"Cultist and Chosen","floor":25,"turns":7},{"damage":0,"enemies":"Snake Plant","floor":27,"turns":5},{"damage":12,"enemies":"Book of Stabbing","floor":28,"turns":7},{"damage":10,"enemies":"3 Cultists","floor":31,"turns":7},{"damage":52,"enemies":"Collector","floor":33,"turns":13}],"seed_played":"-2308554074552221251","potions_obtained":[{"floor":1,"key":"Weak Potion"},{"floor":10,"key":"Regen Potion"},{"floor":11,"key":"Fire Potion"},{"floor":13,"key":"Explosive Potion"},{"floor":14,"key":"Energy Potion"},{"floor":18,"key":"Explosive Potion"},{"floor":21,"key":"AttackPotion"},{"floor":22,"key":"GamblersBrew"},{"floor":27,"key":"Dexterity Potion"}],"is_trial":false,"path_per_floor":["M","?","?","M","?","R","M","M","T","M","M","$","M","M","R","B",null,"M","?","?","M","M","R","T","M","T","M","E","R","$","M","R","B"],"character_chosen":"IRONCLAD","items_purchased":["Vajra"],"campfire_rested":2,"item_purchase_floors":[30],"current_hp_per_floor":[77,70,59,57,57,57,54,33,33,24,26,26,16,4,28,4,80,55,55,40,32,15,15,15,17,17,17,9,21,21,40,40,0],"gold":135,"neow_bonus":"BOSS_RELIC","is_prod":false,"is_daily":false,"chose_seed":false,"campfire_upgraded":2,"win_rate":0,"timestamp":1552252695,"path_taken":["M","?","?","M","?","R","M","?","T","M","M","$","M","?","R","BOSS","M","?","?","M","M","R","?","M","T","?","E","R","$","M","R","BOSS"],"build_version":"2019-01-23","purchased_purges":2,"victory":false,"max_hp_per_floor":[80,80,80,80,80,80,80,80,80,80,80,80,80,80,80,80,80,80,80,40,40,40,40,40,40,40,40,40,40,40,40,40,40],"card_choices":[{"not_picked":["Body Slam","Perfected Strike","Hemokinesis"],"picked":"SKIP","floor":1},{"not_picked":["Wild Strike","True Grit"],"picked":"Inflame","floor":4},{"not_picked":["Twin Strike","Hemokinesis","Fire Breathing"],"picked":"SKIP","floor":7},{"not_picked":["Warcry","Cleave"],"picked":"Reaper","floor":8},{"not_picked":["Armaments","Dropkick"],"picked":"Inflame","floor":10},{"not_picked":["Anger","Sentinel","Wild Strike"],"picked":"SKIP","floor":11},{"not_picked":["Thunderclap","Warcry"],"picked":"Uppercut","floor":13},{"not_picked":["Thunderclap","Armaments","Clothesline"],"picked":"SKIP","floor":14},{"not_picked":["Fiend Fire","Dark Embrace"],"picked":"Reaper","floor":16},{"not_picked":["Anger","Power Through"],"picked":"Disarm","floor":17},{"not_picked":["Sword Boomerang","Wild Strike"],"picked":"Feel No Pain","floor":17},{"not_picked":["Entrench","Bludgeon"],"picked":"Armaments+1","floor":18},{"not_picked":["Thunderclap","Warcry"],"picked":"Inflame","floor":21},{"not_picked":["Pummel","Iron Wave"],"picked":"Battle Trance+1","floor":22},{"not_picked":["Combust","Twin Strike"],"picked":"Uppercut","floor":25},{"not_picked":["Feel No Pain","Second Wind"],"picked":"Shockwave+1","floor":27},{"not_picked":["Rage+1","Spot Weakness"],"picked":"Metallicize","floor":28},{"not_picked":["Headbutt","Armaments+1"],"picked":"Shrug It Off","floor":31}],"player_experience":280691,"relics_obtained":[{"floor":0,"key":"Bronze Scales"},{"floor":0,"key":"Matryoshka"},{"floor":0,"key":"Turnip"},{"floor":9,"key":"Tiny Chest"},{"floor":24,"key":"Whetstone"},{"floor":24,"key":"Red Skull"},{"floor":26,"key":"Orichalcum"},{"floor":28,"key":"Bird Faced Urn"}],"event_choices":[{"cards_removed":["Doubt"],"damage_healed":0,"gold_gain":0,"player_choice":"Card Removal","damage_taken":7,"max_hp_gain":0,"max_hp_loss":0,"event_name":"Golden Wing","floor":2,"gold_loss":0},{"damage_healed":0,"gold_gain":75,"player_choice":"Gather Gold","damage_taken":11,"max_hp_gain":0,"max_hp_loss":0,"event_name":"World of Goop","floor":3,"gold_loss":0},{"cards_removed":["Writhe"],"damage_healed":0,"gold_gain":0,"player_choice":"Forget","damage_taken":0,"max_hp_gain":0,"max_hp_loss":0,"event_name":"Living Wall","floor":5,"gold_loss":0},{"cards_removed":["Strike_R"],"damage_healed":0,"gold_gain":0,"player_choice":"Gave Gold","damage_taken":0,"max_hp_gain":0,"max_hp_loss":0,"event_name":"Beggar","floor":19,"gold_loss":75},{"damage_healed":0,"gold_gain":0,"player_choice":"Became a Ghost","damage_taken":0,"max_hp_gain":0,"max_hp_loss":40,"event_name":"Ghosts","floor":20,"gold_loss":0,"cards_obtained":["Ghostly","Ghostly","Ghostly","Ghostly","Ghostly"]}],"is_beta":false,"boss_relics":[{"not_picked":["Busted Crown","Lizard Tail"],"picked":"Orrery"}],"items_purged_floors":[12,30],"is_endless":false,"potions_floor_spawned":[1,10,11,13,14,18,21,22,27],"killed_by":"Collector","ascension_level":1}