{"gold_per_floor":[369,83,83,44,44,44,59,72,72,95,95,95,111,134,134,230,230,254,25,25,25,25,25,60,60,60,74,74,74,74,99,99,197,197,212,281,281,105,126,162,162,206,206,229,250,291,416,195,195,195,195],"floor_reached":51,"playtime":2998,"items_purged":[],"score":1407,"play_id":"695a7113-2ea2-4d41-a972-aa2c49893535","local_time":"20190303091827","is_ascension_mode":true,"campfire_choices":[{"data":"Zap","floor":6.0,"key":"SMITH"},{"floor":11.0,"key":"REST"},{"floor":15.0,"key":"REST"},{"data":"Conserve Battery","floor":23.0,"key":"SMITH"},{"floor":25.0,"key":"REST"},{"data":"Thunder Strike","floor":28.0,"key":"SMITH"},{"floor":30.0,"key":"REST"},{"data":"Seek","floor":32.0,"key":"SMITH"},{"floor":41.0,"key":"REST"},{"floor":49.0,"key":"RECALL"}],"neow_cost":"CURSE","seed_source_timestamp":222905798569779,"circlet_count":0,"master_deck":["AscendersBane","Defend_B+1","Defend_B+1","Defend_B+1","Defend_B+1","Zap+1","Dualcast+1","Clumsy","Ball Lightning","Loop+1","Doom and Gloom","Conserve Battery+1","Defragment+1","Electrodynamics+1","Defragment+1","Seek+1","Thunder Strike+1","Storm+1","Seek","Redo+1","Turbo+1","Recycle+1","Self Repair+1","Tempest","Chill","Static Discharge+1","Machine Learning+1","Self Repair+1","Coolheaded","Hologram","Defragment+1","Force Field"],"special_seed":0,"relics":["Cracked Core","Frozen Egg 2","Golden Idol","Mercury Hourglass","Gremlin Horn","Velvet Choker","ClockworkSouvenir","Singing Bowl","Letter Opener","Astrolabe","Ice Cream","Darkstone Periapt","Vajra","Lantern","StoneCalendar"],"potions_floor_usage":[50,50],"damage_taken":[{"damage":7.0,"enemies":"Jaw Worm","floor":1.0,"turns":3.0},{"damage":25.0,"enemies":"Small Slimes","floor":7.0,"turns":3.0},{"damage":0.0,"enemies":"2 Louse","floor":8.0,"turns":1.0},{"damage":6.0,"enemies":"Looter","floor":10.0,"turns":3.0},{"damage":1.0,"enemies":"3 Louse","floor":13.0,"turns":2.0},{"damage":0.0,"enemies":"Blue Slaver","floor":14.0,"turns":2.0},{"damage":6.0,"enemies":"The Guardian","floor":16.0,"turns":6.0},{"damage":11.0,"enemies":"Spheric Guardian","floor":18.0,"turns":3.0},{"damage":25.0,"enemies":"Book of Stabbing","floor":24.0,"turns":3.0},{"damage":17.0,"enemies":"Shell Parasite","floor":27.0,"turns":3.0},{"damage":8.0,"enemies":"Snake Plant","floor":31.0,"turns":3.0},{"damage":13.0,"enemies":"Collector","floor":33.0,"turns":5.0},{"damage":2.0,"enemies":"3 Darklings","floor":35.0,"turns":2.0},{"damage":27.0,"enemies":"2 Orb Walkers","floor":36.0,"turns":2.0},{"damage":12.0,"enemies":"3 Shapes","floor":39.0,"turns":3.0},{"damage":8.0,"enemies":"Giant Head","floor":40.0,"turns":4.0},{"damage":14.0,"enemies":"Reptomancer","floor":42.0,"turns":3.0},{"damage":21.0,"enemies":"Jaw Worm Horde","floor":44.0,"turns":2.0},{"damage":0.0,"enemies":"3 Darklings","floor":45.0,"turns":2.0},{"damage":11.0,"enemies":"Giant Head","floor":46.0,"turns":4.0},{"damage":0.0,"enemies":"Mind Bloom Boss Battle","floor":47.0,"turns":3.0},{"damage":38,"enemies":"Time Eater","floor":50,"turns":5},{"damage":44,"enemies":"Awakened One","floor":51,"turns":2}],"seed_played":"-2396402360451175691","potions_obtained":[{"floor":1.0,"key":"SteroidPotion"},{"floor":7.0,"key":"PowerPotion"},{"floor":13.0,"key":"Explosive Potion"},{"floor":18.0,"key":"SteroidPotion"},{"floor":24.0,"key":"SpeedPotion"},{"floor":40.0,"key":"PowerPotion"},{"floor":42.0,"key":"Regen Potion"},{"floor":44.0,"key":"FearPotion"},{"floor":45.0,"key":"SkillPotion"},{"floor":47.0,"key":"FocusPotion"}],"is_trial":false,"path_per_floor":["M","$","?","$","?","R","M","M","T","M","R","T","M","M","R","B",null,"M","$","?","?","$","R","E","R","T","M","R","$","R","M","R","B",null,"M","?","?","$","M","E","R","E","T","M","M","E","?","$","R","B","B"],"character_chosen":"DEFECT","items_purchased":["Frozen Egg 2","Loop+1","ClockworkSouvenir","Tempest","Chill","Defragment+1","Force Field","Dexterity Potion"],"campfire_rested":5,"item_purchase_floors":[2,4,19,38,38,48,48,48],"current_hp_per_floor":[57,57,57,57,38,38,13,13,13,7,26,26,25,25,44,38,58,47,47,47,47,47,47,22,41,41,26,26,26,45,37,37,24,56,54,29,29,29,27,19,39,37,37,18,23,22,42,42,42,24,0],"gold":195,"neow_bonus":"TWO_FIFTY_GOLD","is_prod":false,"is_daily":false,"chose_seed":false,"campfire_upgraded":4,"win_rate":0,"timestamp":1551633507,"path_taken":["M","$","?","?","?","R","M","M","T","M","R","?","M","M","R","BOSS","M","$","?","?","?","R","E","R","T","?","R","?","R","M","R","BOSS","M","?","?","?","M","E","R","E","T","?","M","E","?","$","R","BOSS","BOSS"],"build_version":"2019-02-06","purchased_purges":0,"victory":false,"max_hp_per_floor":[71,71,64,64,64,64,64,64,64,64,64,64,64,64,64,64,64,64,64,64,64,64,64,64,64,64,66,66,66,66,66,66,66,66,66,68,68,68,68,68,68,70,70,72,72,72,72,72,72,72,72],"card_choices":[{"not_picked":["Streamline","Hologram"],"picked":"Ball Lightning","floor":1.0},{"not_picked":["Genetic Algorithm","Melter"],"picked":"Doom and Gloom","floor":7.0},{"not_picked":["Leap","Go for the Eyes"],"picked":"Conserve Battery","floor":8.0},{"not_picked":["Conserve Battery","Coolheaded"],"picked":"Defragment+1","floor":10.0},{"not_picked":["Glacier","Beam Cell"],"picked":"Electrodynamics+1","floor":13.0},{"not_picked":["Steam","Gash"],"picked":"Defragment+1","floor":14.0},{"not_picked":["Rainbow","Thunder Strike"],"picked":"Seek","floor":16.0},{"not_picked":["Blizzard","Beam Cell","Sweeping Beam"],"picked":"SKIP","floor":18.0},{"not_picked":["Go for the Eyes","Reinforced Body"],"picked":"Thunder Strike","floor":24.0},{"not_picked":["Melter","Recycle","Ball Lightning"],"picked":"Singing Bowl","floor":27.0},{"not_picked":["White Noise","Aggregate"],"picked":"Storm+1","floor":31.0},{"not_picked":["Reboot","Rainbow"],"picked":"Seek","floor":33.0},{"not_picked":["Barrage+1","Hologram"],"picked":"Self Repair+1","floor":35.0},{"not_picked":["Sweeping Beam","Redo","Streamline"],"picked":"Singing Bowl","floor":36.0},{"not_picked":["Reinforced Body+1","Gash"],"picked":"Static Discharge+1","floor":39.0},{"not_picked":["Recycle","Barrage"],"picked":"Machine Learning+1","floor":40.0},{"not_picked":["Go for the Eyes","Barrage+1","Hologram"],"picked":"Singing Bowl","floor":42.0},{"not_picked":["Reprogram","Beam Cell","Gash"],"picked":"Singing Bowl","floor":44.0},{"not_picked":["Sweeping Beam","Recycle"],"picked":"Self Repair+1","floor":45.0},{"not_picked":["Force Field","Sunder+1"],"picked":"Coolheaded","floor":46.0},{"not_picked":["Redo+1","Cold Snap"],"picked":"Hologram","floor":47.0}],"player_experience":1352384,"relics_obtained":[{"floor":9.0,"key":"Mercury Hourglass"},{"floor":12.0,"key":"Gremlin Horn"},{"floor":24.0,"key":"Singing Bowl"},{"floor":26.0,"key":"Letter Opener"},{"floor":36.0,"key":"Ice Cream"},{"floor":40.0,"key":"Darkstone Periapt"},{"floor":42.0,"key":"Vajra"},{"floor":46.0,"key":"Lantern"},{"floor":47.0,"key":"StoneCalendar"}],"event_choices":[{"damage_healed":0.0,"max_hp_gain":0.0,"max_hp_loss":7.0,"gold_gain":0.0,"event_name":"Golden Idol","player_choice":"Lose Max HP","floor":3.0,"gold_loss":0.0,"damage_taken":0.0,"relics_obtained":["Golden Idol"]},{"damage_healed":0.0,"max_hp_gain":0.0,"max_hp_loss":0.0,"gold_gain":0.0,"event_name":"Shining Light","player_choice":"Entered Light","floor":5.0,"gold_loss":0.0,"damage_taken":19.0,"cards_upgraded":["Defend_B","Dualcast"]},{"damage_healed":0.0,"max_hp_gain":0.0,"max_hp_loss":0.0,"gold_gain":0.0,"event_name":"Back to Basics","player_choice":"Simplicity","floor":20.0,"gold_loss":0.0,"damage_taken":0.0,"cards_upgraded":["Strike_B","Strike_B","Strike_B","Strike_B","Defend_B","Defend_B","Defend_B"]},{"damage_healed":0.0,"max_hp_gain":0.0,"max_hp_loss":0.0,"gold_gain":0.0,"event_name":"The Mausoleum","player_choice":"Ignored","floor":21.0,"gold_loss":0.0,"damage_taken":0.0},{"damage_healed":0.0,"max_hp_gain":0.0,"max_hp_loss":0.0,"gold_gain":0.0,"event_name":"Mysterious Sphere","player_choice":"Fight","floor":36.0,"gold_loss":0.0,"damage_taken":0.0},{"cards_removed":["Strike_B"],"damage_healed":0.0,"max_hp_gain":0.0,"max_hp_loss":0.0,"gold_gain":0.0,"event_name":"Falling","player_choice":"Removed Attack","floor":37.0,"gold_loss":0.0,"damage_taken":0.0},{"damage_healed":0.0,"max_hp_gain":0.0,"max_hp_loss":0.0,"gold_gain":0.0,"event_name":"MindBloom","player_choice":"Fight","floor":47.0,"gold_loss":0.0,"damage_taken":0.0}],"is_beta":true,"boss_relics":[{"not_picked":["Coffee Dripper","White Beast Statue"],"picked":"Velvet Choker"},{"not_picked":["Eternal Feather","Busted Crown"],"picked":"Astrolabe"}],"items_purged_floors":[],"is_endless":false,"potions_floor_spawned":[1,7,13,18,24,31,40,42,44,45,47],"killed_by":"Awakened One","ascension_level":20}