{"path_per_floor":["M","M","M","M","?","E","R","E","T","R","M","$","M","E","R","B",null,"M","M","?","M","?","E","$","M","T","M","R","M","?","M","R","B",null,"M","?","$","?","?","R","$","R","T","?","M","M","?","M","R","B"],"character_chosen":"IRONCLAD","items_purchased":["Strength Potion","Heavy Blade","Strength Potion"],"gold_per_floor":[20,32,48,61,11,45,45,73,73,73,91,16,36,71,71,166,196,214,227,127,142,142,169,19,30,82,94,94,108,108,128,128,229,229,248,248,123,123,123,123,22,22,22,74,89,106,106,117,117,117],"floor_reached":51,"campfire_rested":3,"playtime":9345,"current_hp_per_floor":[70,74,79,75,75,46,46,29,29,53,61,61,66,51,51,37,85,85,85,85,85,69,52,52,30,30,26,51,50,35,45,45,32,93,66,66,66,56,56,56,56,56,63,42,48,44,44,33,63,20],"items_purged":["Strike_R","Strike_R","Strike_R"],"gold":117,"play_id":"5864d4af-179a-481f-9228-208d2303d6ee","is_prod":false,"is_daily":false,"is_ascension_mode":false,"campfire_upgraded":5,"path_taken":["M","M","?","M","?","E","R","E","T","R","M","$","M","E","R","BOSS","M","M","?","M","?","E","$","?","T","M","R","M","?","M","R","BOSS","M","?","$","?","?","R","$","R","T","?","M","?","?","M","R","BOSS"],"build_version":"2018-01-25-PROD2","purchased_purges":3,"victory":true,"master_deck":["Strike_R","Defend_R","Defend_R","Defend_R","Bash","Thunderclap","Power Through","Flex+1","Seeing Red+1","Infernal Blade","Pommel Strike","Iron Wave","Iron Wave","Inflame+1","Reaper+1","Flex+1","J.A.X.+1","Sword Boomerang+1","Thunderclap","Sword Boomerang+1","Metallicize","Reaper","Madness","Madness+1","Heavy Blade","Pain","Hemokinesis+1","Disarm+1","Inflame+1","Sword Boomerang"],"max_hp_per_floor":[80,80,80,80,80,80,80,80,80,80,80,80,80,80,80,80,85,85,85,85,85,85,85,85,85,85,85,85,88,93,93,93,93,93,93,93,93,93,93,93,93,93,100,100,100,100,100,100,100,100],"relics":["Burning Blood","Gambling Chip","Letter Opener","Blood Vial","Kunai","Toxic Egg","Tiny House","Nilry\u0027s Codex","Toolbox","Whetstone","Cursed Key","Strawberry","Champion Belt"],"card_choices":[{"not_picked":["Cleave","Infernal Blade"],"picked":"Thunderclap"},{"not_picked":["Rupture","Infernal Blade"],"picked":"Power Through"},{"not_picked":["Shockwave","Spot Weakness"],"picked":"Flex"},{"not_picked":["Searing Blow","Spot Weakness"],"picked":"Seeing Red"},{"not_picked":["Uppercut","Burning Pact"],"picked":"Infernal Blade"},{"not_picked":["Warcry","Clothesline"],"picked":"Pommel Strike"},{"not_picked":["Berserk","Burning Pact"],"picked":"Iron Wave"},{"not_picked":["Twin Strike","Perfected Strike"],"picked":"Iron Wave"},{"not_picked":["Thunderclap","Anger"],"picked":"Inflame"},{"not_picked":["Berserk","Demon Form"],"picked":"Reaper"},{"not_picked":["Body Slam","Pummel"],"picked":"Flex"},{"not_picked":["Reckless Charge","Clothesline"],"picked":"Sword Boomerang"},{"not_picked":["Iron Wave","Corruption"],"picked":"Thunderclap"},{"not_picked":["Headbutt","Corruption"],"picked":"Sword Boomerang"},{"not_picked":["Twin Strike","Pommel Strike"],"picked":"Metallicize"},{"not_picked":["Impervious","Bludgeon"],"picked":"Reaper"},{"not_picked":["Perfected Strike","Dropkick"],"picked":"Hemokinesis"},{"not_picked":["Reaper","Fire Breathing"],"picked":"Disarm"},{"not_picked":["Cleave","Rage"],"picked":"Sword Boomerang"}],"player_experience":24632,"potions_floor_usage":[6,8,16,21,23,25,29,33,33,35,45,48,50],"damage_taken":[{"damage":16,"enemies":"Blue Slaver","floor":1,"turns":5},{"damage":2,"enemies":"2 Louse","floor":2,"turns":3},{"damage":1,"enemies":"Jaw Worm","floor":3,"turns":6},{"damage":10,"enemies":"3 Louse","floor":4,"turns":4},{"damage":50,"enemies":"Lagavulin","floor":6,"turns":9},{"damage":32,"enemies":"Gremlin Nob","floor":8,"turns":4},{"damage":0,"enemies":"Looter","floor":11,"turns":2},{"damage":3,"enemies":"Gremlin Gang","floor":13,"turns":5},{"damage":23,"enemies":"3 Sentries","floor":14,"turns":7},{"damage":22,"enemies":"Slime Boss","floor":16,"turns":11},{"damage":4,"enemies":"Chosen","floor":18,"turns":5},{"damage":10,"enemies":"3 Byrds","floor":19,"turns":4},{"damage":5,"enemies":"3 Cultists","floor":21,"turns":5},{"damage":35,"enemies":"Book of Stabbing","floor":23,"turns":4},{"damage":30,"enemies":"Snake Plant","floor":25,"turns":4},{"damage":12,"enemies":"Snecko","floor":27,"turns":4},{"damage":30,"enemies":"Centurion and Healer","floor":29,"turns":9},{"damage":12,"enemies":"3 Cultists","floor":31,"turns":4},{"damage":76,"enemies":"Collector","floor":33,"turns":8},{"damage":33,"enemies":"3 Shapes","floor":35,"turns":4},{"damage":74,"enemies":"Mysterious Sphere","floor":44,"turns":5},{"damage":44,"enemies":"3 Darklings","floor":45,"turns":5},{"damage":28,"enemies":"Maw","floor":46,"turns":7},{"damage":79,"enemies":"4 Shapes","floor":48,"turns":7},{"damage":66,"enemies":"Time Eater","floor":50,"turns":8}],"event_choices":[{"event_name":"The Cleric","player_choice":"Card Removal","floor":5,"damage_taken":0},{"event_name":"Drug Dealer","player_choice":"Got JAXXED","floor":20,"damage_taken":0},{"event_name":"Cursed Tome","player_choice":"Obtained Book","floor":22,"damage_taken":0},{"event_name":"Forgotten Altar","player_choice":"Shed Blood","floor":30,"damage_taken":0},{"event_name":"Winding Halls","player_choice":"Embrace Madness","floor":38,"damage_taken":0},{"event_name":"Tomb of Lord Red Mask","player_choice":"Ignored","floor":39,"damage_taken":0},{"event_name":"Mysterious Sphere","player_choice":"Fight","floor":44,"damage_taken":0},{"event_name":"Duplicator","player_choice":"One dupe","floor":47,"damage_taken":0}],"boss_relics":[{"not_picked":["Question Card","Lizard Tail"],"picked":"Tiny House"},{"not_picked":["Runic Pyramid","Black Blood"],"picked":"Cursed Key"}],"potions_floor_spawned":[4,6,8,13,16,18,25,27,31,33,45],"seed_played":"-7433149914074629546","ascension_level":0,"is_trial":false}