{"gold_per_floor":[117,67,77,77,177,213,213,103,151,151,195,213,256,256,256,384,384,402,402,416,416,430,464,464,479,479,479,503,516,516,535,535,535],"floor_reached":33,"playtime":2036,"items_purged":["Strike_R"],"score":400,"play_id":"cf306c4a-93e8-438e-9321-ed27cd2ddfa9","local_time":"20190224150812","is_ascension_mode":true,"campfire_choices":[{"floor":7.0,"key":"RECALL"},{"data":"Havoc","floor":10.0,"key":"SMITH"},{"floor":15.0,"key":"REST"},{"data":"Ghostly","floor":24.0,"key":"SMITH"},{"data":"Ghostly","floor":27.0,"key":"SMITH"},{"data":"Flame Barrier","floor":32,"key":"SMITH"}],"neow_cost":"NONE","seed_source_timestamp":0,"circlet_count":0,"master_deck":["Defend_R","Defend_R","Defend_R","Bash","Pummel","Havoc+1","Sentinel","Ghostly Armor","Bludgeon","Armaments","True Grit","Impervious","Shrug It Off","Bite","Bite","Bite","Bite","Bite","Ghostly","Ghostly","Ghostly","Ghostly+1","Ghostly+1","Intimidate","Corruption+1","Pommel Strike","Flame Barrier+1","Carnage","Battle Trance"],"special_seed":0,"relics":["Runic Dome","Golden Idol","Paper Frog","Bag of Marbles","Bag of Preparation","Snecko Eye","Question Card","Mummified Hand","Pen Nib"],"potions_floor_usage":[],"damage_taken":[{"damage":0.0,"enemies":"Cultist","floor":1.0,"turns":2.0},{"damage":0.0,"enemies":"2 Louse","floor":3.0,"turns":2.0},{"damage":26.0,"enemies":"Lagavulin","floor":6.0,"turns":5.0},{"damage":21.0,"enemies":"3 Sentries","floor":11.0,"turns":13.0},{"damage":0.0,"enemies":"Small Slimes","floor":12.0,"turns":3.0},{"damage":0.0,"enemies":"Gremlin Nob","floor":13.0,"turns":2.0},{"damage":8.0,"enemies":"Hexaghost","floor":16.0,"turns":9.0},{"damage":0.0,"enemies":"Chosen","floor":18.0,"turns":2.0},{"damage":4.0,"enemies":"Shell Parasite","floor":20.0,"turns":3.0},{"damage":0.0,"enemies":"Snecko","floor":22.0,"turns":4.0},{"damage":0.0,"enemies":"Gremlin Leader","floor":23.0,"turns":6.0},{"damage":1.0,"enemies":"Cultist and Chosen","floor":25.0,"turns":5.0},{"damage":0.0,"enemies":"3 Cultists","floor":29.0,"turns":4.0},{"damage":0,"enemies":"Snake Plant","floor":31,"turns":2},{"damage":46,"enemies":"Automaton","floor":33,"turns":6}],"seed_played":"-4589080181128294515","potions_obtained":[{"floor":3.0,"key":"PowerPotion"},{"floor":6.0,"key":"Poison Potion"},{"floor":11.0,"key":"Fire Potion"},{"floor":16.0,"key":"FearPotion"},{"floor":18.0,"key":"Energy Potion"},{"floor":20.0,"key":"BloodPotion"},{"floor":29.0,"key":"EssenceOfSteel"}],"is_trial":false,"path_per_floor":["M","?","M","?","?","E","R","$","T","R","E","M","E","?","R","B",null,"M","?","M","?","M","E","R","M","T","R","T","M","?","M","R","B"],"character_chosen":"IRONCLAD","items_purchased":["Ghostly Armor"],"campfire_rested":1,"item_purchase_floors":[8],"current_hp_per_floor":[80,80,80,74,74,48,48,48,48,48,29,31,33,21,43,37,74,74,74,74,37,37,37,37,37,37,37,37,37,37,37,37,0],"gold":535,"neow_bonus":"BOSS_RELIC","is_prod":false,"is_daily":false,"chose_seed":false,"campfire_upgraded":4,"win_rate":0,"timestamp":1551038892,"path_taken":["M","?","M","?","?","E","R","$","T","R","E","?","E","?","R","BOSS","M","?","M","?","M","E","R","M","T","R","?","M","?","?","R","BOSS"],"build_version":"2019-01-23","purchased_purges":1,"victory":false,"max_hp_per_floor":[80,80,80,74,74,74,74,74,74,74,74,74,74,74,74,74,74,74,74,74,37,37,37,37,37,37,37,37,37,37,37,37,37],"card_choices":[{"not_picked":["Sword Boomerang","Heavy Blade"],"picked":"Pummel","floor":1.0},{"not_picked":["Bloodletting","Wild Strike"],"picked":"Havoc","floor":3.0},{"not_picked":["Thunderclap","Fire Breathing"],"picked":"Sentinel","floor":6.0},{"not_picked":["Warcry","Rampage"],"picked":"Bludgeon","floor":11.0},{"not_picked":["Cleave","Carnage"],"picked":"Armaments","floor":12.0},{"not_picked":["Armaments","Metallicize"],"picked":"True Grit","floor":13.0},{"not_picked":["Fiend Fire","Berserk"],"picked":"Impervious","floor":16.0},{"not_picked":["Wild Strike","Evolve"],"picked":"Shrug It Off","floor":18.0},{"not_picked":["Combust","Rampage+1","Heavy Blade"],"picked":"SKIP","floor":20.0},{"not_picked":["Iron Wave+1","True Grit"],"picked":"Intimidate","floor":22.0},{"not_picked":["Burning Pact","Perfected Strike"],"picked":"Corruption+1","floor":23.0},{"not_picked":["Wild Strike","Brutality","Clash"],"picked":"Pommel Strike","floor":25.0},{"not_picked":["Twin Strike","Second Wind","Evolve"],"picked":"Flame Barrier","floor":29.0},{"not_picked":["Clash+1","Sword Boomerang","Carnage"],"picked":"Battle Trance","floor":31}],"player_experience":217862,"relics_obtained":[{"floor":6.0,"key":"Blood Vial"},{"floor":11.0,"key":"Paper Frog"},{"floor":13.0,"key":"Bag of Marbles"},{"floor":23.0,"key":"Question Card"},{"floor":26.0,"key":"Mummified Hand"},{"floor":28.0,"key":"Pen Nib"}],"event_choices":[{"cards_removed":["Strike_R"],"damage_healed":0.0,"max_hp_gain":0.0,"max_hp_loss":0.0,"gold_gain":0.0,"event_name":"The Cleric","player_choice":"Card Removal","floor":2.0,"gold_loss":50.0,"damage_taken":0.0},{"damage_healed":0.0,"max_hp_gain":0.0,"max_hp_loss":6.0,"gold_gain":0.0,"event_name":"Golden Idol","player_choice":"Lose Max HP","floor":4.0,"gold_loss":0.0,"damage_taken":0.0,"relics_obtained":["Golden Idol"]},{"damage_healed":0.0,"max_hp_gain":0.0,"max_hp_loss":0.0,"gold_gain":100.0,"event_name":"Golden Shrine","player_choice":"Pray","floor":5.0,"gold_loss":0.0,"damage_taken":0.0},{"damage_healed":0.0,"max_hp_gain":0.0,"max_hp_loss":0.0,"gold_gain":0.0,"event_name":"Scrap Ooze","player_choice":"Success","floor":14.0,"gold_loss":0.0,"damage_taken":12.0,"relics_obtained":["Bag of Preparation"]},{"damage_healed":0.0,"max_hp_gain":0.0,"max_hp_loss":0.0,"gold_gain":0.0,"event_name":"Vampires","player_choice":"Became a vampire (Vial)","floor":19.0,"relics_lost":["Blood Vial"],"gold_loss":0.0,"damage_taken":0.0,"cards_obtained":["Bite","Bite","Bite","Bite","Bite"]},{"damage_healed":0.0,"max_hp_gain":0.0,"max_hp_loss":37.0,"gold_gain":0.0,"event_name":"Ghosts","player_choice":"Became a Ghost","floor":21.0,"gold_loss":0.0,"damage_taken":0.0,"cards_obtained":["Ghostly","Ghostly","Ghostly","Ghostly","Ghostly"]},{"damage_healed":0.0,"max_hp_gain":0.0,"max_hp_loss":0.0,"gold_gain":0.0,"cards_transformed":["Defend_R"],"event_name":"Transmorgrifier","player_choice":"Transformed","floor":30.0,"gold_loss":0.0,"damage_taken":0.0,"cards_obtained":["Carnage"]}],"is_beta":false,"boss_relics":[{"not_picked":["Ectoplasm","Philosopher\u0027s Stone"],"picked":"Snecko Eye"}],"items_purged_floors":[8],"is_endless":false,"potions_floor_spawned":[3,6,11,16,18,20,29],"killed_by":"Automaton","ascension_level":1}