{"gold_per_floor":[110,127,29,42,54,81,81,95,95,95,109,142,142,160,160,160],"floor_reached":16,"playtime":1200,"items_purged":[],"score":188,"play_id":"115bcdc6-8328-43d8-bb8f-9e47d393bbc1","local_time":"20190208190521","is_ascension_mode":true,"campfire_choices":[{"data":"Neutralize","floor":7,"key":"SMITH"},{"floor":10,"key":"REST"},{"floor":15,"key":"REST"}],"neow_cost":"NONE","seed_source_timestamp":30301889311464,"circlet_count":0,"master_deck":["AscendersBane","Defend_G","Defend_G","Defend_G","Defend_G","Defend_G","Strike_G","Strike_G","Strike_G","Strike_G","Strike_G","Survivor","Neutralize+1","Sucker Punch","Slice","Flash of Steel","Blade Dance","Cloak And Dagger","Flying Knee","Leg Sweep","Phantasmal Killer","Skewer+1","Flying Knee+1"],"relics":["Ring of the Snake","Bird Faced Urn","Molten Egg 2","Calipers","Golden Idol"],"potions_floor_usage":[6,8,12,12],"damage_taken":[{"damage":2,"enemies":"Cultist","floor":1,"turns":5},{"damage":0,"enemies":"Small Slimes","floor":2,"turns":3},{"damage":0,"enemies":"2 Louse","floor":4,"turns":3},{"damage":1,"enemies":"Blue Slaver","floor":5,"turns":4},{"damage":23,"enemies":"Gremlin Nob","floor":6,"turns":4},{"damage":24,"enemies":"Gremlin Gang","floor":8,"turns":6},{"damage":0,"enemies":"2 Fungi Beasts","floor":11,"turns":4},{"damage":20,"enemies":"3 Sentries","floor":12,"turns":8},{"damage":8,"enemies":"Exordium Wildlife","floor":14,"turns":5},{"damage":32,"enemies":"Hexaghost","floor":16,"turns":11}],"seed_played":"7839495115486402929","potions_obtained":[{"floor":2,"key":"SteroidPotion"},{"floor":6,"key":"Block Potion"},{"floor":8,"key":"Poison Potion"},{"floor":11,"key":"Energy Potion"}],"is_trial":false,"path_per_floor":["M","M","$","M","M","E","R","M","T","R","M","E","?","M","R","B"],"character_chosen":"THE_SILENT","items_purchased":["Flash of Steel"],"campfire_rested":2,"item_purchase_floors":[3],"current_hp_per_floor":[68,68,68,68,67,44,44,20,20,43,43,23,23,15,36,4],"gold":160,"neow_bonus":"TEN_PERCENT_HP_BONUS","is_prod":false,"is_daily":false,"chose_seed":false,"campfire_upgraded":1,"win_rate":0,"timestamp":1549681521,"path_taken":["M","M","$","M","M","E","R","M","T","R","M","E","?","M","R","BOSS"],"build_version":"2019-01-23","purchased_purges":0,"victory":false,"max_hp_per_floor":[77,77,77,77,77,77,77,77,77,77,77,77,71,71,71,71],"card_choices":[{"not_picked":["Catalyst","Blade Dance"],"picked":"Sucker Punch","floor":1},{"not_picked":["Acrobatics","Outmaneuver"],"picked":"Slice","floor":2},{"not_picked":["Deadly Poison","Crippling Poison"],"picked":"Blade Dance","floor":4},{"not_picked":["Masterful Stab","Setup"],"picked":"Cloak And Dagger","floor":5},{"not_picked":["Masterful Stab","Reflex"],"picked":"Flying Knee","floor":6},{"not_picked":["Deadly Poison","Riddle With Holes"],"picked":"Leg Sweep","floor":8},{"not_picked":["Noxious Fumes","Eviscerate+1"],"picked":"Phantasmal Killer","floor":11},{"not_picked":["Prepared","Noxious Fumes"],"picked":"Skewer+1","floor":12},{"not_picked":["PiercingWail","Poisoned Stab+1"],"picked":"Flying Knee+1","floor":14}],"player_experience":425494,"relics_obtained":[{"floor":6,"key":"Bird Faced Urn"},{"floor":9,"key":"Molten Egg 2"},{"floor":12,"key":"Calipers"}],"event_choices":[{"damage_healed":0,"gold_gain":0,"player_choice":"Lose Max HP","damage_taken":0,"relics_obtained":["Golden Idol"],"max_hp_gain":0,"max_hp_loss":6,"event_name":"Golden Idol","floor":13,"gold_loss":0}],"is_beta":false,"boss_relics":[],"items_purged_floors":[],"is_endless":false,"potions_floor_spawned":[2,6,8,11],"killed_by":"Hexaghost","ascension_level":13}