{"gold_per_floor":[160,160,160,174,198,237,128,128],"floor_reached":8,"playtime":717,"items_purged":["Strike_B"],"score":59,"play_id":"5d608d1f-f311-40e1-b1ff-a02f2c9b0bcd","local_time":"20190130084732","is_ascension_mode":true,"campfire_choices":[],"neow_cost":"NONE","seed_source_timestamp":0,"circlet_count":0,"master_deck":["Strike_B","Strike_B","Strike_B","Defend_B","Defend_B","Defend_B","Zap","Dualcast+1","Blizzard","Conserve Battery","White Noise","Sunder","Cold Snap","Capacitor"],"special_seed":0,"relics":["Tiny House","Golden Idol","Shuriken"],"potions_floor_usage":[5,6],"damage_taken":[{"damage":0,"enemies":"2 Louse","floor":1,"turns":4},{"damage":6,"enemies":"Jaw Worm","floor":4,"turns":4},{"damage":5,"enemies":"Small Slimes","floor":5,"turns":5},{"damage":43,"enemies":"3 Sentries","floor":6,"turns":7},{"damage":37,"enemies":"Gremlin Nob","floor":8,"turns":4}],"seed_played":"4524444763815700058","potions_obtained":[{"floor":0,"key":"Ancient Potion"},{"floor":1,"key":"Regen Potion"},{"floor":4,"key":"SkillPotion"},{"floor":5,"key":"Explosive Potion"}],"is_trial":false,"path_per_floor":["M","?","?","M","M","E","$","E"],"character_chosen":"DEFECT","items_purchased":["Capacitor"],"campfire_rested":0,"item_purchase_floors":[7],"current_hp_per_floor":[80,74,67,61,68,25,25,0],"gold":128,"neow_bonus":"BOSS_RELIC","is_prod":false,"is_daily":false,"chose_seed":false,"campfire_upgraded":0,"win_rate":0,"timestamp":1548856052,"path_taken":["M","?","?","M","M","E","?","E"],"build_version":"2019-01-23","purchased_purges":1,"victory":false,"max_hp_per_floor":[80,74,74,74,74,74,74,74],"card_choices":[{"not_picked":["Fusion","Auto Shields"],"picked":"Blizzard","floor":0},{"not_picked":["Rip and Tear","Melter"],"picked":"Conserve Battery","floor":1},{"not_picked":["Skim","Cold Snap"],"picked":"White Noise","floor":4},{"not_picked":["Darkness","Rebound"],"picked":"Sunder","floor":5},{"not_picked":["Barrage","Machine Learning"],"picked":"Cold Snap","floor":6}],"player_experience":83452,"relics_obtained":[{"floor":6,"key":"Shuriken"}],"event_choices":[{"damage_healed":0,"gold_gain":0,"player_choice":"Lose Max HP","damage_taken":0,"relics_obtained":["Golden Idol"],"max_hp_gain":0,"max_hp_loss":6,"event_name":"Golden Idol","floor":2,"gold_loss":0},{"cards_removed":["Defend_B"],"damage_healed":0,"gold_gain":0,"player_choice":"Card Removal","damage_taken":7,"max_hp_gain":0,"max_hp_loss":0,"event_name":"Golden Wing","floor":3,"gold_loss":0}],"is_beta":false,"boss_relics":[],"items_purged_floors":[7],"is_endless":false,"potions_floor_spawned":[1,4,5],"killed_by":"Gremlin Nob","ascension_level":1}