{"gold_per_floor":[112,132,146,159,13,40,40,56,56,67,67,67,85,85,85,180,180,193,209,223,19,19,19,19,38,38,55,55,69,86,110,110,211,211,224,241,128,147,147,147,147],"floor_reached":41,"playtime":4020,"items_purged":["Strike_R","Strike_R"],"score":399,"play_id":"9ed0c490-516a-4d7c-993d-326676c7c108","local_time":"20190130011146","is_ascension_mode":false,"campfire_choices":[{"data":"Armaments","floor":7,"key":"SMITH"},{"data":"Warcry","floor":11,"key":"SMITH"},{"floor":15,"key":"REST"},{"floor":23,"key":"REST"},{"floor":32,"key":"REST"},{"floor":40,"key":"REST"}],"neow_cost":"NONE","seed_source_timestamp":49445333509460,"circlet_count":0,"master_deck":["Strike_R","Strike_R","Defend_R","Defend_R","Defend_R","Defend_R","Bash","Armaments+1","Shrug It Off","Corruption","Warcry+1","Dropkick","Warcry","Thunderclap"],"relics":["Busted Crown","Bag of Marbles","Bottled Tornado","Runic Pyramid","Ice Cream","Blood Vial","Sozu","Question Card"],"potions_floor_usage":[6,16,33,33,33,36],"damage_taken":[{"damage":0,"enemies":"Jaw Worm","floor":1,"turns":3},{"damage":0,"enemies":"2 Louse","floor":2,"turns":3},{"damage":0,"enemies":"Cultist","floor":3,"turns":3},{"damage":5,"enemies":"Exordium Thugs","floor":4,"turns":4},{"damage":11,"enemies":"Gremlin Nob","floor":6,"turns":5},{"damage":0,"enemies":"2 Fungi Beasts","floor":8,"turns":3},{"damage":0,"enemies":"Lots of Slimes","floor":10,"turns":4},{"damage":0,"enemies":"Exordium Thugs","floor":13,"turns":3},{"damage":78,"enemies":"Slime Boss","floor":16,"turns":13},{"damage":27,"enemies":"3 Byrds","floor":18,"turns":6},{"damage":4,"enemies":"Spheric Guardian","floor":19,"turns":9},{"damage":8,"enemies":"Snake Plant","floor":20,"turns":4},{"damage":6,"enemies":"Centurion and Healer","floor":25,"turns":7},{"damage":0,"enemies":"Snecko","floor":27,"turns":6},{"damage":0,"enemies":"Cultist and Chosen","floor":29,"turns":6},{"damage":0,"enemies":"Snake Plant","floor":30,"turns":4},{"damage":69,"enemies":"Collector","floor":33,"turns":13},{"damage":7,"enemies":"3 Darklings","floor":35,"turns":7},{"damage":12,"enemies":"3 Shapes","floor":36,"turns":4},{"damage":5,"enemies":"Transient","floor":38,"turns":5},{"damage":92,"enemies":"Reptomancer","floor":41,"turns":6}],"seed_played":"8958977938832970392","potions_obtained":[{"floor":1,"key":"Swift Potion"},{"floor":3,"key":"Weak Potion"},{"floor":6,"key":"Regen Potion"},{"floor":13,"key":"FearPotion"},{"floor":16,"key":"SteroidPotion"},{"floor":25,"key":"Dexterity Potion"},{"floor":33,"key":"AttackPotion"}],"is_trial":false,"path_per_floor":["?","?","?","M","T","?","M"],"character_chosen":"IRONCLAD","items_purchased":["Corruption","Dropkick","Warcry"],"campfire_rested":4,"item_purchase_floors":[5,21,21],"current_hp_per_floor":[80,80,80,75,75,64,64,64,64,64,64,57,57,57,80,11,80,53,49,41,41,41,65,65,59,59,59,59,59,59,59,80,11,80,73,63,63,60,60,80,0],"gold":147,"neow_bonus":"BOSS_RELIC","is_prod":false,"is_daily":false,"chose_seed":false,"campfire_upgraded":2,"win_rate":0,"timestamp":1548828706,"path_taken":["M","M","M","M","$","E","R","M","T","M","R","?","M","$","R","BOSS","M","M","M","$","?","R","?","M","T","M","$","M","?","?","R","BOSS","M","M","?","?","$","R","E"],"build_version":"2019-01-23","purchased_purges":2,"victory":false,"max_hp_per_floor":[80,80,80,80,80,80,80,80,80,80,80,80,80,80,80,80,80,80,80,80,80,80,80,80,80,80,80,80,80,80,80,80,80,80,80,80,80,80,80,80,80],"card_choices":[{"not_picked":["Sever Soul"],"picked":"SKIP","floor":1},{"not_picked":["Cleave"],"picked":"SKIP","floor":2},{"not_picked":[],"picked":"Armaments","floor":3},{"not_picked":[],"picked":"Shrug It Off","floor":4},{"not_picked":["Clash"],"picked":"SKIP","floor":6},{"not_picked":["Sword Boomerang"],"picked":"SKIP","floor":8},{"not_picked":[],"picked":"Warcry","floor":10},{"not_picked":["Headbutt"],"picked":"SKIP","floor":13},{"not_picked":["Anger"],"picked":"SKIP","floor":18},{"not_picked":["Pommel Strike"],"picked":"SKIP","floor":19},{"not_picked":["Body Slam+1"],"picked":"SKIP","floor":20},{"not_picked":["Sword Boomerang"],"picked":"SKIP","floor":25},{"not_picked":["Anger"],"picked":"SKIP","floor":27},{"not_picked":["Shrug It Off"],"picked":"SKIP","floor":29},{"not_picked":["Offering"],"picked":"SKIP","floor":30},{"not_picked":["Armaments+1"],"picked":"SKIP","floor":35},{"not_picked":["Metallicize+1"],"picked":"SKIP","floor":36},{"not_picked":["Battle Trance+1"],"picked":"Thunderclap","floor":38}],"player_experience":13874,"relics_obtained":[{"floor":6,"key":"Bag of Marbles"},{"floor":9,"key":"Bottled Tornado"},{"floor":26,"key":"Ice Cream"},{"floor":31,"key":"Blood Vial"}],"event_choices":[{"cards_removed":["Strike_R"],"damage_healed":0,"gold_gain":0,"player_choice":"Card Removal","damage_taken":7,"max_hp_gain":0,"max_hp_loss":0,"event_name":"Golden Wing","floor":12,"gold_loss":0},{"damage_healed":0,"gold_gain":0,"player_choice":"Ignored","damage_taken":0,"max_hp_gain":0,"max_hp_loss":0,"event_name":"Cursed Tome","floor":22,"gold_loss":0},{"damage_healed":0,"gold_gain":0,"player_choice":"Ignored","damage_taken":0,"max_hp_gain":0,"max_hp_loss":0,"event_name":"NoteForYourself","floor":24,"gold_loss":0},{"damage_healed":0,"gold_gain":0,"player_choice":"Paid Gold","damage_taken":0,"relics_obtained":["Question Card"],"max_hp_gain":0,"max_hp_loss":0,"event_name":"WeMeetAgain","floor":37,"gold_loss":113}],"is_beta":false,"boss_relics":[{"not_picked":["Lizard Tail","Runic Cube"],"picked":"Runic Pyramid"},{"not_picked":["Velvet Choker","Coffee Dripper"],"picked":"Sozu"}],"items_purged_floors":[5,21],"is_endless":false,"potions_floor_spawned":[1,3,6,13,16,25,27,29,30,33,35,38],"killed_by":"Reptomancer","ascension_level":0}