{"gold_per_floor":[114,114,130,141,157,157,186,186,186,219,219,229,248,273,273,373,373,387,407,418,437,437,437,492,0,26,26,26],"floor_reached":28,"playtime":1567,"items_purged":[],"score":338,"play_id":"18487394-5310-4cf2-8ab1-4ec6d798e80e","local_time":"20190315015959","is_ascension_mode":true,"campfire_choices":[{"data":"Predator","floor":6,"key":"SMITH"},{"floor":8,"key":"REST"},{"floor":11,"key":"REST"},{"floor":15,"key":"REST"},{"floor":23,"key":"REST"}],"neow_cost":"NONE","seed_source_timestamp":463971100262770,"circlet_count":0,"master_deck":["Defend_G","Defend_G+1","Defend_G","Defend_G+1","Defend_G","Strike_G","Strike_G","Strike_G","Strike_G","Survivor","Neutralize","Blind","Deadly Poison","Wraith Form v2","Flechettes","Predator+1","Well Laid Plans","Glass Knife","Burst","Heel Hook+1","Catalyst","All Out Attack+1","Wraith Form v2","Bullet Time"],"relics":["Ring of the Snake","Vajra","Question Card","Unceasing Top","Calipers","Black Star","Tiny Chest","War Paint","Strawberry"],"potions_floor_usage":[16,21,24,24],"damage_taken":[{"damage":2,"enemies":"Jaw Worm","floor":1,"turns":4},{"damage":2,"enemies":"Cultist","floor":3,"turns":4},{"damage":1,"enemies":"2 Louse","floor":4,"turns":3},{"damage":4,"enemies":"Exordium Wildlife","floor":5,"turns":5},{"damage":27,"enemies":"3 Sentries","floor":7,"turns":7},{"damage":25,"enemies":"Lagavulin","floor":10,"turns":4},{"damage":6,"enemies":"3 Louse","floor":12,"turns":4},{"damage":0,"enemies":"2 Fungi Beasts","floor":13,"turns":3},{"damage":14,"enemies":"3 Sentries","floor":14,"turns":9},{"damage":34,"enemies":"The Guardian","floor":16,"turns":11},{"damage":9,"enemies":"3 Byrds","floor":18,"turns":5},{"damage":0,"enemies":"Chosen","floor":19,"turns":5},{"damage":25,"enemies":"Snecko","floor":20,"turns":7},{"damage":16,"enemies":"Shelled Parasite and Fungi","floor":21,"turns":5},{"damage":46,"enemies":"Book of Stabbing","floor":24,"turns":8},{"damage":10,"enemies":"Centurion and Healer","floor":28,"turns":7}],"seed_played":"-7777240101380336510","potions_obtained":[{"floor":1,"key":"Weak Potion"},{"floor":10,"key":"Block Potion"},{"floor":16,"key":"Poison Potion"},{"floor":19,"key":"GamblersBrew"}],"is_trial":false,"path_per_floor":["M","?","M","M","M","R","E","R","T","E","R","M","M","E","R","B",null,"M","M","M","M","?","R","E","?","T","$","M"],"character_chosen":"THE_SILENT","items_purchased":[],"campfire_rested":4,"item_purchase_floors":[],"current_hp_per_floor":[61,61,59,58,54,54,27,48,48,23,44,38,38,24,45,11,55,46,46,21,5,28,49,3,3,10,10,0],"gold":26,"neow_bonus":"RANDOM_COLORLESS","is_prod":false,"is_daily":false,"chose_seed":false,"campfire_upgraded":1,"win_rate":0,"timestamp":1552629599,"path_taken":["M","?","M","M","?","R","E","R","T","E","R","M","?","E","R","BOSS","M","M","M","M","?","R","E","?","T","?","M"],"build_version":"2019-01-23","purchased_purges":0,"victory":false,"max_hp_per_floor":[70,70,70,70,70,70,70,70,70,70,70,70,70,70,70,70,70,70,70,70,70,70,70,70,70,77,77,77],"card_choices":[{"not_picked":["Slice","Well Laid Plans"],"picked":"Deadly Poison","floor":1},{"not_picked":["Deflect","Dagger Spray"],"picked":"Flechettes","floor":3},{"not_picked":["All Out Attack","Quick Slash"],"picked":"Predator","floor":4},{"not_picked":["Backflip","Outmaneuver"],"picked":"Well Laid Plans","floor":5},{"not_picked":["Flying Knee","Backstab"],"picked":"Glass Knife","floor":7},{"not_picked":["Dagger Throw","Outmaneuver","Storm of Steel","Poisoned Stab"],"picked":"SKIP","floor":10},{"not_picked":["Acrobatics","Reflex","Riddle With Holes","Tactician"],"picked":"SKIP","floor":12},{"not_picked":["Dagger Spray","Deadly Poison","Prepared","Noxious Fumes"],"picked":"SKIP","floor":13},{"not_picked":["Concentrate","Terror","Outmaneuver","All Out Attack"],"picked":"SKIP","floor":14},{"not_picked":["Venomology","Tools of the Trade","Corpse Explosion"],"picked":"Burst","floor":16},{"not_picked":["Sucker Punch","Dagger Spray","Cloak And Dagger"],"picked":"Heel Hook+1","floor":18},{"not_picked":["Predator","Outmaneuver","Flying Knee"],"picked":"Catalyst","floor":19},{"not_picked":["Deadly Poison","Predator","Well Laid Plans"],"picked":"All Out Attack+1","floor":20},{"not_picked":["Backflip","Flying Knee+1","PiercingWail"],"picked":"Wraith Form v2","floor":21},{"not_picked":["Prepared+1","Cloak And Dagger","Deadly Poison"],"picked":"Bullet Time","floor":24}],"player_experience":294779,"relics_obtained":[{"floor":7,"key":"Vajra"},{"floor":9,"key":"Question Card"},{"floor":10,"key":"Unceasing Top"},{"floor":14,"key":"Calipers"},{"floor":24,"key":"Tiny Chest"},{"floor":24,"key":"War Paint"},{"floor":26,"key":"Strawberry"}],"event_choices":[{"damage_healed":0,"gold_gain":0,"cards_transformed":["Strike_G"],"player_choice":"Transformed","damage_taken":0,"max_hp_gain":0,"max_hp_loss":0,"event_name":"Transmorgrifier","floor":2,"gold_loss":0,"cards_obtained":["Wraith Form v2"]},{"damage_healed":23,"gold_gain":0,"player_choice":"Heal","damage_taken":0,"max_hp_gain":0,"max_hp_loss":0,"event_name":"The Library","floor":22,"gold_loss":0},{"damage_healed":0,"gold_gain":0,"player_choice":"Paid Fearfully","damage_taken":0,"max_hp_gain":0,"max_hp_loss":0,"event_name":"Masked Bandits","floor":25,"gold_loss":492}],"is_beta":false,"boss_relics":[{"not_picked":["Coffee Dripper","Pandora\u0027s Box"],"picked":"Black Star"}],"items_purged_floors":[],"is_endless":false,"potions_floor_spawned":[1,10,16,19],"killed_by":"Centurion and Healer","ascension_level":6}