{"gold_per_floor":[116,127,141,11,24,24,87,87,114,114,114,114,125,125,125,200,200,215,215,278,328,2,2],"floor_reached":23,"playtime":1074,"items_purged":["Strike_G"],"score":378,"play_id":"9c3f58f2-b703-4e63-9d9c-b4eda9f89222","local_time":"20190316093418","is_ascension_mode":true,"campfire_choices":[{"data":"Envenom","floor":6.0,"key":"SMITH"},{"floor":8.0,"key":"REST"},{"data":"Dagger Spray","floor":11.0,"key":"SMITH"},{"floor":15.0,"key":"REST"}],"neow_cost":"TEN_PERCENT_HP_LOSS","seed_source_timestamp":136704536237268,"circlet_count":0,"master_deck":["AscendersBane","Defend_G","Defend_G","Defend_G","Defend_G","Defend_G","Strike_G","Strike_G","Survivor+1","Neutralize","Envenom+1","Deadly Poison","Quick Slash+1","Flechettes","Deadly Poison","Dagger Spray+1","Terror","Corpse Explosion","Deflect","Footwork","Leg Sweep"],"special_seed":0,"relics":["Ring of the Snake","Tiny Chest","Centennial Puzzle","Black Star","SsserpentHead","Bottled Tornado","Regal Pillow"],"potions_floor_usage":[23,23],"damage_taken":[{"damage":1.0,"enemies":"Small Slimes","floor":1.0,"turns":4.0},{"damage":3.0,"enemies":"2 Louse","floor":2.0,"turns":3.0},{"damage":1.0,"enemies":"Cultist","floor":3.0,"turns":3.0},{"damage":10.0,"enemies":"Looter","floor":5.0,"turns":4.0},{"damage":28.0,"enemies":"3 Sentries","floor":7.0,"turns":9.0},{"damage":0.0,"enemies":"Exordium Thugs","floor":13.0,"turns":4.0},{"damage":24.0,"enemies":"Hexaghost","floor":16.0,"turns":8.0},{"damage":8.0,"enemies":"Shell Parasite","floor":18.0,"turns":7.0},{"damage":9.0,"enemies":"2 Thieves","floor":20.0,"turns":2.0},{"damage":31,"enemies":"Book of Stabbing","floor":23,"turns":5}],"seed_played":"1335242304931654132","potions_obtained":[{"floor":3.0,"key":"GhostInAJar"},{"floor":7.0,"key":"SteroidPotion"},{"floor":16.0,"key":"Block Potion"},{"floor":20.0,"key":"SneckoOil"}],"is_trial":false,"path_per_floor":["M","M","M","$","M","R","E","R","T","?","R","?","M","?","R","B",null,"M","?","M","T","$","E"],"character_chosen":"THE_SILENT","items_purchased":["Deadly Poison","GhostInAJar","Regal Pillow","Leg Sweep"],"campfire_rested":2,"item_purchase_floors":[4,22,22,22],"current_hp_per_floor":[58,55,54,54,44,44,16,34,34,27,27,27,27,9,27,3,46,38,38,29,29,29,0],"gold":2,"neow_bonus":"THREE_RARE_CARDS","is_prod":false,"is_daily":false,"chose_seed":false,"campfire_upgraded":2,"win_rate":0,"timestamp":1552754058,"path_taken":["M","M","M","$","M","R","E","R","T","?","R","?","?","?","R","BOSS","M","?","?","?","$","E"],"build_version":"2019-02-06","purchased_purges":1,"victory":false,"max_hp_per_floor":[60,60,60,60,60,60,60,60,60,60,60,60,60,60,60,60,60,60,60,60,60,60,60],"card_choices":[{"not_picked":["Wraith Form v2","A Thousand Cuts"],"picked":"Envenom","floor":0.0},{"not_picked":["Finisher","Cloak And Dagger"],"picked":"Deadly Poison","floor":1.0},{"not_picked":["Backflip","Underhanded Strike"],"picked":"Quick Slash","floor":2.0},{"not_picked":["Dodge and Roll","Quick Slash"],"picked":"Flechettes","floor":3.0},{"not_picked":["Phantasmal Killer","Bane","Flying Knee"],"picked":"SKIP","floor":5.0},{"not_picked":["Deflect","Blade Dance"],"picked":"Dagger Spray","floor":7.0},{"not_picked":["Blade Dance","Reflex","Acrobatics"],"picked":"SKIP","floor":13.0},{"not_picked":["Adrenaline","Die Die Die"],"picked":"Corpse Explosion","floor":16.0},{"not_picked":["Slice","Outmaneuver"],"picked":"Deflect","floor":18.0},{"not_picked":["Poisoned Stab","Finisher"],"picked":"Footwork","floor":20.0}],"player_experience":1377672,"relics_obtained":[{"floor":7.0,"key":"Tiny Chest"},{"floor":9.0,"key":"Centennial Puzzle"},{"floor":21.0,"key":"Bottled Tornado"}],"event_choices":[{"cards_removed":["Strike_G"],"damage_healed":0.0,"max_hp_gain":0.0,"max_hp_loss":0.0,"gold_gain":0.0,"event_name":"Golden Wing","player_choice":"Card Removal","floor":10.0,"gold_loss":0.0,"damage_taken":7.0},{"damage_healed":0.0,"max_hp_gain":0.0,"max_hp_loss":0.0,"gold_gain":0.0,"cards_transformed":["Strike_G"],"event_name":"Transmorgrifier","player_choice":"Transformed","floor":12.0,"gold_loss":0.0,"damage_taken":0.0,"cards_obtained":["Terror"]},{"damage_healed":0.0,"max_hp_gain":0.0,"max_hp_loss":0.0,"gold_gain":0.0,"event_name":"Shining Light","player_choice":"Entered Light","floor":14.0,"gold_loss":0.0,"damage_taken":18.0,"cards_upgraded":["Survivor","Quick Slash"]},{"damage_healed":0.0,"max_hp_gain":0.0,"max_hp_loss":0.0,"gold_gain":0.0,"event_name":"FaceTrader","player_choice":"Trade","floor":19.0,"gold_loss":0.0,"damage_taken":0.0,"relics_obtained":["SsserpentHead"]}],"is_beta":true,"boss_relics":[{"not_picked":["Eternal Feather","White Beast Statue"],"picked":"Black Star"}],"items_purged_floors":[4],"is_endless":false,"potions_floor_spawned":[3,7,16,20],"killed_by":"Book of Stabbing","ascension_level":20}