{"gold_per_floor":[110,110,122,138,3,3,16,16,16,16,36,92,153,103,103,202,202,202],"floor_reached":18,"playtime":1022,"items_purged":[],"score":326,"play_id":"da6e550a-fbc8-4a67-97fd-16d5cf667501","local_time":"20190208120804","is_ascension_mode":true,"campfire_choices":[{"data":"Glass Knife","floor":6.0,"key":"SMITH"},{"data":"Neutralize","floor":8.0,"key":"SMITH"},{"data":"Leg Sweep","floor":10.0,"key":"SMITH"},{"data":"Survivor","floor":15.0,"key":"SMITH"}],"neow_cost":"NONE","seed_source_timestamp":0,"circlet_count":0,"master_deck":["AscendersBane","Defend_G","Defend_G","Defend_G","Defend_G","Strike_G","Strike_G","Strike_G","Strike_G","Strike_G","Survivor+1","Neutralize+1","Backflip","Riddle With Holes","Leg Sweep+1","Glass Knife+1","Die Die Die","Terror+1","Backflip+1","Corpse Explosion+1"],"special_seed":0,"relics":["Ring of the Snake","NeowsBlessing","Toxic Egg 2","Unceasing Top","Tiny Chest","Snecko Eye"],"potions_floor_usage":[16,16],"damage_taken":[{"damage":0.0,"enemies":"2 Louse","floor":1.0,"turns":1.0},{"damage":0.0,"enemies":"Cultist","floor":3.0,"turns":1.0},{"damage":0.0,"enemies":"Jaw Worm","floor":4.0,"turns":1.0},{"damage":2.0,"enemies":"2 Fungi Beasts","floor":7.0,"turns":4.0},{"damage":0.0,"enemies":"3 Louse","floor":11.0,"turns":2.0},{"damage":1.0,"enemies":"Gremlin Nob","floor":12.0,"turns":3.0},{"damage":19.0,"enemies":"Gremlin Nob","floor":13.0,"turns":4.0},{"damage":0,"enemies":"The Guardian","floor":16,"turns":10},{"damage":14,"enemies":"Spheric Guardian","floor":18,"turns":6}],"seed_played":"122287504868106336","potions_obtained":[{"floor":1.0,"key":"Fruit Juice"},{"floor":2.0,"key":"EntropicBrew"},{"floor":2.0,"key":"Ancient Potion"},{"floor":11.0,"key":"GhostInAJar"},{"floor":13.0,"key":"Dexterity Potion"}],"is_trial":false,"path_per_floor":["M","?","M","M","$","R","M","R","T","R","M","?","E","?","R","B",null,"M"],"character_chosen":"THE_SILENT","items_purchased":["Glass Knife"],"campfire_rested":0,"item_purchase_floors":[5],"current_hp_per_floor":[63,68,68,68,68,68,66,66,66,66,66,65,46,46,46,46,68,54],"gold":202,"neow_bonus":"THREE_ENEMY_KILL","is_prod":false,"is_daily":false,"chose_seed":false,"campfire_upgraded":4,"win_rate":0,"timestamp":1549656484,"path_taken":["M","?","M","M","$","R","?","R","T","R","M","?","E","?","R","BOSS","M"],"build_version":"2019-01-23","purchased_purges":0,"victory":false,"max_hp_per_floor":[70,75,75,75,75,75,75,75,75,75,75,75,75,75,75,75,75,75],"card_choices":[{"not_picked":["Finisher","Catalyst"],"picked":"Backflip","floor":1.0},{"not_picked":["Distraction","Masterful Stab"],"picked":"Riddle With Holes","floor":3.0},{"not_picked":["Blade Dance","PiercingWail"],"picked":"Leg Sweep","floor":4.0},{"not_picked":["Concentrate","Outmaneuver"],"picked":"Die Die Die","floor":7.0},{"not_picked":["Backflip+1","Sucker Punch"],"picked":"Terror+1","floor":11.0},{"not_picked":["Heel Hook","Leg Sweep+1"],"picked":"Backflip+1","floor":12.0},{"not_picked":["Dodge and Roll+1","All Out Attack","Prepared+1"],"picked":"SKIP","floor":13.0},{"not_picked":["Tools of the Trade","Doppelganger+1"],"picked":"Corpse Explosion+1","floor":16}],"player_experience":407816,"relics_obtained":[{"floor":9.0,"key":"Toxic Egg 2"},{"floor":12.0,"key":"Unceasing Top"},{"floor":13.0,"key":"Tiny Chest"}],"event_choices":[{"damage_healed":0.0,"max_hp_gain":0.0,"max_hp_loss":0.0,"gold_gain":0.0,"event_name":"Lab","player_choice":"Got Potions","floor":2.0,"gold_loss":0.0,"damage_taken":0.0},{"damage_healed":0.0,"max_hp_gain":0.0,"max_hp_loss":0.0,"gold_gain":0.0,"event_name":"Dead Adventurer","player_choice":"Searched \u00271\u0027 times","floor":12.0,"gold_loss":0.0,"damage_taken":0.0},{"cards_removed":["Defend_G"],"damage_healed":0.0,"max_hp_gain":0.0,"max_hp_loss":0.0,"gold_gain":0.0,"event_name":"The Cleric","player_choice":"Card Removal","floor":14.0,"gold_loss":50.0,"damage_taken":0.0}],"is_beta":false,"boss_relics":[{"not_picked":["Runic Dome","HoveringKite"],"picked":"Snecko Eye"}],"items_purged_floors":[],"is_endless":false,"potions_floor_spawned":[1,4,11,13],"killed_by":"Spheric Guardian","ascension_level":11}