{"gold_per_floor":[116,136,61,74,86,116,116,127,127,158,158,191,46,46,46,174,174,187,187,187,197,72,72,97,97,123,151,13,32,32,32,32,32],"floor_reached":33,"playtime":6153,"items_purged":["Strike_B","Strike_B","Strike_B"],"score":401,"play_id":"d06a695d-19d9-4eaa-839e-7baaaef56114","local_time":"20190306232834","is_ascension_mode":true,"campfire_choices":[{"data":"Chaos","floor":7,"key":"SMITH"},{"floor":11,"key":"REST"},{"data":"Multi-Cast","floor":15,"key":"SMITH"},{"data":"Zap","floor":23,"key":"SMITH"},{"data":"Fission","floor":32,"key":"SMITH"}],"neow_cost":"NONE","seed_source_timestamp":1488445042329415,"circlet_count":0,"master_deck":["Strike_B+1","Defend_B+1","Defend_B+1","Defend_B+1","Defend_B+1","Zap+1","Dualcast","Multi-Cast+1","Chaos+1","Streamline","Auto Shields","Conserve Battery","Go for the Eyes+1","Steam","Coolheaded","Seek","Redo+1","Compile Driver+1","Coolheaded","Electrodynamics","Fission+1","Ghostly","Ghostly","Ghostly","Ghostly","Ghostly"],"relics":["Cracked Core","Pocketwatch","Shuriken","Cables","Darkstone Periapt","Bloody Idol","Sozu","Juzu Bracelet","Art of War","Whetstone"],"potions_floor_usage":[16,27],"damage_taken":[{"damage":2,"enemies":"2 Louse","floor":1,"turns":3},{"damage":3,"enemies":"Jaw Worm","floor":2,"turns":4},{"damage":0,"enemies":"Small Slimes","floor":4,"turns":3},{"damage":6,"enemies":"3 Louse","floor":5,"turns":4},{"damage":24,"enemies":"Lagavulin","floor":6,"turns":6},{"damage":6,"enemies":"Large Slime","floor":8,"turns":5},{"damage":10,"enemies":"3 Sentries","floor":10,"turns":8},{"damage":13,"enemies":"Gremlin Nob","floor":12,"turns":4},{"damage":6,"enemies":"Hexaghost","floor":16,"turns":10},{"damage":2,"enemies":"3 Byrds","floor":18,"turns":7},{"damage":0,"enemies":"Spheric Guardian","floor":21,"turns":3},{"damage":36,"enemies":"Gremlin Leader","floor":24,"turns":8},{"damage":19,"enemies":"Slavers","floor":27,"turns":8},{"damage":3,"enemies":"Centurion and Healer","floor":29,"turns":3},{"damage":40,"enemies":"Collector","floor":33,"turns":7}],"seed_played":"-2396498706943591659","potions_obtained":[{"floor":2,"key":"GamblersBrew"},{"floor":4,"key":"FearPotion"},{"floor":8,"key":"Strength Potion"},{"floor":10,"key":"Energy Potion"},{"floor":12,"key":"Poison Potion"}],"is_trial":false,"path_per_floor":["M","M","$","M","M","E","R","M","T","E","R","E","$","?","R","B",null,"M","?","?","M","$","R","E","?","T","E","$","M","?","?","R","B"],"character_chosen":"DEFECT","items_purchased":["Coolheaded","Electrodynamics"],"campfire_rested":1,"item_purchase_floors":[13,28],"current_hp_per_floor":[73,70,70,70,64,40,40,34,34,24,46,33,33,33,33,27,59,57,57,57,62,62,62,31,31,36,22,22,24,24,24,24,0],"gold":32,"neow_bonus":"ONE_RANDOM_RARE_CARD","is_prod":false,"is_daily":false,"chose_seed":false,"campfire_upgraded":4,"win_rate":0,"timestamp":1551932914,"path_taken":["M","M","$","M","M","E","R","M","T","E","R","E","$","?","R","BOSS","M","?","?","M","$","R","E","?","T","E","$","M","?","?","R","BOSS"],"build_version":"2019-01-23","purchased_purges":3,"victory":false,"max_hp_per_floor":[75,75,75,75,75,75,75,75,75,75,75,75,75,69,69,69,69,69,69,69,69,69,69,69,69,69,69,69,69,34,34,34,34],"card_choices":[{"not_picked":["Stack","Sweeping Beam","Scrape"],"picked":"SKIP","floor":1},{"not_picked":["Fusion","Steam"],"picked":"Chaos","floor":2},{"not_picked":["Genetic Algorithm","Hello World"],"picked":"Streamline","floor":4},{"not_picked":["Static Discharge","Skim"],"picked":"Auto Shields","floor":5},{"not_picked":["Genetic Algorithm","Turbo"],"picked":"Conserve Battery","floor":6},{"not_picked":["Coolheaded","Auto Shields"],"picked":"Go for the Eyes","floor":8},{"not_picked":["Redo","Sweeping Beam"],"picked":"Steam","floor":10},{"not_picked":["Steam","All For One","Conserve Battery"],"picked":"SKIP","floor":12},{"not_picked":["Reboot","Thunder Strike"],"picked":"Seek","floor":16},{"not_picked":["Compile Driver","Barrage"],"picked":"Redo+1","floor":18},{"not_picked":["Conserve Battery","Hello World","Redo"],"picked":"SKIP","floor":21},{"not_picked":["Static Discharge+1","Barrage","Ball Lightning"],"picked":"SKIP","floor":24},{"not_picked":["Steam Power","White Noise"],"picked":"Coolheaded","floor":27},{"not_picked":["Ball Lightning","Barrage"],"picked":"Fission","floor":29}],"player_experience":250479,"relics_obtained":[{"floor":6,"key":"Pocketwatch"},{"floor":9,"key":"Shuriken"},{"floor":10,"key":"Cables"},{"floor":12,"key":"Darkstone Periapt"},{"floor":24,"key":"Juzu Bracelet"},{"floor":26,"key":"Art of War"},{"floor":27,"key":"Whetstone"}],"event_choices":[{"damage_healed":0,"gold_gain":0,"player_choice":"Lose Max HP","damage_taken":0,"relics_obtained":["Golden Idol"],"max_hp_gain":0,"max_hp_loss":6,"event_name":"Golden Idol","floor":14,"gold_loss":0},{"damage_healed":0,"gold_gain":0,"player_choice":"Read","damage_taken":0,"max_hp_gain":0,"max_hp_loss":0,"event_name":"The Library","floor":19,"gold_loss":0,"cards_obtained":["Compile Driver"]},{"damage_healed":0,"gold_gain":0,"player_choice":"Gave Idol","damage_taken":0,"relics_obtained":["Bloody Idol"],"max_hp_gain":0,"max_hp_loss":0,"event_name":"Forgotten Altar","floor":20,"relics_lost":["Golden Idol"],"gold_loss":0},{"damage_healed":0,"gold_gain":0,"player_choice":"Simplicity","damage_taken":0,"max_hp_gain":0,"max_hp_loss":0,"event_name":"Back to Basics","floor":25,"gold_loss":0,"cards_upgraded":["Strike_B","Defend_B","Defend_B","Defend_B","Defend_B"]},{"damage_healed":0,"gold_gain":0,"player_choice":"Became a Ghost","damage_taken":0,"max_hp_gain":0,"max_hp_loss":35,"event_name":"Ghosts","floor":30,"gold_loss":0,"cards_obtained":["Ghostly","Ghostly","Ghostly","Ghostly","Ghostly"]},{"damage_healed":0,"gold_gain":0,"player_choice":"Ignored","damage_taken":0,"max_hp_gain":0,"max_hp_loss":0,"event_name":"Cursed Tome","floor":31,"gold_loss":0}],"is_beta":false,"boss_relics":[{"not_picked":["Velvet Choker","Eternal Feather"],"picked":"Sozu"}],"items_purged_floors":[3,13,22],"is_endless":false,"potions_floor_spawned":[2,4,8,10,12,29],"killed_by":"Collector","ascension_level":5}