{"gold_per_floor":[115,132,143,163,178,206,206,232,232,232,266,216,216,230,230,334,334,347,446,459,477,477,477,497,497,497,508,521,521,539,557,557,653,653,665,193,210,225,245,276,276,308,308,320,320,320,420,58,58,58,58,58,21,53,53],"floor_reached":55,"playtime":4418,"items_purged":["Bite","Venomology"],"score":728,"play_id":"010449df-f042-4d99-bd7d-13be94cf1662","local_time":"20190224202918","is_ascension_mode":false,"campfire_choices":[{"data":"Footwork","floor":7.0,"key":"SMITH"},{"data":"Neutralize","floor":10.0,"key":"SMITH"},{"data":"Dagger Spray","floor":13.0,"key":"SMITH"},{"data":"Skewer","floor":15.0,"key":"SMITH"},{"data":"Backflip","floor":23.0,"key":"SMITH"},{"data":"Caltrops","floor":25.0,"key":"SMITH"},{"data":"Bite","floor":29.0,"key":"SMITH"},{"floor":32.0,"key":"RECALL"},{"floor":41.0,"key":"REST"},{"data":"Footwork","floor":45,"key":"SMITH"},{"data":"After Image","floor":49,"key":"SMITH"},{"data":"Envenom","floor":52,"key":"SMITH"}],"neow_cost":"NONE","seed_source_timestamp":31268407488200,"circlet_count":0,"master_deck":["Defend_G","Defend_G","Defend_G","Defend_G","Defend_G","Survivor","Neutralize+1","Footwork+1","Dagger Spray+1","Skewer+1","PiercingWail","After Image+1","Backflip+1","PiercingWail","Bite+1","Bite","Bite+1","Bite+1","Caltrops+1","Cloak And Dagger","Envenom+1","Bane+1","Footwork+1","Night Terror","Noxious Fumes+1","Caltrops+1","Choke+1","Footwork+1","Apotheosis","Bane+1","Adrenaline","Leg Sweep","Terror"],"special_seed":0,"relics":["Ring of the Snake","Regal Pillow","Centennial Puzzle","Paper Crane","Bird Faced Urn","Velvet Choker","Lantern","Cursed Key","Medical Kit","Tingsha","Art of War","Turnip","Whetstone"],"potions_floor_usage":[50,54,54],"damage_taken":[{"damage":0.0,"enemies":"Small Slimes","floor":1.0,"turns":5.0},{"damage":0.0,"enemies":"Jaw Worm","floor":2.0,"turns":5.0},{"damage":0.0,"enemies":"2 Louse","floor":3.0,"turns":3.0},{"damage":2.0,"enemies":"Looter","floor":4.0,"turns":4.0},{"damage":1.0,"enemies":"Exordium Wildlife","floor":5.0,"turns":2.0},{"damage":16.0,"enemies":"Gremlin Nob","floor":6.0,"turns":5.0},{"damage":17.0,"enemies":"Lagavulin","floor":8.0,"turns":12.0},{"damage":7.0,"enemies":"3 Sentries","floor":11.0,"turns":11.0},{"damage":0.0,"enemies":"Blue Slaver","floor":14.0,"turns":6.0},{"damage":23.0,"enemies":"Slime Boss","floor":16.0,"turns":16.0},{"damage":12.0,"enemies":"Chosen","floor":18.0,"turns":8.0},{"damage":0.0,"enemies":"3 Byrds","floor":20.0,"turns":6.0},{"damage":9.0,"enemies":"Snecko","floor":21.0,"turns":4.0},{"damage":11.0,"enemies":"Snake Plant","floor":24.0,"turns":6.0},{"damage":12.0,"enemies":"Cultist and Chosen","floor":27.0,"turns":7.0},{"damage":3.0,"enemies":"3 Cultists","floor":28.0,"turns":5.0},{"damage":3.0,"enemies":"Centurion and Healer","floor":30.0,"turns":10.0},{"damage":5.0,"enemies":"Sentry and Sphere","floor":31.0,"turns":5.0},{"damage":44.0,"enemies":"Collector","floor":33.0,"turns":12.0},{"damage":30.0,"enemies":"3 Darklings","floor":35.0,"turns":7.0},{"damage":0.0,"enemies":"Orb Walker","floor":37.0,"turns":4.0},{"damage":18.0,"enemies":"Sphere and 2 Shapes","floor":38.0,"turns":8.0},{"damage":0.0,"enemies":"Transient","floor":39.0,"turns":5.0},{"damage":60.0,"enemies":"Nemesis","floor":40.0,"turns":9.0},{"damage":17.0,"enemies":"Reptomancer","floor":42.0,"turns":7.0},{"damage":11,"enemies":"Spire Growth","floor":44,"turns":5},{"damage":31,"enemies":"Mind Bloom Boss Battle","floor":47,"turns":8},{"damage":49,"enemies":"Donu and Deca","floor":50,"turns":10},{"damage":25,"enemies":"Shield and Spear","floor":54,"turns":11},{"damage":86,"enemies":"The Heart","floor":55,"turns":3}],"seed_played":"-2055876805385933683","potions_obtained":[{"floor":1.0,"key":"SteroidPotion"},{"floor":4.0,"key":"SkillPotion"},{"floor":6.0,"key":"SpeedPotion"},{"floor":14.0,"key":"Swift Potion"},{"floor":21.0,"key":"FearPotion"},{"floor":24.0,"key":"GhostInAJar"},{"floor":33.0,"key":"Swift Potion"},{"floor":42.0,"key":"GamblersBrew"},{"floor":44,"key":"Fire Potion"}],"is_trial":false,"path_per_floor":["?","?","?","?","?"],"character_chosen":"THE_SILENT","items_purchased":["Footwork","Medical Kit","Night Terror","EssenceOfSteel","Swift Potion","Adrenaline","Leg Sweep"],"campfire_rested":1,"item_purchase_floors":[36,36,36,48,48,48,53],"current_hp_per_floor":[70,70,70,68,67,51,51,34,34,34,27,27,27,29,29,10,70,58,58,62,53,49,49,38,38,38,43,48,48,49,46,46,36,49,40,40,49,38,49,28,49,49,49,43,43,43,46,46,46,20,49,49,49,49,0],"gold":53,"neow_bonus":"RANDOM_COMMON_RELIC","is_prod":false,"is_daily":false,"chose_seed":false,"campfire_upgraded":10,"win_rate":0,"timestamp":1551058158,"path_taken":["M","M","M","M","M","E","R","E","T","R","E","?","R","M","R","BOSS","M","?","M","M","?","R","M","R","T","M","M","R","M","M","R","BOSS","M","$","M","M","M","E","R","E","T","M","R","?","?","$","R","BOSS","R","$","E","BOSS"],"build_version":"2019-01-23","purchased_purges":2,"victory":false,"max_hp_per_floor":[70,70,70,70,70,70,70,70,70,70,70,70,70,70,70,70,70,70,70,70,70,49,49,49,49,49,49,49,49,49,49,49,49,49,49,49,49,49,49,49,49,49,49,49,49,49,49,49,49,49,49,49,49,49,49],"card_choices":[{"not_picked":["Predator","Deadly Poison"],"picked":"Footwork","floor":1.0},{"not_picked":["Outmaneuver","Tactician","Blade Dance"],"picked":"SKIP","floor":2.0},{"not_picked":["Deadly Poison","Blade Dance"],"picked":"Dagger Spray","floor":3.0},{"not_picked":["Outmaneuver","Prepared","Acrobatics"],"picked":"SKIP","floor":4.0},{"not_picked":["Choke","Acrobatics","Quick Slash"],"picked":"SKIP","floor":5.0},{"not_picked":["Poisoned Stab","Quick Slash"],"picked":"Venomology","floor":6.0},{"not_picked":["Dagger Throw","Tactician","Doppelganger"],"picked":"SKIP","floor":8.0},{"not_picked":["All Out Attack","Grand Finale"],"picked":"Skewer","floor":11.0},{"not_picked":["Deflect","Sucker Punch"],"picked":"PiercingWail","floor":14.0},{"not_picked":["Unload","Die Die Die"],"picked":"After Image","floor":16.0},{"not_picked":["Bane","Outmaneuver","Skewer"],"picked":"SKIP","floor":18.0},{"not_picked":["Slice+1","Prepared"],"picked":"Backflip","floor":20.0},{"not_picked":["Endless Agony","Concentrate+1"],"picked":"PiercingWail","floor":21.0},{"not_picked":["Deadly Poison+1","Poisoned Stab"],"picked":"Caltrops","floor":24.0},{"not_picked":["Predator","Masterful Stab","Tactician"],"picked":"SKIP","floor":27.0},{"not_picked":["Dagger Throw","Masterful Stab+1","Bouncing Flask"],"picked":"SKIP","floor":28.0},{"not_picked":["Unload","Flying Knee+1"],"picked":"Cloak And Dagger","floor":30.0},{"not_picked":["Endless Agony","Bane","Deflect+1"],"picked":"SKIP","floor":31.0},{"not_picked":["Tools of the Trade","Grand Finale"],"picked":"Envenom","floor":33.0},{"not_picked":["Dagger Spray+1","Underhanded Strike+1"],"picked":"Bane+1","floor":35.0},{"not_picked":["Concentrate","Quick Slash","Skewer+1"],"picked":"SKIP","floor":37.0},{"not_picked":["Prepared","Acrobatics+1"],"picked":"Noxious Fumes+1","floor":38.0},{"not_picked":["Bane","PiercingWail"],"picked":"Caltrops+1","floor":39.0},{"not_picked":["Finisher+1","Concentrate+1","Cloak And Dagger"],"picked":"SKIP","floor":40.0},{"not_picked":["Corpse Explosion","Dagger Throw+1"],"picked":"Choke+1","floor":42.0},{"not_picked":["Acrobatics+1","Underhanded Strike"],"picked":"Footwork+1","floor":44},{"not_picked":["Impatience","Violence"],"picked":"Apotheosis","floor":46},{"not_picked":["Predator","Sucker Punch"],"picked":"Bane+1","floor":47},{"not_picked":["Dagger Spray","Slice+1"],"picked":"Terror","floor":54}],"player_experience":153067,"relics_obtained":[{"floor":6.0,"key":"Centennial Puzzle"},{"floor":8.0,"key":"Paper Crane"},{"floor":11.0,"key":"Bird Faced Urn"},{"floor":26.0,"key":"Lantern"},{"floor":40.0,"key":"Tingsha"},{"floor":42.0,"key":"Art of War"},{"floor":47,"key":"Turnip"},{"floor":54,"key":"Whetstone"}],"event_choices":[{"cards_removed":["Strike_G"],"damage_healed":0.0,"max_hp_gain":0.0,"max_hp_loss":0.0,"gold_gain":0.0,"event_name":"The Cleric","player_choice":"Card Removal","floor":12.0,"gold_loss":50.0,"damage_taken":0.0},{"damage_healed":0.0,"max_hp_gain":0.0,"max_hp_loss":0.0,"gold_gain":99.0,"event_name":"Nest","player_choice":"Stole From Cult","floor":19.0,"gold_loss":0.0,"damage_taken":0.0},{"damage_healed":0.0,"max_hp_gain":0.0,"max_hp_loss":21.0,"gold_gain":0.0,"event_name":"Vampires","player_choice":"Became a vampire","floor":22.0,"gold_loss":0.0,"damage_taken":0.0,"cards_obtained":["Bite","Bite","Bite","Bite","Bite"]},{"damage_healed":0,"gold_gain":0,"player_choice":"Memory 1","damage_taken":0,"max_hp_gain":0,"max_hp_loss":0,"event_name":"SensoryStone","floor":46,"gold_loss":0},{"damage_healed":0,"gold_gain":0,"player_choice":"Fight","damage_taken":0,"max_hp_gain":0,"max_hp_loss":0,"event_name":"MindBloom","floor":47,"gold_loss":0}],"is_beta":false,"boss_relics":[{"not_picked":["Orrery","HoveringKite"],"picked":"Velvet Choker"},{"not_picked":["Empty Cage","Busted Crown"],"picked":"Cursed Key"}],"items_purged_floors":[36,48],"is_endless":false,"potions_floor_spawned":[1,4,6,14,21,24,27,30,33,38,42,44],"killed_by":"The Heart","ascension_level":0}