{"gold_per_floor":[114,114,114,8,23,57,78,105,131,150,163,183,183,196,196,317,317,333,353,205,205,230,265,265,298,337,349,381,393,448,483,495,637,649,679,816,894,906,303,303,322,322,322,322,338,379,402,423,423,423],"floor_reached":51,"playtime":4985,"items_purged":["Strike_G","Strike_G"],"score":912,"play_id":"5309c14e-0e30-40e8-a9ef-8953be4aaacc","local_time":"20190306105445","is_ascension_mode":true,"campfire_choices":[{"floor":13,"key":"REST"},{"data":"Catalyst","floor":15,"key":"SMITH"},{"floor":24,"key":"REST"},{"floor":29,"key":"REST"},{"data":"Noxious Fumes","floor":32,"key":"SMITH"},{"data":"Strike_G","floor":40,"key":"PURGE"},{"floor":44,"key":"REST"},{"data":"Strike_G","floor":49,"key":"PURGE"}],"neow_cost":"NONE","seed_source_timestamp":1444402115915610,"circlet_count":0,"master_deck":["Defend_G","Defend_G","Defend_G","Defend_G+1","Defend_G","Strike_G+1","Survivor","Neutralize+1","Predator","Catalyst+1","Well Laid Plans","Poisoned Stab","Deadly Poison","Dodge and Roll","Blur","Adrenaline","Leg Sweep","Bullet Time","Bouncing Flask","Deadly Poison+1","Noxious Fumes+1","Cloak And Dagger+1","PiercingWail+1","Night Terror","Adrenaline","Secret Technique","Catalyst+1","Crippling Poison"],"relics":["Ring of the Snake","Golden Idol","Lantern","Centennial Puzzle","Potion Belt","Runic Pyramid","Du-Vu Doll","Art of War","MawBank","Vajra","Orichalcum","White Beast Statue","StoneCalendar","Prayer Wheel","Peace Pipe","DollysMirror","Ancient Tea Set"],"potions_floor_usage":[6,16,23,36,37,48,50,50,50,50,50],"damage_taken":[{"damage":2,"enemies":"Jaw Worm","floor":1,"turns":6},{"damage":0,"enemies":"2 Louse","floor":5,"turns":2},{"damage":34,"enemies":"Gremlin Nob","floor":6,"turns":5},{"damage":0,"enemies":"Cultist","floor":7,"turns":2},{"damage":0,"enemies":"3 Louse","floor":10,"turns":2},{"damage":0,"enemies":"2 Fungi Beasts","floor":11,"turns":3},{"damage":0,"enemies":"Exordium Wildlife","floor":12,"turns":3},{"damage":0,"enemies":"Blue Slaver","floor":14,"turns":4},{"damage":9,"enemies":"Hexaghost","floor":16,"turns":10},{"damage":19,"enemies":"Chosen","floor":18,"turns":6},{"damage":1,"enemies":"Shell Parasite","floor":19,"turns":5},{"damage":6,"enemies":"Chosen and Byrds","floor":22,"turns":5},{"damage":18,"enemies":"Gremlin Leader","floor":23,"turns":5},{"damage":7,"enemies":"Book of Stabbing","floor":25,"turns":5},{"damage":2,"enemies":"Cultist and Chosen","floor":28,"turns":4},{"damage":0,"enemies":"Gremlin Leader","floor":30,"turns":4},{"damage":0,"enemies":"Centurion and Healer","floor":31,"turns":6},{"damage":3,"enemies":"Collector","floor":33,"turns":4},{"damage":0,"enemies":"3 Shapes","floor":35,"turns":4},{"damage":0,"enemies":"Mind Bloom Boss Battle","floor":36,"turns":6},{"damage":36,"enemies":"2 Orb Walkers","floor":37,"turns":5},{"damage":2,"enemies":"3 Darklings","floor":41,"turns":5},{"damage":7,"enemies":"Spire Growth","floor":45,"turns":4},{"damage":9,"enemies":"Reptomancer","floor":46,"turns":3},{"damage":12,"enemies":"4 Shapes","floor":47,"turns":4},{"damage":3,"enemies":"Jaw Worm Horde","floor":48,"turns":5},{"damage":8,"enemies":"Time Eater","floor":50,"turns":4}],"seed_played":"-6007204043961172344","potions_obtained":[{"floor":1,"key":"GhostInAJar"},{"floor":5,"key":"Weak Potion"},{"floor":7,"key":"GhostInAJar"},{"floor":12,"key":"EssenceOfSteel"},{"floor":18,"key":"SteroidPotion"},{"floor":22,"key":"EssenceOfSteel"},{"floor":25,"key":"EntropicBrew"},{"floor":31,"key":"GhostInAJar"},{"floor":33,"key":"FairyPotion"},{"floor":36,"key":"Regen Potion"},{"floor":37,"key":"Explosive Potion"},{"floor":48,"key":"AttackPotion"}],"is_trial":false,"path_per_floor":["M","?","?","$","M","E","M","T","T","M","M","M","R","M","R","B",null,"M","M","$","T","M","E","R","E","T","?","M","R","E","M","R","B",null,"M","?","?","?","$","R","M","?","T","R","M","E","M","M","R","B",null],"character_chosen":"THE_SILENT","items_purchased":["Catalyst","Well Laid Plans","Noxious Fumes","Peace Pipe","DollysMirror"],"campfire_rested":4,"item_purchase_floors":[4,4,20,39,39],"current_hp_per_floor":[68,54,54,54,54,20,20,20,20,20,20,20,39,39,39,30,65,46,45,45,45,39,21,40,33,33,33,31,50,50,50,50,47,65,65,65,29,29,29,29,27,27,27,46,39,30,18,29,29,21],"gold":423,"neow_bonus":"UPGRADE_CARD","is_prod":false,"is_daily":false,"chose_seed":false,"campfire_upgraded":2,"win_rate":0,"timestamp":1551887685,"path_taken":["M","?","?","$","M","E","M","?","T","M","?","M","R","M","R","BOSS","M","M","$","?","M","E","R","E","T","?","M","R","E","M","R","BOSS","M","?","?","?","$","R","M","?","T","R","M","E","?","M","R","BOSS"],"build_version":"2019-01-23","purchased_purges":2,"victory":true,"max_hp_per_floor":[70,70,65,65,65,65,65,65,65,65,65,65,65,65,65,65,65,65,65,65,65,65,65,65,65,65,65,65,65,65,65,65,65,65,65,65,65,65,65,65,65,65,65,65,65,65,65,65,65,65],"card_choices":[{"not_picked":["Bouncing Flask","Outmaneuver"],"picked":"Predator","floor":1},{"not_picked":["All Out Attack","Heel Hook","Infinite Blades"],"picked":"SKIP","floor":5},{"not_picked":["PiercingWail","Flying Knee"],"picked":"Poisoned Stab","floor":6},{"not_picked":["Dodge and Roll","Tactician"],"picked":"Deadly Poison","floor":7},{"not_picked":["Outmaneuver","Acrobatics"],"picked":"Dodge and Roll","floor":10},{"not_picked":["Prepared","Dagger Spray"],"picked":"Blur","floor":11},{"not_picked":["Backflip","Cloak And Dagger"],"picked":"Adrenaline","floor":12},{"not_picked":["Poisoned Stab","Prepared"],"picked":"Leg Sweep","floor":14},{"not_picked":["Storm of Steel","Unload"],"picked":"Bullet Time","floor":16},{"not_picked":["Dodge and Roll+1","Prepared"],"picked":"Bouncing Flask","floor":18},{"not_picked":["Slice","Expertise"],"picked":"Deadly Poison+1","floor":19},{"not_picked":["Terror","Deadly Poison","Flying Knee"],"picked":"SKIP","floor":22},{"not_picked":["Deflect","Calculated Gamble"],"picked":"Cloak And Dagger+1","floor":23},{"not_picked":["Dagger Throw","Acrobatics","Riddle With Holes+1"],"picked":"SKIP","floor":25},{"not_picked":["Cloak And Dagger+1","Calculated Gamble","Dodge and Roll"],"picked":"SKIP","floor":28},{"not_picked":["Flying Knee","Dagger Throw"],"picked":"PiercingWail+1","floor":30},{"not_picked":["PiercingWail","Blade Dance"],"picked":"Night Terror","floor":31},{"not_picked":["Phantasmal Killer","Night Terror"],"picked":"Adrenaline","floor":33},{"not_picked":["Backflip","Distraction","Underhanded Strike"],"picked":"SKIP","floor":35},{"not_picked":["Mind Blast","Bandage Up"],"picked":"Secret Technique","floor":38},{"not_picked":["Tactician","Well Laid Plans+1"],"picked":"Crippling Poison","floor":41},{"not_picked":["Underhanded Strike","Deadly Poison","Dodge and Roll+1"],"picked":"SKIP","floor":41},{"not_picked":["Backflip+1","Bouncing Flask+1","Deflect+1"],"picked":"SKIP","floor":45},{"not_picked":["Acrobatics+1","Backflip","Deadly Poison+1"],"picked":"SKIP","floor":45},{"not_picked":["Choke","Eviscerate+1","Bullet Time"],"picked":"SKIP","floor":46},{"not_picked":["Catalyst","Dagger Spray","Flying Knee"],"picked":"SKIP","floor":47},{"not_picked":["Underhanded Strike+1","Deadly Poison","Deflect+1"],"picked":"SKIP","floor":47},{"not_picked":["All Out Attack+1","Sucker Punch","Cloak And Dagger+1"],"picked":"SKIP","floor":48},{"not_picked":["Acrobatics+1","Riddle With Holes","Catalyst"],"picked":"SKIP","floor":48}],"player_experience":241036,"relics_obtained":[{"floor":6,"key":"Lantern"},{"floor":8,"key":"Centennial Puzzle"},{"floor":9,"key":"Potion Belt"},{"floor":21,"key":"Du-Vu Doll"},{"floor":23,"key":"Art of War"},{"floor":25,"key":"MawBank"},{"floor":26,"key":"Vajra"},{"floor":30,"key":"Orichalcum"},{"floor":36,"key":"StoneCalendar"},{"floor":37,"key":"Prayer Wheel"},{"floor":46,"key":"Ancient Tea Set"}],"event_choices":[{"damage_healed":0,"gold_gain":0,"player_choice":"Entered Light","damage_taken":14,"max_hp_gain":0,"max_hp_loss":0,"event_name":"Shining Light","floor":2,"gold_loss":0,"cards_upgraded":["Strike_G","Defend_G"]},{"damage_healed":0,"gold_gain":0,"player_choice":"Lose Max HP","damage_taken":0,"relics_obtained":["Golden Idol"],"max_hp_gain":0,"max_hp_loss":5,"event_name":"Golden Idol","floor":3,"gold_loss":0},{"damage_healed":0,"gold_gain":0,"player_choice":"Ignored","damage_taken":0,"max_hp_gain":0,"max_hp_loss":0,"event_name":"The Mausoleum","floor":27,"gold_loss":0},{"damage_healed":0,"gold_gain":0,"player_choice":"Fight","damage_taken":0,"max_hp_gain":0,"max_hp_loss":0,"event_name":"MindBloom","floor":36,"gold_loss":0},{"damage_healed":0,"gold_gain":0,"player_choice":"Fight","damage_taken":0,"max_hp_gain":0,"max_hp_loss":0,"event_name":"Mysterious Sphere","floor":37,"gold_loss":0},{"damage_healed":0,"gold_gain":0,"player_choice":"Memory 1","damage_taken":0,"max_hp_gain":0,"max_hp_loss":0,"event_name":"SensoryStone","floor":38,"gold_loss":0},{"damage_healed":0,"gold_gain":0,"player_choice":"Ignored","damage_taken":0,"max_hp_gain":0,"max_hp_loss":0,"event_name":"Tomb of Lord Red Mask","floor":42,"gold_loss":0}],"is_beta":false,"boss_relics":[{"not_picked":["Snecko Eye","Tiny House"],"picked":"Runic Pyramid"},{"not_picked":["Astrolabe","Velvet Choker"],"picked":"White Beast Statue"}],"items_purged_floors":[20,39],"is_endless":false,"potions_floor_spawned":[1,5,7,12,18,22,25,31,33,35,36,37,41,45,46,47,48],"ascension_level":4}