{"gold_per_floor":[112,112,123,137,312,312,312,329,329,362,375,75,25,25,25,121,121,136,136,235,235,250,250,261,292,317,317,317],"floor_reached":28,"playtime":740,"items_purged":["Doubt"],"score":279,"play_id":"4009fc1c-e6e4-42f4-bc50-3db5754972ac","local_time":"20190111003056","is_ascension_mode":true,"campfire_choices":[{"data":"Zap","floor":6,"key":"SMITH"},{"floor":15,"key":"REST"},{"floor":23,"key":"REST"},{"floor":27,"key":"REST"}],"neow_cost":"NONE","seed_source_timestamp":105936348072869,"circlet_count":0,"master_deck":["Strike_B+1","Strike_B+1","Strike_B+1","Defend_B","Defend_B","Defend_B+1","Zap+1","Dualcast+1","Gash+1","White Noise","Streamline","Redo","Storm","Echo Form","Glacier","Self Repair","Echo Form","Steam Power","Conserve Battery","Sweeping Beam"],"relics":["Cracked Core","Whetstone","Symbiotic Virus","War Paint","Lantern","Sozu","Kunai","Red Mask","Oddly Smooth Stone"],"potions_floor_usage":[10,10,16],"damage_taken":[{"damage":2,"enemies":"2 Louse","floor":1,"turns":2},{"damage":5,"enemies":"Cultist","floor":3,"turns":4},{"damage":8,"enemies":"Jaw Worm","floor":4,"turns":3},{"damage":14,"enemies":"Exordium Wildlife","floor":8,"turns":3},{"damage":9,"enemies":"Lagavulin","floor":10,"turns":4},{"damage":3,"enemies":"Large Slime","floor":11,"turns":4},{"damage":0,"enemies":"Slime Boss","floor":16,"turns":5},{"damage":26,"enemies":"Shell Parasite","floor":18,"turns":5},{"damage":30,"enemies":"Spheric Guardian","floor":22,"turns":4},{"damage":16,"enemies":"3 Cultists","floor":24,"turns":5},{"damage":38,"enemies":"Masked Bandits","floor":25,"turns":5},{"damage":42,"enemies":"Gremlin Leader","floor":28,"turns":3}],"seed_played":"-2346331722242860461","potions_obtained":[{"floor":1,"key":"Fire Potion"},{"floor":3,"key":"AttackPotion"},{"floor":11,"key":"Strength Potion"}],"is_trial":false,"path_per_floor":["M","?","M","M","?","R","T","M","T","E","M","$","?","?","R","B",null,"M","?","?","?","M","R","M","?","T","R","E"],"character_chosen":"DEFECT","items_purchased":["Lantern","Storm"],"campfire_rested":3,"item_purchase_floors":[12,12],"current_hp_per_floor":[80,80,75,67,67,67,67,53,53,44,41,41,41,25,49,49,82,56,56,56,56,26,50,41,10,10,34,0],"gold":317,"neow_bonus":"TEN_PERCENT_HP_BONUS","is_prod":false,"is_daily":false,"chose_seed":false,"campfire_upgraded":1,"win_rate":0,"timestamp":1547134256,"path_taken":["M","?","M","?","?","R","?","M","T","E","?","$","?","?","R","BOSS","M","?","?","?","M","R","M","?","T","R","E"],"build_version":"2019-01-03v4","purchased_purges":1,"victory":false,"max_hp_per_floor":[82,82,82,82,82,82,82,82,82,82,82,82,82,82,82,82,82,82,82,82,82,82,82,82,82,82,82,82],"card_choices":[{"not_picked":["Doom and Gloom","Steam"],"picked":"Gash","floor":1},{"not_picked":["Blizzard","Reinforced Body","Leap"],"picked":"SKIP","floor":3},{"not_picked":["Coolheaded","Hello World"],"picked":"White Noise","floor":4},{"not_picked":["Redo","Turbo"],"picked":"Cold Snap","floor":8},{"not_picked":["Force Field","Rebound"],"picked":"Streamline","floor":10},{"not_picked":["Hologram","Blizzard"],"picked":"Redo","floor":11},{"not_picked":["Reboot","Fission"],"picked":"Echo Form","floor":16},{"not_picked":["Coolheaded","Genetic Algorithm"],"picked":"Glacier","floor":18},{"not_picked":["Undo","Stack"],"picked":"Steam Power","floor":22},{"not_picked":["Leap","Static Discharge"],"picked":"Conserve Battery","floor":24},{"not_picked":["Hello World+1","Glacier"],"picked":"Sweeping Beam","floor":25}],"player_experience":381827,"relics_obtained":[{"floor":7,"key":"Whetstone"},{"floor":9,"key":"Symbiotic Virus"},{"floor":10,"key":"War Paint"},{"floor":25,"key":"Red Mask"},{"floor":26,"key":"Oddly Smooth Stone"}],"event_choices":[{"damage_healed":0,"gold_gain":0,"player_choice":"Bought 0 Potions","damage_taken":0,"max_hp_gain":0,"max_hp_loss":0,"event_name":"The Woman in Blue","floor":2,"gold_loss":0},{"damage_healed":0,"gold_gain":175,"player_choice":"AGREE","damage_taken":0,"max_hp_gain":0,"max_hp_loss":0,"event_name":"Liars Game","floor":5,"gold_loss":0,"cards_obtained":["Doubt"]},{"cards_removed":["Strike_B"],"damage_healed":0,"gold_gain":0,"player_choice":"Card Removal","damage_taken":0,"max_hp_gain":0,"max_hp_loss":0,"event_name":"The Cleric","floor":13,"gold_loss":50},{"damage_healed":0,"gold_gain":0,"player_choice":"Entered Light","damage_taken":16,"max_hp_gain":0,"max_hp_loss":0,"event_name":"Shining Light","floor":14,"gold_loss":0,"cards_upgraded":["Gash","Strike_B"]},{"damage_healed":0,"gold_gain":0,"player_choice":"Opened","damage_taken":0,"relics_obtained":["Kunai"],"max_hp_gain":0,"max_hp_loss":0,"event_name":"The Mausoleum","floor":19,"gold_loss":0},{"damage_healed":0,"gold_gain":99,"player_choice":"Stole From Cult","damage_taken":0,"max_hp_gain":0,"max_hp_loss":0,"event_name":"Nest","floor":20,"gold_loss":0},{"damage_healed":0,"gold_gain":0,"cards_transformed":["Cold Snap","Defend_B"],"player_choice":"Became Test Subject","damage_taken":0,"max_hp_gain":0,"max_hp_loss":0,"event_name":"Drug Dealer","floor":21,"gold_loss":0,"cards_obtained":["Self Repair","Echo Form"]},{"damage_healed":0,"gold_gain":0,"player_choice":"Fought Bandits","damage_taken":0,"max_hp_gain":0,"max_hp_loss":0,"event_name":"Masked Bandits","floor":25,"gold_loss":0}],"is_beta":false,"boss_relics":[{"not_picked":["Calling Bell","Cursed Key"],"picked":"Sozu"}],"items_purged_floors":[12],"is_endless":false,"potions_floor_spawned":[1,3,11,22,25],"killed_by":"Gremlin Leader","ascension_level":1}