{"gold_per_floor":[110,18,18,37,37,68,68,81,81,101,101,117,117,135,135,235,285,301,50,149,159,169,169,180,180,203,203,220,234,61,61,61,156,156,167,167,186,186,196,196,196,196,196,207,222,237,57,77,77,77],"floor_reached":51,"playtime":4064,"items_purged":["Strike_G","Strike_G"],"score":603,"play_id":"6eaa4681-ab09-41d8-b3f5-9c7cadafec87","local_time":"20190102061235","is_ascension_mode":false,"campfire_choices":[{"data":"Blur","floor":7,"key":"SMITH"},{"floor":15,"key":"REST"},{"floor":25,"key":"REST"},{"data":"Tactician","floor":27,"key":"SMITH"},{"floor":32,"key":"REST"},{"data":"Cloak And Dagger","floor":40,"key":"SMITH"},{"data":"Reflex","floor":42,"key":"SMITH"},{"floor":49,"key":"REST"}],"neow_cost":"PERCENT_DAMAGE","seed_source_timestamp":1074677458421758,"circlet_count":0,"master_deck":["Defend_G","Strike_G","Strike_G+1","Survivor","Neutralize","Outmaneuver","Well Laid Plans","Cloak And Dagger+1","Blur+1","Underhanded Strike","Flying Knee","Tactician+1","Cloak And Dagger","Finisher","Deflect","Tools of the Trade+1","Reflex+1","Acrobatics+1","Terror+1","Distraction+1","PiercingWail+1","Bandage Up+1","Adrenaline+1","Outmaneuver+1","Footwork+1","Leg Sweep+1","Calculated Gamble+1","Concentrate+1"],"relics":["Ring of the Snake","Letter Opener","Boot","Vajra","Tiny House","Toxic Egg 2","Nilry\u0027s Codex","Art of War","Lizard Tail","FaceOfCleric","Omamori"],"potions_floor_usage":[6,21,22,24,33,33],"damage_taken":[{"damage":0,"enemies":"Small Slimes","floor":1,"turns":3},{"damage":0,"enemies":"Cultist","floor":4,"turns":4},{"damage":5,"enemies":"Lagavulin","floor":6,"turns":10},{"damage":0,"enemies":"Jaw Worm","floor":8,"turns":4},{"damage":0,"enemies":"3 Louse","floor":10,"turns":3},{"damage":5,"enemies":"Red Slaver","floor":12,"turns":3},{"damage":12,"enemies":"Large Slime","floor":14,"turns":5},{"damage":31,"enemies":"The Guardian","floor":16,"turns":12},{"damage":0,"enemies":"Shell Parasite","floor":18,"turns":3},{"damage":24,"enemies":"2 Thieves","floor":21,"turns":4},{"damage":4,"enemies":"Centurion and Healer","floor":22,"turns":7},{"damage":6,"enemies":"Chosen and Byrds","floor":24,"turns":6},{"damage":11,"enemies":"Shelled Parasite and Fungi","floor":28,"turns":6},{"damage":12,"enemies":"Centurion and Healer","floor":29,"turns":6},{"damage":25,"enemies":"Champ","floor":33,"turns":12},{"damage":19,"enemies":"3 Darklings","floor":35,"turns":6},{"damage":1,"enemies":"3 Shapes","floor":37,"turns":3},{"damage":4,"enemies":"Jaw Worm Horde","floor":39,"turns":5},{"damage":4,"enemies":"Maw","floor":44,"turns":6},{"damage":29,"enemies":"4 Shapes","floor":45,"turns":6},{"damage":16,"enemies":"3 Darklings","floor":46,"turns":8},{"damage":0,"enemies":"Writhing Mass","floor":48,"turns":6},{"damage":104,"enemies":"Awakened One","floor":50,"turns":32}],"seed_played":"-4342913227672471593","potions_obtained":[{"floor":1,"key":"Block Potion"},{"floor":6,"key":"Dexterity Potion"},{"floor":10,"key":"SkillPotion"},{"floor":17,"key":"Strength Potion"},{"floor":21,"key":"Energy Potion"},{"floor":22,"key":"AttackPotion"},{"floor":29,"key":"Strength Potion"},{"floor":46,"key":"Ancient Potion"},{"floor":48,"key":"Ancient Potion"}],"is_trial":false,"path_per_floor":["M","$","?","M","?","E","R","M","T","M","?","M","?","M","R","B",null,"M","$","?","M","M","?","M","R","T","R","M","M","$","?","R","B",null,"M","?","M","?","M","R","?","R","T","M","M","M","$","M","R","B",null],"character_chosen":"THE_SILENT","items_purchased":["Well Laid Plans","Cloak And Dagger","Toxic Egg 2","Bandage Up+1","Concentrate+1"],"campfire_rested":4,"item_purchase_floors":[2,2,19,30,47],"current_hp_per_floor":[49,49,49,49,49,44,44,44,44,44,37,32,32,20,41,10,75,75,75,75,51,47,31,25,47,47,47,36,24,24,24,46,27,75,62,62,67,67,63,63,63,63,63,66,44,35,35,42,65,18],"gold":77,"neow_bonus":"REMOVE_TWO","is_prod":false,"is_daily":false,"chose_seed":false,"campfire_upgraded":4,"win_rate":0,"timestamp":1546377155,"path_taken":["M","$","?","?","?","E","R","M","T","M","?","M","?","?","R","BOSS","M","$","?","M","M","?","M","R","T","R","M","M","$","?","R","BOSS","M","?","M","?","?","R","?","R","T","?","M","M","$","M","R","BOSS"],"build_version":"2018-12-20","purchased_purges":2,"victory":true,"max_hp_per_floor":[70,70,70,70,70,70,70,70,70,70,70,70,70,70,70,70,75,75,75,75,75,75,75,75,75,75,75,75,75,75,75,75,75,75,75,75,75,75,75,75,75,75,75,76,77,78,78,79,79,80],"card_choices":[{"not_picked":["Deflect","Endless Agony"],"picked":"Outmaneuver","floor":1},{"not_picked":["Choke","Riddle With Holes"],"picked":"Blur","floor":4},{"not_picked":["Dagger Spray","Setup"],"picked":"Flying Knee","floor":6},{"not_picked":["Deflect","Bane"],"picked":"Tactician","floor":8},{"not_picked":["Underhanded Strike","Slice"],"picked":"Cloak And Dagger","floor":10},{"not_picked":["Poisoned Stab","Underhanded Strike"],"picked":"Finisher","floor":12},{"not_picked":["Expertise","Calculated Gamble"],"picked":"Deflect","floor":14},{"not_picked":["Night Terror","Corpse Explosion"],"picked":"Tools of the Trade","floor":16},{"not_picked":["Deadly Poison","Acrobatics"],"picked":"Reflex","floor":17},{"not_picked":["Flying Knee","Prepared","Skewer"],"picked":"SKIP","floor":18},{"not_picked":["Slice+1","Dagger Spray"],"picked":"Acrobatics+1","floor":21},{"not_picked":["Calculated Gamble+1","Acrobatics+1"],"picked":"Terror+1","floor":22},{"not_picked":["Riddle With Holes","Deadly Poison+1"],"picked":"Distraction+1","floor":24},{"not_picked":["Acrobatics+1","Deadly Poison+1"],"picked":"PiercingWail+1","floor":28},{"not_picked":["Dagger Spray","Eviscerate","Dagger Throw"],"picked":"SKIP","floor":29},{"not_picked":["Die Die Die","Unload"],"picked":"Adrenaline+1","floor":33},{"not_picked":["Poisoned Stab","Backstab+1"],"picked":"Outmaneuver+1","floor":35},{"not_picked":["Dagger Spray","Deflect+1","PiercingWail+1"],"picked":"SKIP","floor":37},{"not_picked":["Acrobatics+1","Blur+1"],"picked":"Footwork+1","floor":39},{"not_picked":["Slice","Poisoned Stab","Underhanded Strike"],"picked":"SKIP","floor":44},{"not_picked":["Eviscerate","Flechettes+1"],"picked":"Leg Sweep+1","floor":45},{"not_picked":["Accuracy+1","Deadly Poison+1"],"picked":"Calculated Gamble+1","floor":46},{"not_picked":["Acrobatics+1","Flying Knee+1","Setup+1"],"picked":"SKIP","floor":48}],"player_experience":298625,"relics_obtained":[{"floor":6,"key":"Letter Opener"},{"floor":9,"key":"Boot"},{"floor":23,"key":"Nilry\u0027s Codex"},{"floor":26,"key":"Art of War"},{"floor":43,"key":"Omamori"}],"event_choices":[{"cards_removed":["Defend_G"],"damage_healed":0,"gold_gain":0,"player_choice":"Purged","damage_taken":0,"max_hp_gain":0,"max_hp_loss":0,"event_name":"Purifier","floor":3,"gold_loss":0},{"damage_healed":0,"gold_gain":0,"cards_transformed":["Defend_G"],"player_choice":"Change","damage_taken":0,"max_hp_gain":0,"max_hp_loss":0,"event_name":"Living Wall","floor":5,"gold_loss":0,"cards_obtained":["Underhanded Strike"]},{"cards_removed":["Defend_G"],"damage_healed":0,"gold_gain":0,"player_choice":"Card Removal","damage_taken":7,"max_hp_gain":0,"max_hp_loss":0,"event_name":"Golden Wing","floor":11,"gold_loss":0},{"damage_healed":0,"gold_gain":0,"player_choice":"Gave Potion","damage_taken":0,"relics_obtained":["Vajra"],"max_hp_gain":0,"max_hp_loss":0,"event_name":"WeMeetAgain","floor":13,"gold_loss":0},{"damage_healed":0,"gold_gain":99,"player_choice":"Stole From Cult","damage_taken":0,"max_hp_gain":0,"max_hp_loss":0,"event_name":"Nest","floor":20,"gold_loss":0},{"damage_healed":0,"gold_gain":0,"player_choice":"Obtained Book","damage_taken":16,"max_hp_gain":0,"max_hp_loss":0,"event_name":"Cursed Tome","floor":23,"gold_loss":0},{"damage_healed":0,"gold_gain":0,"player_choice":"Ignored","damage_taken":0,"max_hp_gain":0,"max_hp_loss":0,"event_name":"Mysterious Sphere","floor":36,"gold_loss":0},{"damage_healed":0,"gold_gain":0,"player_choice":"Forge","damage_taken":0,"max_hp_gain":0,"max_hp_loss":0,"event_name":"Accursed Blacksmith","floor":38,"gold_loss":0,"cards_upgraded":["Tools of the Trade"]},{"damage_healed":0,"gold_gain":0,"player_choice":"Trade","damage_taken":0,"relics_obtained":["FaceOfCleric"],"max_hp_gain":0,"max_hp_loss":0,"event_name":"FaceTrader","floor":41,"gold_loss":0}],"is_beta":false,"boss_relics":[{"not_picked":["Busted Crown","Runic Pyramid"],"picked":"Tiny House"},{"not_picked":["HoveringKite","Velvet Choker"],"picked":"Lizard Tail"}],"items_purged_floors":[30,47],"is_endless":false,"potions_floor_spawned":[1,6,10,21,22,29,46,48],"ascension_level":0}