{"gold_per_floor":[116,127,202,220,220,220,246,246,294,310,310,398,414,426,426,523,523,537,552,552,552,27,27,42,55,55,67,84,84,84],"floor_reached":30,"playtime":2584,"items_purged":["Shame"],"score":234,"play_id":"fa6607ba-ada5-4654-ab68-5f944b337ba3","local_time":"20190126214432","is_ascension_mode":false,"campfire_choices":[{"data":"Demon Form","floor":6,"key":"SMITH"},{"data":"Combust","floor":8,"key":"SMITH"},{"data":"Blood for Blood","floor":15,"key":"SMITH"},{"data":"Inflame","floor":23,"key":"SMITH"},{"data":"Rupture","floor":29,"key":"SMITH"}],"neow_cost":"NONE","seed_source_timestamp":1332334227721075,"circlet_count":0,"master_deck":["Strike_R+1","Strike_R+1","Strike_R+1","Strike_R+1","Defend_R+1","Defend_R+1","Defend_R+1","Defend_R+1","Bash","Flex","Thunderclap","Demon Form+1","Combust+1","Rampage","Thunderclap","Blood for Blood+1","Ghostly Armor","Limit Break","Regret","Second Wind+1","True Grit+1","Feel No Pain+1","Inflame+1","Shrug It Off","Flash of Steel","Shrug It Off","Warcry","Metallicize","Rupture+1"],"relics":["Calling Bell","Blood Vial","Meat on the Bone","Bird Faced Urn","Anchor","Boot","Tiny Chest","Astrolabe","Calipers","Question Card"],"potions_floor_usage":[7,12,16,19,24,25,27,30],"damage_taken":[{"damage":0,"enemies":"Small Slimes","floor":1,"turns":5},{"damage":11,"enemies":"2 Louse","floor":2,"turns":3},{"damage":8,"enemies":"Jaw Worm","floor":4,"turns":4},{"damage":27,"enemies":"3 Sentries","floor":7,"turns":5},{"damage":10,"enemies":"Looter","floor":10,"turns":3},{"damage":26,"enemies":"3 Sentries","floor":12,"turns":7},{"damage":3,"enemies":"Exordium Wildlife","floor":13,"turns":3},{"damage":1,"enemies":"3 Louse","floor":14,"turns":2},{"damage":34,"enemies":"Slime Boss","floor":16,"turns":7},{"damage":19,"enemies":"Chosen","floor":18,"turns":5},{"damage":22,"enemies":"Shell Parasite","floor":19,"turns":9},{"damage":35,"enemies":"Centurion and Healer","floor":24,"turns":8},{"damage":43,"enemies":"Shelled Parasite and Fungi","floor":25,"turns":6},{"damage":3,"enemies":"Snake Plant","floor":27,"turns":6},{"damage":13,"enemies":"Centurion and Healer","floor":28,"turns":6},{"damage":43,"enemies":"Colosseum Slavers","floor":30,"turns":7},{"damage":37,"enemies":"Colosseum Nobs","floor":30,"turns":4}],"seed_played":"-4372293017243553726","potions_obtained":[{"floor":1,"key":"Fire Potion"},{"floor":7,"key":"Block Potion"},{"floor":10,"key":"Regen Potion"},{"floor":12,"key":"Weak Potion"},{"floor":19,"key":"Block Potion"},{"floor":24,"key":"Poison Potion"},{"floor":25,"key":"SkillPotion"},{"floor":28,"key":"Swift Potion"}],"is_trial":false,"path_per_floor":["M","M","?","M","?","R","E","R","T","M","?","?","M","M","R","B",null,"M","M","?","?","$","R","M","M","T","M","M","R","?"],"character_chosen":"IRONCLAD","items_purchased":["Calipers","Shrug It Off","Flash of Steel"],"campfire_rested":0,"item_purchase_floors":[22,22,22],"current_hp_per_floor":[80,69,58,52,45,45,34,34,34,40,40,30,43,46,46,30,80,61,58,58,58,58,58,43,16,16,33,42,42,0],"gold":84,"neow_bonus":"BOSS_RELIC","is_prod":false,"is_daily":false,"chose_seed":false,"campfire_upgraded":5,"win_rate":0.0,"timestamp":1548557072,"path_taken":["M","M","?","M","?","R","E","R","T","M","?","?","M","M","R","BOSS","M","M","?","?","$","R","M","M","T","?","M","R","?"],"build_version":"2019-01-23","purchased_purges":1,"victory":false,"max_hp_per_floor":[80,80,80,80,80,80,80,80,80,80,80,80,80,80,80,80,80,80,80,80,80,80,80,80,80,80,80,80,80,80],"card_choices":[{"not_picked":["Reckless Charge","Heavy Blade"],"picked":"Flex","floor":1},{"not_picked":["Combust","Warcry"],"picked":"Thunderclap","floor":2},{"not_picked":["Headbutt","Battle Trance"],"picked":"Demon Form","floor":4},{"not_picked":["Flex","True Grit"],"picked":"Combust","floor":7},{"not_picked":["Thunderclap","Headbutt"],"picked":"Rampage","floor":10},{"not_picked":["Perfected Strike","Armaments"],"picked":"Thunderclap","floor":12},{"not_picked":["Headbutt","Shockwave"],"picked":"Blood for Blood","floor":13},{"not_picked":["Corruption","Iron Wave"],"picked":"Ghostly Armor","floor":14},{"not_picked":["Demon Form","Offering"],"picked":"Limit Break","floor":16},{"not_picked":["Intimidate","Pommel Strike"],"picked":"True Grit+1","floor":18},{"not_picked":["Flex","Power Through"],"picked":"Feel No Pain+1","floor":19},{"not_picked":["Second Wind","Armaments"],"picked":"Shrug It Off","floor":24},{"not_picked":["Headbutt","Clothesline+1"],"picked":"Warcry","floor":25},{"not_picked":["True Grit+1","Searing Blow","Headbutt"],"picked":"Metallicize","floor":27},{"not_picked":["Spot Weakness","Anger","Fiend Fire"],"picked":"Rupture","floor":28}],"player_experience":18855,"relics_obtained":[{"floor":0,"key":"Blood Vial"},{"floor":0,"key":"Meat on the Bone"},{"floor":0,"key":"Bird Faced Urn"},{"floor":7,"key":"Anchor"},{"floor":9,"key":"Boot"},{"floor":12,"key":"Tiny Chest"},{"floor":26,"key":"Question Card"}],"event_choices":[{"damage_healed":0,"gold_gain":75,"player_choice":"Gather Gold","damage_taken":11,"max_hp_gain":0,"max_hp_loss":0,"event_name":"World of Goop","floor":3,"gold_loss":0},{"cards_removed":["Doubt"],"damage_healed":0,"gold_gain":0,"player_choice":"Card Removal","damage_taken":7,"max_hp_gain":0,"max_hp_loss":0,"event_name":"Golden Wing","floor":5,"gold_loss":0},{"damage_healed":0,"gold_gain":0,"player_choice":"Ignored","damage_taken":0,"max_hp_gain":0,"max_hp_loss":0,"event_name":"Liars Game","floor":11,"gold_loss":0},{"damage_healed":0,"gold_gain":30,"player_choice":"Searched \u00273\u0027 times","damage_taken":0,"max_hp_gain":0,"max_hp_loss":0,"event_name":"Dead Adventurer","floor":12,"gold_loss":0},{"damage_healed":0,"gold_gain":0,"player_choice":"Simplicity","damage_taken":0,"max_hp_gain":0,"max_hp_loss":0,"event_name":"Back to Basics","floor":20,"gold_loss":0,"cards_upgraded":["Strike_R","Strike_R","Strike_R","Strike_R","Defend_R","Defend_R","Defend_R","Defend_R"]},{"damage_healed":0,"gold_gain":0,"player_choice":"Read","damage_taken":0,"max_hp_gain":0,"max_hp_loss":0,"event_name":"The Library","floor":21,"gold_loss":0,"cards_obtained":["Inflame"]},{"damage_healed":0,"gold_gain":0,"player_choice":"Fight","damage_taken":0,"max_hp_gain":0,"max_hp_loss":0,"event_name":"Colosseum","floor":30,"gold_loss":0},{"damage_healed":0,"gold_gain":0,"player_choice":"Fought Nobs","damage_taken":0,"max_hp_gain":0,"max_hp_loss":0,"event_name":"Colosseum","floor":30,"gold_loss":0}],"is_beta":false,"boss_relics":[{"not_picked":["Cursed Key","Empty Cage"],"picked":"Astrolabe"}],"items_purged_floors":[22],"is_endless":false,"potions_floor_spawned":[1,7,10,12,19,24,25,28],"killed_by":"Colosseum Nobs","ascension_level":0}