{"gold_per_floor":[110,122,272,58,58,85,97,116,141,141,141,141,158,158,158,249,249,213,213,40,40,50,50,50,50,50,75,75,88,101,135,135,135],"floor_reached":33,"playtime":1551,"items_purged":["Doubt"],"score":616,"play_id":"45c9465d-7295-40eb-82f0-f23f24caa431","local_time":"20190311230546","is_ascension_mode":true,"campfire_choices":[{"data":"Body Slam","floor":10,"key":"SMITH"},{"data":"Body Slam","floor":12,"key":"SMITH"},{"data":"Rampage","floor":15,"key":"SMITH"},{"data":"Iron Wave","floor":23,"key":"SMITH"},{"floor":25,"key":"REST"},{"data":"Power Through","floor":28,"key":"SMITH"},{"floor":32,"key":"REST"}],"neow_cost":"NONE","seed_source_timestamp":426326448318717,"circlet_count":0,"master_deck":["AscendersBane","Strike_R","Strike_R","Strike_R","Strike_R","Strike_R","Defend_R","Defend_R","Defend_R","Defend_R","Bash","Rampage+1","Iron Wave+1","Regret","Shockwave","Body Slam+1","Body Slam+1","Cleave","Reaper","Power Through+1","Thunderclap+1","Warcry+1","Anger","True Grit"],"relics":["Burning Blood","NeowsBlessing","Tiny Chest","Bronze Scales","Oddly Smooth Stone","Pocketwatch","Bloody Idol","Eternal Feather","Pen Nib","Red Skull","Regal Pillow","Ginger"],"potions_floor_usage":[8,18,24,33],"damage_taken":[{"damage":0,"enemies":"Cultist","floor":1,"turns":1},{"damage":0,"enemies":"Small Slimes","floor":2,"turns":1},{"damage":0,"enemies":"Lagavulin","floor":6,"turns":1},{"damage":0,"enemies":"2 Louse","floor":7,"turns":2},{"damage":19,"enemies":"Large Slime","floor":8,"turns":7},{"damage":10,"enemies":"3 Louse","floor":13,"turns":2},{"damage":23,"enemies":"Hexaghost","floor":16,"turns":8},{"damage":29,"enemies":"2 Thieves","floor":18,"turns":5},{"damage":23,"enemies":"Shell Parasite","floor":22,"turns":5},{"damage":38,"enemies":"Book of Stabbing","floor":24,"turns":5},{"damage":38,"enemies":"Snake Plant","floor":29,"turns":4},{"damage":33,"enemies":"3 Cultists","floor":30,"turns":5},{"damage":31,"enemies":"Slavers","floor":31,"turns":3},{"damage":68,"enemies":"Automaton","floor":33,"turns":8}],"seed_played":"-7529501074934679187","potions_obtained":[{"floor":2,"key":"FearPotion"},{"floor":7,"key":"Fire Potion"},{"floor":22,"key":"SmokeBomb"},{"floor":29,"key":"SteroidPotion"}],"is_trial":false,"path_per_floor":["M","M","?","$","?","E","M","M","T","R","?","R","M","?","R","B",null,"M","?","$","?","M","R","E","R","T","T","R","M","M","E","R","B"],"character_chosen":"IRONCLAD","items_purchased":["Tiny Chest","Pen Nib"],"campfire_rested":2,"item_purchase_floors":[4,20],"current_hp_per_floor":[74,75,75,75,75,75,75,62,62,62,51,51,47,47,47,30,59,36,36,36,50,38,50,26,58,58,63,68,42,34,14,61,0],"gold":135,"neow_bonus":"THREE_ENEMY_KILL","is_prod":false,"is_daily":false,"chose_seed":false,"campfire_upgraded":5,"win_rate":0,"timestamp":1552367146,"path_taken":["M","?","?","$","?","E","M","M","T","R","?","R","M","?","R","BOSS","M","?","$","?","M","R","E","R","T","?","R","M","?","E","R","BOSS"],"build_version":"2019-01-23","purchased_purges":1,"victory":false,"max_hp_per_floor":[75,75,75,75,75,75,75,75,75,75,75,75,75,68,68,68,68,68,68,68,68,68,68,68,68,68,68,68,68,68,68,68,68],"card_choices":[{"not_picked":["Iron Wave","Twin Strike"],"picked":"Rampage","floor":1},{"not_picked":["Armaments","Sword Boomerang"],"picked":"Iron Wave","floor":2},{"not_picked":["Dropkick","Perfected Strike"],"picked":"Shockwave","floor":6},{"not_picked":["Sentinel","Anger"],"picked":"Body Slam","floor":7},{"not_picked":["Sentinel","Havoc"],"picked":"Body Slam","floor":8},{"not_picked":["Pommel Strike","Reckless Charge"],"picked":"Cleave","floor":13},{"not_picked":["Feed","Brutality"],"picked":"Reaper","floor":16},{"not_picked":["Twin Strike","Uppercut"],"picked":"Power Through","floor":18},{"not_picked":["Sever Soul","Burning Pact"],"picked":"Thunderclap+1","floor":22},{"not_picked":["Clothesline","Rampage"],"picked":"Warcry+1","floor":29},{"not_picked":["Perfected Strike","Twin Strike"],"picked":"Anger","floor":30},{"not_picked":["Reckless Charge","Sword Boomerang"],"picked":"True Grit","floor":31}],"player_experience":1396221,"relics_obtained":[{"floor":6,"key":"Oddly Smooth Stone"},{"floor":26,"key":"Red Skull"},{"floor":27,"key":"Regal Pillow"},{"floor":31,"key":"Ginger"}],"event_choices":[{"damage_healed":0,"gold_gain":150,"player_choice":"AGREE","damage_taken":0,"max_hp_gain":0,"max_hp_loss":0,"event_name":"Liars Game","floor":3,"gold_loss":0,"cards_obtained":["Doubt"]},{"damage_healed":0,"gold_gain":0,"player_choice":"Box","damage_taken":0,"relics_obtained":["Bronze Scales"],"max_hp_gain":0,"max_hp_loss":0,"event_name":"Big Fish","floor":5,"gold_loss":0,"cards_obtained":["Regret"]},{"damage_healed":0,"gold_gain":0,"player_choice":"Success","damage_taken":11,"relics_obtained":["Pocketwatch"],"max_hp_gain":0,"max_hp_loss":0,"event_name":"Scrap Ooze","floor":11,"gold_loss":0},{"damage_healed":0,"gold_gain":0,"player_choice":"Lose Max HP","damage_taken":0,"relics_obtained":["Golden Idol"],"max_hp_gain":0,"max_hp_loss":7,"event_name":"Golden Idol","floor":14,"gold_loss":0},{"damage_healed":0,"gold_gain":0,"player_choice":"Gave Idol","damage_taken":0,"relics_obtained":["Bloody Idol"],"max_hp_gain":0,"max_hp_loss":0,"event_name":"Forgotten Altar","floor":19,"relics_lost":["Golden Idol"],"gold_loss":0},{"damage_healed":14,"gold_gain":0,"player_choice":"Heal","damage_taken":0,"max_hp_gain":0,"max_hp_loss":0,"event_name":"The Library","floor":21,"gold_loss":0}],"is_beta":false,"boss_relics":[{"not_picked":["Runic Pyramid","Coffee Dripper"],"picked":"Eternal Feather"}],"items_purged_floors":[4],"is_endless":false,"potions_floor_spawned":[2,7,22,29],"killed_by":"Automaton","ascension_level":20}