{"path_per_floor":["M","?","?","M","$","?","E","$","T","M","?","R","M","$","R","B",null,"M","?","$","?","?","E","M","E","T","R","M","R","E","$","R","B",null,"M","M","?","?","?","E","M","R","T","$","E","R","E","M","R","B"],"character_chosen":"IRONCLAD","items_purchased":["Reaper","Regen Potion","Inflame","Spot Weakness","Torii","Shrug It Off","Orichalcum"],"gold_per_floor":[19,19,19,39,39,214,239,45,69,81,81,81,98,26,26,123,123,137,137,57,57,57,89,109,139,191,191,202,202,231,131,131,231,231,243,260,260,612,612,637,650,650,650,38,72,72,104,124,124,124],"floor_reached":51,"campfire_rested":0,"playtime":6625,"current_hp_per_floor":[72,56,56,57,57,57,20,20,20,36,36,36,40,40,40,25,80,80,80,80,80,80,52,63,55,55,55,52,52,54,54,54,29,80,80,70,70,66,56,69,71,71,71,71,80,80,80,80,80,63],"items_purged":["Doubt","Writhe","Strike_R"],"gold":124,"play_id":"05b4fcd0-b997-4bbe-ad88-a69e561792a3","is_prod":false,"is_daily":false,"is_ascension_mode":true,"campfire_upgraded":8,"path_taken":["M","?","?","?","?","?","E","$","T","M","?","R","?","$","R","BOSS","M","?","$","?","?","E","?","E","T","R","M","R","E","$","R","BOSS","M","M","?","?","?","E","?","R","T","$","E","R","E","M","R","BOSS"],"build_version":"2018-02-02-BETA1","purchased_purges":3,"victory":true,"master_deck":["Strike_R+1","Defend_R+1","Defend_R+1","Defend_R+1","Defend_R+1","Bash+1","Rampage+1","Battle Trance+1","True Grit+1","Reaper","Whirlwind+1","Inflame+1","Offering+1","Spot Weakness","Headbutt+1","Shrug It Off","Shockwave+1","Offering","Shrug It Off+1","Madness","Madness+1","Warcry+1","Double Tap+1","Shrug It Off","Heavy Blade+1"],"max_hp_per_floor":[80,80,80,80,80,80,80,80,80,80,80,80,80,80,80,80,80,80,80,80,80,80,80,80,80,80,80,80,80,80,80,80,80,80,80,80,80,80,80,80,80,80,80,80,80,80,80,80,80,80],"relics":["Burning Blood","Paper Frog","Vajra","Black Star","Bag of Marbles","Thread and Needle","Du-Vu Doll","Centennial Puzzle","Toolbox","Anchor","Whetstone","Omamori","Runic Dome","Old Coin","Shuriken","Meat on the Bone","Pen Nib","Torii","Orichalcum","Self Forming Clay","Bottled Flame","Ancient Tea Set","Lantern"],"card_choices":[{"not_picked":["Cleave","Anger"],"picked":"Rampage"},{"not_picked":["Flex","Pummel"],"picked":"Battle Trance"},{"not_picked":["Body Slam","Infernal Blade"],"picked":"True Grit"},{"not_picked":["Warcry","Juggernaut"],"picked":"Whirlwind"},{"not_picked":["Bludgeon","Fiend Fire"],"picked":"Offering"},{"not_picked":["Reckless Charge","Body Slam"],"picked":"Headbutt"},{"not_picked":["Battle Trance","Combust"],"picked":"Shrug It Off"},{"not_picked":["Disarm","Burning Pact"],"picked":"Shockwave"},{"not_picked":["Juggernaut","Dark Embrace"],"picked":"Offering"},{"not_picked":["True Grit","Sword Boomerang"],"picked":"Shrug It Off"},{"not_picked":["Dual Wield","Anger"],"picked":"Warcry"},{"not_picked":["Thunderclap","Body Slam"],"picked":"Double Tap"},{"not_picked":["Body Slam","Headbutt"],"picked":"Heavy Blade"}],"player_experience":114877,"potions_floor_usage":[25,25,40,50],"damage_taken":[{"damage":14.0,"enemies":"Jaw Worm","floor":1.0,"turns":5.0},{"damage":5.0,"enemies":"2 Louse","floor":4.0,"turns":3.0},{"damage":43.0,"enemies":"3 Sentries","floor":7.0,"turns":10.0},{"damage":0.0,"enemies":"Small Slimes","floor":10.0,"turns":3.0},{"damage":12.0,"enemies":"Exordium Wildlife","floor":13.0,"turns":3.0},{"damage":41.0,"enemies":"Hexaghost","floor":16.0,"turns":8.0},{"damage":4,"enemies":"3 Byrds","floor":18,"turns":2},{"damage":34,"enemies":"Gremlin Leader","floor":23,"turns":4},{"damage":4,"enemies":"Shell Parasite","floor":24,"turns":4},{"damage":14,"enemies":"Book of Stabbing","floor":25,"turns":5},{"damage":9,"enemies":"Snecko","floor":28,"turns":3},{"damage":4,"enemies":"Gremlin Leader","floor":30,"turns":3},{"damage":55,"enemies":"Automaton","floor":33,"turns":10},{"damage":8,"enemies":"Orb Walker","floor":35,"turns":2},{"damage":16,"enemies":"3 Shapes","floor":36,"turns":2},{"damage":10,"enemies":"Mysterious Sphere","floor":38,"turns":1},{"damage":4,"enemies":"2 Orb Walkers","floor":40,"turns":2},{"damage":4,"enemies":"Sphere and 2 Shapes","floor":41,"turns":1},{"damage":8,"enemies":"Giant Head","floor":45,"turns":5},{"damage":0,"enemies":"2 Orb Walkers","floor":47,"turns":2},{"damage":4,"enemies":"4 Shapes","floor":48,"turns":1},{"damage":27,"enemies":"Awakened One","floor":50,"turns":10}],"event_choices":[{"event_name":"Shining Light","player_choice":"Entered Light","floor":2.0,"damage_taken":0.0},{"event_name":"The Cleric","player_choice":"Leave","floor":3.0,"damage_taken":0.0},{"event_name":"Liars Game","player_choice":"agreed","floor":6.0,"damage_taken":0.0},{"event_name":"Living Wall","player_choice":"Grow","floor":11.0,"damage_taken":0.0},{"event_name":"Back to Basics","player_choice":"Simplicity","floor":19,"damage_taken":0},{"event_name":"The Lab","player_choice":"Got Potions","floor":21,"damage_taken":0},{"event_name":"The Mausoleum","player_choice":"Yes","floor":22,"damage_taken":0},{"event_name":"Mysterious Sphere","player_choice":"Fight","floor":38,"damage_taken":0},{"event_name":"Winding Halls","player_choice":"Embrace Madness","floor":39,"damage_taken":0}],"boss_relics":[{"not_picked":["Astrolabe","Philosopher\u0027s Stone"],"picked":"Black Star"},{"not_picked":["Black Blood","Lizard Tail"],"picked":"Runic Dome"}],"potions_floor_spawned":[4,7,13,18,23,35,38,47],"seed_played":"-2933643613041109264","ascension_level":3,"is_trial":false}