{"gold_per_floor":[113,123,135,56,73,73,106,106,106,116,116,147,163,194,194,270,270,284,297,297,297,10,10,25,59,59,59,74,74,0,29,29,103,103,121,138,138,138,66,66,95,95,147,173,173,185,203,203,203,203],"floor_reached":51,"playtime":4222,"items_purged":[],"score":1305,"play_id":"2cecc524-216a-489f-aede-d48eca7be46f","local_time":"20190209215512","is_ascension_mode":true,"campfire_choices":[{"floor":6,"key":"REST"},{"floor":8,"key":"REST"},{"floor":11,"key":"REST"},{"floor":15,"key":"REST"},{"floor":23,"key":"REST"},{"floor":27,"key":"REST"},{"floor":32,"key":"RECALL"},{"floor":40,"key":"REST"},{"floor":42,"key":"REST"},{"floor":49,"key":"REST"}],"neow_cost":"NONE","seed_source_timestamp":32945732165709,"circlet_count":0,"master_deck":["AscendersBane","Defend_G","Defend_G","Defend_G","Defend_G","Defend_G","Survivor","Neutralize","Skewer","Blade Dance","Infinite Blades","Accuracy","Venomology","Finisher","Slice","Dash","Cloak And Dagger+1","Backstab+1","Expertise","Accuracy","PiercingWail","Malaise","Backstab","Bite","Bite+1","Bite","Bite","Bite","Well Laid Plans","Escape Plan","Backflip","Blade Dance+1","Dodge and Roll","Envenom","A Thousand Cuts","Infinite Blades","Dodge and Roll","Infinite Blades","Sucker Punch+1","Blade Dance","Predator","Doubt"],"relics":["Fusion Hammer","Dream Catcher","Letter Opener","StoneCalendar","FossilizedHelix","Black Star","Kunai","Regal Pillow","Orichalcum","Happy Flower","Whetstone","Bag of Marbles","Runic Dome","Frozen Egg 2","Smiling Mask","Pen Nib","Pear","Ginger"],"potions_floor_usage":[5,7,10,12,12,14,14,14,16,19,19,24,25,25,31,31,33,35,41,41,44,46,47,47,50],"damage_taken":[{"damage":1,"enemies":"Jaw Worm","floor":1,"turns":4},{"damage":2,"enemies":"Small Slimes","floor":2,"turns":3},{"damage":0,"enemies":"Cultist","floor":3,"turns":3},{"damage":0,"enemies":"Large Slime","floor":5,"turns":4},{"damage":19,"enemies":"Lagavulin","floor":7,"turns":7},{"damage":8,"enemies":"3 Louse","floor":10,"turns":2},{"damage":1,"enemies":"3 Sentries","floor":12,"turns":6},{"damage":14,"enemies":"Red Slaver","floor":13,"turns":2},{"damage":0,"enemies":"Lagavulin","floor":14,"turns":4},{"damage":10,"enemies":"Slime Boss","floor":16,"turns":7},{"damage":28,"enemies":"Spheric Guardian","floor":18,"turns":6},{"damage":6,"enemies":"Chosen","floor":19,"turns":3},{"damage":30,"enemies":"Sentry and Sphere","floor":24,"turns":6},{"damage":15,"enemies":"Book of Stabbing","floor":25,"turns":7},{"damage":0,"enemies":"3 Cultists","floor":28,"turns":5},{"damage":20,"enemies":"Gremlin Leader","floor":31,"turns":8},{"damage":33,"enemies":"Champ","floor":33,"turns":13},{"damage":8,"enemies":"Orb Walker","floor":35,"turns":4},{"damage":23,"enemies":"3 Shapes","floor":36,"turns":3},{"damage":1,"enemies":"Reptomancer","floor":41,"turns":7},{"damage":19,"enemies":"Giant Head","floor":44,"turns":7},{"damage":35,"enemies":"3 Darklings","floor":46,"turns":4},{"damage":1,"enemies":"Jaw Worm Horde","floor":47,"turns":4},{"damage":51,"enemies":"Awakened One","floor":50,"turns":15}],"seed_played":"54972687620707946","potions_obtained":[{"floor":2,"key":"Explosive Potion"},{"floor":3,"key":"Swift Potion"},{"floor":7,"key":"Strength Potion"},{"floor":12,"key":"Poison Potion"},{"floor":18,"key":"SpeedPotion"},{"floor":28,"key":"PowerPotion"},{"floor":31,"key":"Regen Potion"},{"floor":36,"key":"Dexterity Potion"},{"floor":41,"key":"EssenceOfSteel"},{"floor":44,"key":"PowerPotion"}],"is_trial":false,"path_per_floor":["M","M","M","$","M","R","E","R","T","M","R","E","M","E","R","B",null,"M","M","?","?","$","R","M","E","T","R","M","?","?","E","R","B",null,"M","M","?","?","$","R","E","R","T","E","?","M","M","?","R","B",null],"character_chosen":"THE_SILENT","items_purchased":["Accuracy","Kunai","Well Laid Plans","Infinite Blades"],"campfire_rested":9,"item_purchase_floors":[4,22,22,39],"current_hp_per_floor":[58,56,56,56,56,66,47,66,66,58,66,65,51,51,66,56,64,36,30,30,30,30,43,21,20,20,46,46,46,46,38,38,31,42,38,21,21,21,21,44,43,44,44,41,41,9,8,54,54,27],"gold":203,"neow_bonus":"BOSS_RELIC","is_prod":false,"is_daily":false,"chose_seed":false,"campfire_upgraded":0,"win_rate":0,"timestamp":1549778112,"path_taken":["M","M","M","$","M","R","E","R","T","M","R","E","M","E","R","BOSS","M","M","?","?","$","R","M","E","T","R","?","?","?","E","R","BOSS","M","M","?","?","$","R","E","R","T","E","?","?","?","?","R","BOSS"],"build_version":"2019-01-23","purchased_purges":0,"victory":true,"max_hp_per_floor":[66,66,66,66,66,66,66,66,66,66,66,66,66,66,66,66,66,66,66,46,46,46,46,46,46,46,46,46,46,46,46,46,46,46,46,46,46,44,44,44,44,44,44,54,54,54,54,54,54,54],"card_choices":[{"not_picked":["Cloak And Dagger","Deflect"],"picked":"Skewer","floor":1},{"not_picked":["Accuracy","Tactician"],"picked":"Blade Dance","floor":2},{"not_picked":["Expertise","Dagger Spray"],"picked":"Infinite Blades","floor":3},{"not_picked":["Calculated Gamble","Sucker Punch"],"picked":"Venomology","floor":5},{"not_picked":["Poisoned Stab","Dagger Throw"],"picked":"Finisher","floor":7},{"not_picked":["Riddle With Holes","Sucker Punch"],"picked":"Slice","floor":8},{"not_picked":["Dagger Spray","Distraction"],"picked":"Dash","floor":10},{"not_picked":["Dagger Throw","Leg Sweep"],"picked":"Cloak And Dagger","floor":11},{"not_picked":["PiercingWail","Riddle With Holes"],"picked":"Backstab","floor":12},{"not_picked":["Flying Knee","Blur"],"picked":"Expertise","floor":13},{"not_picked":["Backflip","Outmaneuver"],"picked":"Accuracy","floor":14},{"not_picked":["Deadly Poison","Poisoned Stab"],"picked":"PiercingWail","floor":15},{"not_picked":["A Thousand Cuts","Die Die Die"],"picked":"Malaise","floor":16},{"not_picked":["Quick Slash","Dagger Spray"],"picked":"Backstab","floor":18},{"not_picked":["Reflex","Outmaneuver","Underhanded Strike"],"picked":"SKIP","floor":19},{"not_picked":["Noxious Fumes","Choke"],"picked":"Escape Plan","floor":24},{"not_picked":["Deflect","Blur"],"picked":"Backflip","floor":25},{"not_picked":["Blur","Well Laid Plans"],"picked":"Blade Dance+1","floor":27},{"not_picked":["Reflex","Poisoned Stab+1"],"picked":"Dodge and Roll","floor":28},{"not_picked":["Underhanded Strike","Deadly Poison"],"picked":"Envenom","floor":31},{"not_picked":["Phantasmal Killer","Tools of the Trade"],"picked":"A Thousand Cuts","floor":33},{"not_picked":["Backstab","Bouncing Flask"],"picked":"Infinite Blades","floor":35},{"not_picked":["Underhanded Strike","Acrobatics"],"picked":"Dodge and Roll","floor":36},{"not_picked":["Calculated Gamble","Backstab"],"picked":"Sucker Punch+1","floor":40},{"not_picked":["Bane+1","Quick Slash+1"],"picked":"Blade Dance","floor":41},{"not_picked":["Distraction","Outmaneuver","Footwork+1"],"picked":"SKIP","floor":44},{"not_picked":["Setup","Underhanded Strike+1","All Out Attack+1"],"picked":"SKIP","floor":46},{"not_picked":["Bouncing Flask","Poisoned Stab"],"picked":"Predator","floor":47}],"player_experience":455608,"relics_obtained":[{"floor":7,"key":"Dream Catcher"},{"floor":9,"key":"Letter Opener"},{"floor":12,"key":"StoneCalendar"},{"floor":14,"key":"FossilizedHelix"},{"floor":25,"key":"Regal Pillow"},{"floor":25,"key":"Orichalcum"},{"floor":31,"key":"Whetstone"},{"floor":31,"key":"Bag of Marbles"},{"floor":41,"key":"Frozen Egg 2"},{"floor":41,"key":"Smiling Mask"},{"floor":43,"key":"Pen Nib"},{"floor":44,"key":"Pear"},{"floor":44,"key":"Ginger"}],"event_choices":[{"damage_healed":0,"gold_gain":0,"player_choice":"Became a vampire","damage_taken":0,"max_hp_gain":0,"max_hp_loss":20,"event_name":"Vampires","floor":20,"gold_loss":0,"cards_obtained":["Bite","Bite","Bite","Bite","Bite"]},{"damage_healed":0,"gold_gain":0,"player_choice":"Upgraded","damage_taken":0,"max_hp_gain":0,"max_hp_loss":0,"event_name":"Upgrade Shrine","floor":21,"gold_loss":0,"cards_upgraded":["Cloak And Dagger"]},{"damage_healed":0,"gold_gain":0,"player_choice":"Ignored","damage_taken":0,"max_hp_gain":0,"max_hp_loss":0,"event_name":"Beggar","floor":29,"gold_loss":0},{"damage_healed":0,"gold_gain":0,"player_choice":"Paid Gold","damage_taken":0,"relics_obtained":["Happy Flower"],"max_hp_gain":0,"max_hp_loss":0,"event_name":"WeMeetAgain","floor":30,"gold_loss":74},{"damage_healed":0,"gold_gain":0,"player_choice":"Ignored","damage_taken":0,"max_hp_gain":0,"max_hp_loss":0,"event_name":"Mysterious Sphere","floor":37,"gold_loss":0},{"damage_healed":0,"gold_gain":0,"player_choice":"Max HP","damage_taken":0,"max_hp_gain":0,"max_hp_loss":2,"event_name":"Winding Halls","floor":38,"gold_loss":0},{"damage_healed":0,"gold_gain":0,"player_choice":"Ignored","damage_taken":0,"max_hp_gain":0,"max_hp_loss":0,"event_name":"SecretPortal","floor":45,"gold_loss":0},{"damage_healed":46,"gold_gain":0,"player_choice":"Heal","damage_taken":0,"max_hp_gain":0,"max_hp_loss":0,"event_name":"MindBloom","floor":48,"gold_loss":0,"cards_obtained":["Doubt"]}],"is_beta":false,"boss_relics":[{"not_picked":["Coffee Dripper","Lizard Tail"],"picked":"Black Star"},{"not_picked":["Eternal Feather","White Beast Statue"],"picked":"Runic Dome"}],"items_purged_floors":[],"is_endless":false,"potions_floor_spawned":[2,3,7,12,13,18,28,31,36,41,44],"ascension_level":14}