{"gold_per_floor":[111,128,141,154,165,165,191,191,191,65,91,91,134,95,95,223,286,300,324,249,9,27,27,58,79,105,118,153,153,217,232,232,355,355,379,402,402,127,148,148,98,138,138,138,159,159,199,199,199,199],"floor_reached":51,"playtime":4431,"items_purged":["Strike_G","Strike_G","Strike_G"],"score":1441,"play_id":"69e8d7d2-b899-43d5-8c80-e2a6bf13f032","local_time":"20190208160221","is_ascension_mode":true,"campfire_choices":[{"data":"Neutralize","floor":6,"key":"SMITH"},{"floor":8,"key":"REST"},{"data":"Footwork","floor":15,"key":"SMITH"},{"data":"Noxious Fumes","floor":23,"key":"SMITH"},{"floor":32,"key":"REST"},{"floor":40,"key":"REST"},{"floor":44,"key":"REST"},{"floor":46,"key":"REST"},{"floor":49,"key":"RECALL"}],"neow_cost":"NONE","seed_source_timestamp":16073831348454,"circlet_count":0,"master_deck":["AscendersBane","Defend_G","Defend_G","Defend_G+1","Defend_G","Strike_G","Survivor","Neutralize+1","Footwork+1","Well Laid Plans","Deadly Poison","Dodge and Roll","Deadly Poison","Noxious Fumes+1","Noxious Fumes","After Image","Deadly Poison","Deadly Poison","Footwork+1","Blur","Adrenaline","Doppelganger","Backflip","Catalyst","Crippling Poison+1","After Image","Parasite"],"relics":["Ring of the Snake","NeowsBlessing","Regal Pillow","The Specimen","Darkstone Periapt","Golden Idol","Du-Vu Doll","Tiny House","Mummified Hand","Dodecahedron","Smiling Mask","Boot","Tiny Chest","Fusion Hammer","Oddly Smooth Stone","Lantern","Meat on the Bone","Bag of Preparation"],"potions_floor_usage":[4,5,11,13,19,24,24,31,50,50],"damage_taken":[{"damage":0,"enemies":"Cultist","floor":1,"turns":1},{"damage":0,"enemies":"Small Slimes","floor":2,"turns":1},{"damage":0,"enemies":"2 Louse","floor":3,"turns":1},{"damage":0,"enemies":"Red Slaver","floor":4,"turns":5},{"damage":3,"enemies":"Large Slime","floor":5,"turns":10},{"damage":35,"enemies":"3 Sentries","floor":7,"turns":16},{"damage":2,"enemies":"Lagavulin","floor":11,"turns":8},{"damage":24,"enemies":"Gremlin Nob","floor":13,"turns":4},{"damage":0,"enemies":"Hexaghost","floor":16,"turns":9},{"damage":7,"enemies":"Chosen","floor":18,"turns":7},{"damage":4,"enemies":"3 Byrds","floor":19,"turns":6},{"damage":4,"enemies":"Cultist and Chosen","floor":22,"turns":5},{"damage":6,"enemies":"Gremlin Leader","floor":24,"turns":7},{"damage":2,"enemies":"Shelled Parasite and Fungi","floor":25,"turns":6},{"damage":10,"enemies":"Centurion and Healer","floor":27,"turns":6},{"damage":26,"enemies":"Book of Stabbing","floor":28,"turns":8},{"damage":1,"enemies":"Gremlin Leader","floor":30,"turns":6},{"damage":12,"enemies":"3 Cultists","floor":31,"turns":6},{"damage":8,"enemies":"Champ","floor":33,"turns":13},{"damage":21,"enemies":"Orb Walker","floor":35,"turns":6},{"damage":2,"enemies":"3 Shapes","floor":36,"turns":6},{"damage":3,"enemies":"Maw","floor":39,"turns":6},{"damage":6,"enemies":"Nemesis","floor":42,"turns":7},{"damage":12,"enemies":"Writhing Mass","floor":45,"turns":5},{"damage":0,"enemies":"Giant Head","floor":47,"turns":9},{"damage":0,"enemies":"Donu and Deca","floor":50,"turns":8}],"seed_played":"7284335679214167162","potions_obtained":[{"floor":1,"key":"SpeedPotion"},{"floor":2,"key":"SkillPotion"},{"floor":4,"key":"Strength Potion"},{"floor":16,"key":"Energy Potion"},{"floor":17,"key":"Strength Potion"},{"floor":22,"key":"Explosive Potion"},{"floor":28,"key":"SteroidPotion"},{"floor":30,"key":"Fire Potion"},{"floor":35,"key":"Weak Potion"},{"floor":42,"key":"Explosive Potion"}],"is_trial":false,"path_per_floor":["M","M","M","M","M","R","E","R","T","$","E","?","E","$","R","B",null,"M","M","?","$","M","R","E","M","T","M","E","?","E","M","R","B",null,"M","M","?","$","M","R","$","E","T","R","M","R","E","?","R","B",null],"character_chosen":"THE_SILENT","items_purchased":["AttackPotion","Noxious Fumes","Mummified Hand","Catalyst","Oddly Smooth Stone"],"campfire_rested":5,"item_purchase_floors":[10,14,21,38,38],"current_hp_per_floor":[63,63,63,63,60,60,25,61,61,61,59,59,35,35,35,35,63,56,52,52,52,48,48,42,40,40,30,4,27,26,14,50,42,63,42,40,40,40,37,70,70,64,64,70,64,76,76,76,76,76],"gold":199,"neow_bonus":"THREE_ENEMY_KILL","is_prod":false,"is_daily":false,"chose_seed":false,"campfire_upgraded":3,"win_rate":0,"timestamp":1549670541,"path_taken":["M","M","M","M","?","R","E","R","T","$","E","?","E","$","R","BOSS","M","M","?","$","M","R","E","M","T","M","E","?","E","M","R","BOSS","M","M","?","$","M","R","$","E","T","R","?","R","E","?","R","BOSS"],"build_version":"2019-01-23","purchased_purges":3,"victory":true,"max_hp_per_floor":[70,70,70,70,70,70,70,70,70,70,70,65,65,65,65,65,70,70,70,70,70,70,70,70,70,70,70,70,70,70,70,70,70,70,70,70,70,70,70,70,70,70,70,70,76,76,76,76,76,76],"card_choices":[{"not_picked":["Sucker Punch","Dagger Throw"],"picked":"Footwork","floor":1},{"not_picked":["Leg Sweep","Blade Dance"],"picked":"Well Laid Plans","floor":2},{"not_picked":["Underhanded Strike","Poisoned Stab"],"picked":"Deadly Poison","floor":3},{"not_picked":["Dagger Throw","Slice","Bane"],"picked":"SKIP","floor":4},{"not_picked":["Choke","Unload"],"picked":"Dodge and Roll","floor":5},{"not_picked":["Poisoned Stab","Sucker Punch"],"picked":"Deadly Poison","floor":7},{"not_picked":["Well Laid Plans","Distraction","Skewer"],"picked":"SKIP","floor":11},{"not_picked":["Deflect","Sucker Punch"],"picked":"Noxious Fumes","floor":13},{"not_picked":["Doppelganger","Envenom"],"picked":"After Image","floor":16},{"not_picked":["Deflect","Cloak And Dagger"],"picked":"Deadly Poison","floor":18},{"not_picked":["Backstab","Terror","Quick Slash"],"picked":"SKIP","floor":19},{"not_picked":["Cloak And Dagger","Eviscerate","Well Laid Plans"],"picked":"SKIP","floor":22},{"not_picked":["Cloak And Dagger+1","Expertise"],"picked":"Deadly Poison","floor":24},{"not_picked":["Prepared","Setup"],"picked":"Footwork","floor":25},{"not_picked":["Poisoned Stab","Bane"],"picked":"Blur","floor":27},{"not_picked":["Noxious Fumes","Outmaneuver"],"picked":"Adrenaline","floor":28},{"not_picked":["Blade Dance+1","Calculated Gamble","Slice+1"],"picked":"SKIP","floor":30},{"not_picked":["Prepared","A Thousand Cuts","Flying Knee"],"picked":"SKIP","floor":31},{"not_picked":["A Thousand Cuts","Wraith Form v2"],"picked":"Doppelganger","floor":33},{"not_picked":["Deadly Poison+1","Masterful Stab","Prepared"],"picked":"SKIP","floor":35},{"not_picked":["Acrobatics+1","Underhanded Strike"],"picked":"Backflip","floor":36},{"not_picked":["Leg Sweep","Deadly Poison"],"picked":"Crippling Poison+1","floor":39},{"not_picked":["Concentrate+1","Riddle With Holes+1"],"picked":"After Image","floor":42},{"not_picked":["Riddle With Holes+1","Sucker Punch","Dodge and Roll"],"picked":"SKIP","floor":45},{"not_picked":["All Out Attack","Dagger Throw","Deflect"],"picked":"SKIP","floor":47}],"player_experience":415774,"relics_obtained":[{"floor":7,"key":"Regal Pillow"},{"floor":9,"key":"The Specimen"},{"floor":11,"key":"Darkstone Periapt"},{"floor":13,"key":"Du-Vu Doll"},{"floor":24,"key":"Dodecahedron"},{"floor":26,"key":"Smiling Mask"},{"floor":28,"key":"Boot"},{"floor":30,"key":"Tiny Chest"},{"floor":42,"key":"Lantern"},{"floor":43,"key":"Meat on the Bone"},{"floor":47,"key":"Bag of Preparation"}],"event_choices":[{"damage_healed":0,"gold_gain":0,"player_choice":"Lose Max HP","damage_taken":0,"relics_obtained":["Golden Idol"],"max_hp_gain":0,"max_hp_loss":5,"event_name":"Golden Idol","floor":12,"gold_loss":0},{"cards_removed":["Strike_G"],"damage_healed":0,"gold_gain":0,"player_choice":"Gave Gold","damage_taken":0,"max_hp_gain":0,"max_hp_loss":0,"event_name":"Beggar","floor":20,"gold_loss":75},{"damage_healed":23,"gold_gain":0,"player_choice":"Heal","damage_taken":0,"max_hp_gain":0,"max_hp_loss":0,"event_name":"The Library","floor":29,"gold_loss":0},{"damage_healed":0,"gold_gain":0,"player_choice":"Upgraded","damage_taken":0,"max_hp_gain":0,"max_hp_loss":0,"event_name":"Upgrade Shrine","floor":37,"gold_loss":0,"cards_upgraded":["Footwork"]},{"cards_removed":["Defend_G"],"damage_healed":0,"gold_gain":0,"player_choice":"Removed Skill","damage_taken":0,"max_hp_gain":0,"max_hp_loss":0,"event_name":"Falling","floor":48,"gold_loss":0}],"is_beta":false,"boss_relics":[{"not_picked":["Lizard Tail","Runic Pyramid"],"picked":"Tiny House"},{"not_picked":["Astrolabe","Orrery"],"picked":"Fusion Hammer"}],"items_purged_floors":[10,38,41],"is_endless":false,"potions_floor_spawned":[1,2,4,16,22,28,30,35,42],"ascension_level":12}