{"gold_per_floor":[109,119,139,156,170,201,216,228,253,263,263,338,338,354,354,451,451,463,135,135,145,156,156,172,202,226,226,244,244,262,274,274,376,426,439,237,257,274,287,287,319,335,335,335,354,354,354,373,373,373,373,373,66,66],"floor_reached":54,"playtime":5539,"items_purged":["Defend_B","Strike_B","Strike_B+1"],"score":726,"play_id":"24ff91b0-2996-42d8-aa60-e8d06dcd6ff6","local_time":"20190130205303","is_ascension_mode":false,"campfire_choices":[{"floor":13.0,"key":"REST"},{"floor":15.0,"key":"RECALL"},{"data":"Rainbow","floor":23.0,"key":"SMITH"},{"floor":27.0,"key":"REST"},{"floor":29.0,"key":"REST"},{"floor":32,"key":"REST"},{"data":"Defragment","floor":40,"key":"SMITH"},{"floor":44,"key":"REST"},{"floor":47,"key":"REST"},{"floor":49,"key":"REST"},{"floor":52,"key":"REST"}],"neow_cost":"NONE","seed_source_timestamp":0,"circlet_count":0,"master_deck":["Strike_B+1","Strike_B+1","Defend_B+1","Zap+1","Dualcast+1","Beam Cell+1","FTL+1","Coolheaded+1","Chill+1","Beam Cell+1","Recycle+1","Blizzard+1","FTL+1","Defragment+1","Chill+1","Beam Cell+1","Rainbow+1","Genetic Algorithm+1","Static Discharge+1","White Noise+1","Doom and Gloom+1","White Noise+1","Capacitor+1","Beam Cell+1","Redo+1","Heatsinks+1","Cold Snap+1","Electrodynamics+1","Coolheaded+1","Coolheaded+1","Redo+1","Self Repair+1","Force Field+1","Barrage+1","Barrage+1","Compile Driver+1","Turbo+1","Stack+1","Cold Snap+1","Master of Strategy"],"special_seed":0,"relics":["FrozenCore","Kunai","PreservedInsect","DataDisk","Vajra","Tiny House","Centennial Puzzle","Letter Opener","Mark of the Bloom"],"potions_floor_usage":[33,33,35,41],"damage_taken":[{"damage":0.0,"enemies":"Cultist","floor":1.0,"turns":2.0},{"damage":0.0,"enemies":"2 Louse","floor":2.0,"turns":2.0},{"damage":6.0,"enemies":"Jaw Worm","floor":3.0,"turns":2.0},{"damage":4.0,"enemies":"Exordium Wildlife","floor":4.0,"turns":5.0},{"damage":0.0,"enemies":"Gremlin Gang","floor":5.0,"turns":5.0},{"damage":17.0,"enemies":"Lagavulin","floor":6.0,"turns":5.0},{"damage":0.0,"enemies":"3 Louse","floor":7.0,"turns":3.0},{"damage":9.0,"enemies":"Large Slime","floor":8.0,"turns":5.0},{"damage":13.0,"enemies":"Exordium Thugs","floor":10.0,"turns":4.0},{"damage":3.0,"enemies":"Looter","floor":14.0,"turns":2.0},{"damage":15.0,"enemies":"Slime Boss","floor":16.0,"turns":10.0},{"damage":19.0,"enemies":"2 Thieves","floor":18.0,"turns":5.0},{"damage":0.0,"enemies":"Shell Parasite","floor":21.0,"turns":6.0},{"damage":23.0,"enemies":"Cultist and Chosen","floor":22.0,"turns":7.0},{"damage":2.0,"enemies":"Snecko","floor":24.0,"turns":5.0},{"damage":7.0,"enemies":"Slavers","floor":25.0,"turns":5.0},{"damage":27.0,"enemies":"Snake Plant","floor":28.0,"turns":3.0},{"damage":15.0,"enemies":"Shelled Parasite and Fungi","floor":30.0,"turns":7.0},{"damage":5,"enemies":"Snecko","floor":31,"turns":5},{"damage":42,"enemies":"Champ","floor":33,"turns":10},{"damage":2,"enemies":"Orb Walker","floor":35,"turns":4},{"damage":11,"enemies":"3 Darklings","floor":37,"turns":5},{"damage":4,"enemies":"Jaw Worm Horde","floor":38,"turns":6},{"damage":18,"enemies":"Maw","floor":39,"turns":8},{"damage":35,"enemies":"Giant Head","floor":41,"turns":10},{"damage":1,"enemies":"3 Darklings","floor":42,"turns":5},{"damage":8,"enemies":"Sphere and 2 Shapes","floor":45,"turns":8},{"damage":0,"enemies":"Maw","floor":48,"turns":7},{"damage":18,"enemies":"Donu and Deca","floor":50,"turns":8},{"damage":44,"enemies":"Shield and Spear","floor":54,"turns":3}],"seed_played":"8804815778575301251","potions_obtained":[{"floor":2.0,"key":"SteroidPotion"},{"floor":3.0,"key":"Weak Potion"},{"floor":5.0,"key":"FearPotion"},{"floor":8.0,"key":"EssenceOfSteel"},{"floor":10.0,"key":"AttackPotion"},{"floor":18.0,"key":"Energy Potion"},{"floor":22.0,"key":"FearPotion"},{"floor":28.0,"key":"FearPotion"},{"floor":33,"key":"Explosive Potion"},{"floor":34,"key":"PowerPotion"},{"floor":38,"key":"Strength Potion"},{"floor":41,"key":"FearPotion"}],"is_trial":false,"path_per_floor":["M","M","M","M","M","E","M","M","T","M","?","?","R","M","R","B",null,"M","$","?","M","M","R","M","E","T","R","M","R","M","M","R","B",null,"M","$","M","M","M","R","E","M","T","R","M","?","R","M","R","B",null,"R","$","E"],"character_chosen":"DEFECT","items_purchased":["Static Discharge","DataDisk","White Noise","Redo","Self Repair","Master of Strategy"],"campfire_rested":8,"item_purchase_floors":[19,19,19,36,36,53],"current_hp_per_floor":[75,75,69,65,65,48,48,39,39,26,26,15,37,34,34,19,75,56,56,56,56,33,33,31,24,24,46,19,41,26,21,43,1,80,78,78,74,77,59,59,31,37,37,61,60,60,60,60,60,42,42,42,42,0],"gold":66,"neow_bonus":"THREE_CARDS","is_prod":false,"is_daily":false,"chose_seed":false,"campfire_upgraded":2,"win_rate":0,"timestamp":1548899583,"path_taken":["M","M","M","?","M","E","M","M","T","M","?","?","R","M","R","BOSS","M","$","?","M","M","R","M","E","T","R","?","R","M","M","R","BOSS","M","$","M","M","M","R","E","M","T","R","M","?","R","M","R","BOSS","R","$","E"],"build_version":"2019-01-23","purchased_purges":3,"victory":false,"max_hp_per_floor":[75,75,75,75,75,75,75,75,75,75,75,75,75,75,75,75,75,75,75,75,75,75,75,75,75,75,75,75,75,75,75,75,75,80,80,80,80,80,80,80,80,80,80,80,80,80,80,80,80,80,80,80,80,80],"card_choices":[{"not_picked":["Barrage","Redo"],"picked":"Beam Cell","floor":0.0},{"not_picked":["Sweeping Beam","Defragment"],"picked":"FTL","floor":1.0},{"not_picked":["Redo","Conserve Battery"],"picked":"Coolheaded","floor":2.0},{"not_picked":["Undo","Steam"],"picked":"Chill","floor":3.0},{"not_picked":["Darkness","Cold Snap"],"picked":"Beam Cell","floor":4.0},{"not_picked":["Steam","Redo"],"picked":"Recycle","floor":5.0},{"not_picked":["Heatsinks","Streamline"],"picked":"Blizzard","floor":6.0},{"not_picked":["Rainbow","Rebound"],"picked":"FTL","floor":7.0},{"not_picked":["Ball Lightning","Darkness"],"picked":"Defragment","floor":8.0},{"not_picked":["Recycle","Coolheaded"],"picked":"Chill","floor":10.0},{"not_picked":["Steam","Sweeping Beam"],"picked":"Beam Cell","floor":14.0},{"not_picked":["All For One","Fission"],"picked":"Rainbow","floor":16.0},{"not_picked":["Turbo+1","Double Energy"],"picked":"Genetic Algorithm","floor":18.0},{"not_picked":["Scrape","Go for the Eyes"],"picked":"White Noise+1","floor":21.0},{"not_picked":["Scrape","Gash+1"],"picked":"Capacitor","floor":22.0},{"not_picked":["Turbo+1","Rebound","Double Energy"],"picked":"SKIP","floor":24.0},{"not_picked":["Hyperbeam","Ball Lightning"],"picked":"Beam Cell+1","floor":25.0},{"not_picked":["Streamline","Doom and Gloom"],"picked":"Redo","floor":28.0},{"not_picked":["Rebound+1","Hologram+1"],"picked":"Heatsinks+1","floor":30},{"not_picked":["Lockon","Stack"],"picked":"Cold Snap+1","floor":31},{"not_picked":["Core Surge","Hyperbeam"],"picked":"Electrodynamics","floor":33},{"not_picked":["Rebound","Gash+1"],"picked":"Coolheaded","floor":34},{"not_picked":["Steam+1","Chaos"],"picked":"Coolheaded","floor":35},{"not_picked":["Turbo","Undo"],"picked":"Force Field+1","floor":37},{"not_picked":["Hello World+1","Sweeping Beam+1"],"picked":"Barrage+1","floor":38},{"not_picked":["Beam Cell","Streamline"],"picked":"Barrage","floor":39},{"not_picked":["Hologram","Core Surge"],"picked":"Compile Driver+1","floor":41},{"not_picked":["Auto Shields+1","Conserve Battery+1"],"picked":"Turbo+1","floor":42},{"not_picked":["Glacier+1","Conserve Battery+1"],"picked":"Stack+1","floor":45},{"not_picked":["Rebound+1","Chill"],"picked":"Cold Snap+1","floor":48}],"player_experience":100451,"relics_obtained":[{"floor":6.0,"key":"Kunai"},{"floor":9.0,"key":"PreservedInsect"},{"floor":25.0,"key":"Vajra"},{"floor":41,"key":"Centennial Puzzle"},{"floor":43,"key":"Letter Opener"}],"event_choices":[{"cards_removed":["Defend_B"],"damage_healed":0.0,"max_hp_gain":0.0,"max_hp_loss":0.0,"gold_gain":0.0,"event_name":"Living Wall","player_choice":"Forget","floor":11.0,"gold_loss":0.0,"damage_taken":0.0},{"damage_healed":0.0,"max_hp_gain":0.0,"max_hp_loss":0.0,"gold_gain":75.0,"event_name":"World of Goop","player_choice":"Gather Gold","floor":12.0,"gold_loss":0.0,"damage_taken":11.0},{"damage_healed":0.0,"max_hp_gain":0.0,"max_hp_loss":0.0,"gold_gain":0.0,"cards_transformed":["Defend_B"],"event_name":"Transmorgrifier","player_choice":"Transformed","floor":20.0,"gold_loss":0.0,"damage_taken":0.0,"cards_obtained":["Doom and Gloom"]},{"damage_healed":0,"gold_gain":0,"player_choice":"Upgrade","damage_taken":0,"relics_obtained":["Mark of the Bloom"],"max_hp_gain":0,"max_hp_loss":0,"event_name":"MindBloom","floor":46,"gold_loss":0,"cards_upgraded":["Strike_B","Strike_B","Strike_B","Defend_B","Zap","Dualcast","Beam Cell","FTL","Coolheaded","Beam Cell","Recycle","Blizzard","FTL","Chill","Beam Cell","Genetic Algorithm","Static Discharge","White Noise","Doom and Gloom","Capacitor","Redo","Electrodynamics","Coolheaded","Coolheaded","Redo","Self Repair","Barrage"]}],"is_beta":false,"boss_relics":[{"not_picked":["Cursed Key","Inserter"],"picked":"FrozenCore"},{"not_picked":["Eternal Feather","Lizard Tail"],"picked":"Tiny House"}],"items_purged_floors":[19,36,53],"is_endless":false,"potions_floor_spawned":[2,3,5,8,10,18,22,28,33,38,41,45],"killed_by":"Shield and Spear","ascension_level":0}