{"gold_per_floor":[113,113,113,163,183,221,234,234,234,234,250,268,38,38,38,184,184,205,205,205,230,230,230,261,261,286,286,286],"floor_reached":28,"playtime":960,"items_purged":["Writhe"],"score":363,"play_id":"6f86144b-baa5-405a-8840-2b3029346924","local_time":"20190318033755","is_ascension_mode":true,"campfire_choices":[{"data":"Shrug It Off","floor":8,"key":"SMITH"},{"data":"Pommel Strike","floor":10,"key":"SMITH"},{"data":"HandOfGreed","floor":15,"key":"SMITH"},{"data":"Spot Weakness","floor":23,"key":"SMITH"},{"data":"Body Slam","floor":25,"key":"SMITH"}],"neow_cost":"CURSE","seed_source_timestamp":345260032307023,"circlet_count":0,"master_deck":["AscendersBane","Strike_R","Strike_R","Strike_R","Strike_R","Defend_R","Defend_R","Defend_R","Bash","Pommel Strike+1","Cleave","Combust","Shrug It Off+1","Warcry","Shockwave","Double Tap","HandOfGreed+1","Shrug It Off","Impervious","Evolve","Spot Weakness+1","Headbutt","Flex","Whirlwind+1","Fire Breathing+1","RitualDagger","Flame Barrier","Writhe","Body Slam+1","Necronomicurse"],"relics":["Burning Blood","Golden Idol","Orichalcum","The Courier","Magic Flower","Orrery","Letter Opener","Self Forming Clay","Blood Vial","Necronomicon"],"potions_floor_usage":[5,11,16,16,24,28],"damage_taken":[{"damage":4,"enemies":"Cultist","floor":1,"turns":3},{"damage":5,"enemies":"Small Slimes","floor":5,"turns":3},{"damage":36,"enemies":"Gremlin Nob","floor":6,"turns":5},{"damage":7,"enemies":"Jaw Worm","floor":7,"turns":4},{"damage":5,"enemies":"Looter","floor":11,"turns":4},{"damage":15,"enemies":"Exordium Thugs","floor":12,"turns":5},{"damage":37,"enemies":"Slime Boss","floor":16,"turns":6},{"damage":11,"enemies":"Chosen","floor":18,"turns":5},{"damage":18,"enemies":"3 Byrds","floor":21,"turns":4},{"damage":19,"enemies":"Gremlin Leader","floor":24,"turns":6},{"damage":20,"enemies":"Book of Stabbing","floor":28,"turns":4}],"seed_played":"-4207804251833917138","potions_obtained":[{"floor":1,"key":"Poison Potion"},{"floor":6,"key":"GamblersBrew"},{"floor":7,"key":"Weak Potion"},{"floor":12,"key":"Block Potion"},{"floor":18,"key":"SteroidPotion"},{"floor":21,"key":"SpeedPotion"}],"is_trial":false,"path_per_floor":["M","?","?","T","M","E","M","R","T","R","M","M","$","$","R","B",null,"M","?","?","M","?","R","E","R","T","?","E"],"character_chosen":"IRONCLAD","items_purchased":["HandOfGreed","Shrug It Off"],"campfire_rested":0,"item_purchase_floors":[13,13],"current_hp_per_floor":[74,74,74,74,74,44,43,43,43,43,47,41,41,41,41,13,59,57,51,51,42,42,42,32,32,32,16,0],"gold":286,"neow_bonus":"TRANSFORM_TWO_CARDS","is_prod":false,"is_daily":false,"chose_seed":false,"campfire_upgraded":5,"win_rate":0,"timestamp":1552847875,"path_taken":["M","?","?","?","M","E","M","R","T","R","M","M","?","$","R","BOSS","M","?","?","?","?","R","E","R","T","?","E"],"build_version":"2019-01-23","purchased_purges":1,"victory":false,"max_hp_per_floor":[80,80,74,74,74,74,74,74,74,74,74,74,74,74,74,74,74,74,74,74,74,74,74,74,74,74,74,74],"card_choices":[{"not_picked":["Warcry","Second Wind"],"picked":"Cleave","floor":1},{"not_picked":["Ghostly Armor","Pommel Strike"],"picked":"Shrug It Off","floor":5},{"not_picked":["Heavy Blade","Sword Boomerang"],"picked":"Warcry","floor":6},{"not_picked":["Bloodletting","Sword Boomerang"],"picked":"Shockwave","floor":7},{"not_picked":["Combust","Warcry","Corruption"],"picked":"SKIP","floor":11},{"not_picked":["Wild Strike","Havoc"],"picked":"Double Tap","floor":12},{"not_picked":["Juggernaut","Feed"],"picked":"Impervious","floor":16},{"not_picked":["Pummel","Clothesline"],"picked":"Evolve","floor":17},{"not_picked":["Havoc","Thunderclap"],"picked":"Spot Weakness","floor":17},{"not_picked":["Clash","Twin Strike"],"picked":"Headbutt","floor":17},{"not_picked":["Ghostly Armor","Body Slam"],"picked":"Flex","floor":17},{"not_picked":["Seeing Red","Double Tap"],"picked":"Whirlwind","floor":17},{"not_picked":["Wild Strike+1","Sword Boomerang"],"picked":"Fire Breathing+1","floor":18},{"not_picked":["Pommel Strike","Warcry"],"picked":"Flame Barrier","floor":21},{"not_picked":["Havoc","Fiend Fire"],"picked":"Body Slam","floor":24}],"player_experience":554709,"relics_obtained":[{"floor":4,"key":"Orichalcum"},{"floor":6,"key":"The Courier"},{"floor":9,"key":"Magic Flower"},{"floor":24,"key":"Self Forming Clay"},{"floor":26,"key":"Blood Vial"},{"floor":27,"key":"Necronomicon"}],"event_choices":[{"damage_healed":0,"gold_gain":0,"cards_transformed":["Hemokinesis"],"player_choice":"Change","damage_taken":0,"max_hp_gain":0,"max_hp_loss":0,"event_name":"Living Wall","floor":2,"gold_loss":0,"cards_obtained":["Combust"]},{"damage_healed":0,"gold_gain":0,"player_choice":"Lose Max HP","damage_taken":0,"relics_obtained":["Golden Idol"],"max_hp_gain":0,"max_hp_loss":6,"event_name":"Golden Idol","floor":3,"gold_loss":0},{"damage_healed":0,"gold_gain":0,"player_choice":"Joined the Cult","damage_taken":6,"max_hp_gain":0,"max_hp_loss":0,"event_name":"Nest","floor":19,"gold_loss":0,"cards_obtained":["RitualDagger"]},{"damage_healed":0,"gold_gain":0,"player_choice":"Forge","damage_taken":0,"max_hp_gain":0,"max_hp_loss":0,"event_name":"Accursed Blacksmith","floor":20,"gold_loss":0,"cards_upgraded":["Whirlwind"]},{"damage_healed":0,"gold_gain":0,"player_choice":"Opened","damage_taken":0,"relics_obtained":["Letter Opener"],"max_hp_gain":0,"max_hp_loss":0,"event_name":"The Mausoleum","floor":22,"gold_loss":0,"cards_obtained":["Writhe"]},{"damage_healed":0,"gold_gain":0,"player_choice":"Obtained Book","damage_taken":16,"max_hp_gain":0,"max_hp_loss":0,"event_name":"Cursed Tome","floor":27,"gold_loss":0}],"is_beta":false,"boss_relics":[{"not_picked":["Ectoplasm","Runic Cube"],"picked":"Orrery"}],"items_purged_floors":[13],"is_endless":false,"potions_floor_spawned":[1,6,7,12,18,21],"killed_by":"Book of Stabbing","ascension_level":11}