{"gold_per_floor":[118,135,10,10,10,10,36,6,6,26,40,5,5,5,5,5],"floor_reached":16,"playtime":1261,"items_purged":["Strike_G"],"score":127,"play_id":"6e873d80-d1af-4060-ac6e-59f86203706c","local_time":"20190317113652","is_ascension_mode":true,"campfire_choices":[{"data":"Neutralize","floor":6,"key":"SMITH"},{"data":"Cloak And Dagger","floor":13,"key":"SMITH"},{"floor":15,"key":"REST"}],"neow_cost":"NONE","seed_source_timestamp":286426153181813,"circlet_count":0,"master_deck":["Defend_G","Defend_G","Defend_G","Defend_G","Defend_G","Strike_G","Strike_G","Strike_G","Strike_G","Survivor","Neutralize+1","Acrobatics","Regret","Quick Slash","Calculated Gamble","Backstab","Cloak And Dagger+1","Adrenaline"],"relics":["Philosopher\u0027s Stone","Vajra","Dream Catcher","The Courier","Ice Cream","Golden Idol"],"potions_floor_usage":[16],"damage_taken":[{"damage":5,"enemies":"Small Slimes","floor":1,"turns":6},{"damage":0,"enemies":"2 Louse","floor":2,"turns":3},{"damage":32,"enemies":"3 Sentries","floor":7,"turns":12},{"damage":2,"enemies":"Cultist","floor":10,"turns":3},{"damage":1,"enemies":"Large Slime","floor":11,"turns":4},{"damage":47,"enemies":"Hexaghost","floor":16,"turns":11}],"seed_played":"2569079351082279803","potions_obtained":[{"floor":10,"key":"SpeedPotion"}],"is_trial":false,"path_per_floor":["M","M","$","?","?","R","E","$","T","M","M","?","R","?","R","B"],"character_chosen":"THE_SILENT","items_purchased":["Block Potion","Calculated Gamble"],"campfire_rested":1,"item_purchase_floors":[3,8],"current_hp_per_floor":[58,58,58,58,58,58,26,26,26,24,23,40,40,23,44,0],"gold":5,"neow_bonus":"BOSS_RELIC","is_prod":false,"is_daily":false,"chose_seed":false,"campfire_upgraded":2,"win_rate":0,"timestamp":1552847812,"path_taken":["M","M","$","?","?","R","E","$","T","?","M","?","R","?","R","BOSS"],"build_version":"2019-01-23","purchased_purges":1,"victory":false,"max_hp_per_floor":[70,70,70,70,70,70,70,70,70,70,70,70,70,70,70,70],"card_choices":[{"not_picked":["Poisoned Stab","Blade Dance","Bane"],"picked":"SKIP","floor":1},{"not_picked":["Bane","Outmaneuver"],"picked":"Acrobatics","floor":2},{"not_picked":["Poisoned Stab","Eviscerate"],"picked":"Quick Slash","floor":7},{"not_picked":["Underhanded Strike","Acrobatics"],"picked":"Backstab","floor":10},{"not_picked":["Setup","Acrobatics"],"picked":"Cloak And Dagger","floor":11},{"not_picked":["Flying Knee","Outmaneuver"],"picked":"Adrenaline","floor":15}],"player_experience":369973,"relics_obtained":[{"floor":7,"key":"The Courier"},{"floor":9,"key":"Ice Cream"}],"event_choices":[{"damage_healed":0,"gold_gain":0,"player_choice":"Box","damage_taken":0,"relics_obtained":["Vajra"],"max_hp_gain":0,"max_hp_loss":0,"event_name":"Big Fish","floor":4,"gold_loss":0,"cards_obtained":["Regret"]},{"damage_healed":0,"gold_gain":0,"player_choice":"Gave Potion","damage_taken":0,"relics_obtained":["Dream Catcher"],"max_hp_gain":0,"max_hp_loss":0,"event_name":"WeMeetAgain","floor":5,"gold_loss":0},{"damage_healed":17,"gold_gain":0,"player_choice":"Healed","damage_taken":0,"max_hp_gain":0,"max_hp_loss":0,"event_name":"The Cleric","floor":12,"gold_loss":35},{"damage_healed":0,"gold_gain":0,"player_choice":"Take Damage","damage_taken":17,"relics_obtained":["Golden Idol"],"max_hp_gain":0,"max_hp_loss":0,"event_name":"Golden Idol","floor":14,"gold_loss":0}],"is_beta":false,"boss_relics":[],"items_purged_floors":[3],"is_endless":false,"potions_floor_spawned":[10],"killed_by":"Hexaghost","ascension_level":6}