{"gold_per_floor":[116,116,127,141,141,173,185,216,290,319,336,352,427,443,443,540,540,559,559,131,142,142],"floor_reached":22,"playtime":1797,"items_purged":["Strike_B"],"score":239,"play_id":"0cc2899f-156e-48cf-8ea5-6a472ab6dfe0","local_time":"20190303163144","is_ascension_mode":true,"campfire_choices":[{"data":"Echo Form","floor":15,"key":"SMITH"}],"neow_cost":"NONE","seed_source_timestamp":1208645315738658,"circlet_count":0,"master_deck":["Defend_B","Defend_B","Defend_B","Defend_B","Zap","Dualcast","Buffer","Chill","Rip and Tear","Chaos","Go for the Eyes","Sunder","Coolheaded","Echo Form+1","Steam","Buffer","Conserve Battery","Loop","Double Energy","Capacitor","Fusion"],"relics":["Cracked Core","Strawberry","Gambling Chip","Mummified Hand","Blood Vial","Orrery","PreservedInsect","Tiny Chest"],"potions_floor_usage":[10,10,18,19,19,19,19,19],"damage_taken":[{"damage":8,"enemies":"Small Slimes","floor":1,"turns":4},{"damage":0,"enemies":"Cultist","floor":3,"turns":3},{"damage":0,"enemies":"Jaw Worm","floor":4,"turns":3},{"damage":14,"enemies":"3 Sentries","floor":6,"turns":9},{"damage":3,"enemies":"Exordium Thugs","floor":7,"turns":3},{"damage":13,"enemies":"Lagavulin","floor":8,"turns":6},{"damage":6,"enemies":"3 Sentries","floor":10,"turns":6},{"damage":4,"enemies":"Looter","floor":11,"turns":2},{"damage":8,"enemies":"2 Fungi Beasts","floor":12,"turns":2},{"damage":0,"enemies":"Blue Slaver","floor":14,"turns":3},{"damage":18,"enemies":"Slime Boss","floor":16,"turns":9},{"damage":1,"enemies":"3 Byrds","floor":18,"turns":4},{"damage":16,"enemies":"Colosseum Slavers","floor":19,"turns":7},{"damage":48,"enemies":"Colosseum Nobs","floor":19,"turns":7},{"damage":6,"enemies":"Chosen","floor":21,"turns":6},{"damage":27,"enemies":"3 Cultists","floor":22,"turns":5}],"seed_played":"-3892989146380043289","potions_obtained":[{"floor":1,"key":"Dexterity Potion"},{"floor":6,"key":"Regen Potion"},{"floor":8,"key":"AttackPotion"},{"floor":10,"key":"Explosive Potion"},{"floor":14,"key":"Weak Potion"},{"floor":16,"key":"SmokeBomb"},{"floor":18,"key":"EntropicBrew"}],"is_trial":false,"path_per_floor":["M","?","M","M","?","E","M","E","T","E","M","M","?","M","R","B",null,"M","?","$","M","M"],"character_chosen":"DEFECT","items_purchased":["PreservedInsect","Tiny Chest","Capacitor"],"campfire_rested":0,"item_purchase_floors":[20,20,20],"current_hp_per_floor":[67,67,67,67,67,60,57,44,44,53,51,45,34,36,36,20,82,81,20,20,16,0],"gold":142,"neow_bonus":"TRANSFORM_CARD","is_prod":false,"is_daily":false,"chose_seed":false,"campfire_upgraded":1,"win_rate":0,"timestamp":1551648704,"path_taken":["M","?","?","M","?","E","M","E","T","E","M","?","?","M","R","BOSS","M","?","$","M","M"],"build_version":"2019-01-23","purchased_purges":1,"victory":false,"max_hp_per_floor":[75,75,75,75,75,82,82,82,82,82,82,82,82,82,82,82,82,82,82,82,82,82],"card_choices":[{"not_picked":["Aggregate","Streamline"],"picked":"Chill","floor":1},{"not_picked":["Cold Snap","Sweeping Beam"],"picked":"Chaos","floor":3},{"not_picked":["Beam Cell","Steam Power"],"picked":"Go for the Eyes","floor":4},{"not_picked":["Conserve Battery","Sweeping Beam"],"picked":"Sunder","floor":6},{"not_picked":["Go for the Eyes","Blizzard","Beam Cell"],"picked":"SKIP","floor":7},{"not_picked":["Storm","Redo","Genetic Algorithm"],"picked":"SKIP","floor":8},{"not_picked":["Consume","Leap","Go for the Eyes"],"picked":"SKIP","floor":10},{"not_picked":["Stack","Rebound"],"picked":"Coolheaded","floor":11},{"not_picked":["Barrage","White Noise"],"picked":"Echo Form","floor":12},{"not_picked":["Rip and Tear","Auto Shields"],"picked":"Steam","floor":14},{"not_picked":["Reboot","Hyperbeam"],"picked":"Buffer","floor":16},{"not_picked":["Stack","Streamline"],"picked":"Conserve Battery","floor":17},{"not_picked":["Beam Cell","Compile Driver"],"picked":"Loop","floor":17},{"not_picked":["Genetic Algorithm","Thunder Strike"],"picked":"Double Energy","floor":18},{"not_picked":["Leap","Gash"],"picked":"Fusion","floor":21}],"player_experience":218255,"relics_obtained":[{"floor":6,"key":"Strawberry"},{"floor":8,"key":"Gambling Chip"},{"floor":9,"key":"Mummified Hand"},{"floor":10,"key":"Blood Vial"}],"event_choices":[{"damage_healed":0,"gold_gain":0,"cards_transformed":["Strike_B"],"player_choice":"Transformed","damage_taken":0,"max_hp_gain":0,"max_hp_loss":0,"event_name":"Transmorgrifier","floor":2,"gold_loss":0,"cards_obtained":["Rip and Tear"]},{"cards_removed":["Strike_B"],"damage_healed":0,"gold_gain":0,"player_choice":"Purged","damage_taken":0,"max_hp_gain":0,"max_hp_loss":0,"event_name":"Purifier","floor":5,"gold_loss":0},{"damage_healed":0,"gold_gain":75,"player_choice":"Gather Gold","damage_taken":11,"max_hp_gain":0,"max_hp_loss":0,"event_name":"World of Goop","floor":13,"gold_loss":0},{"damage_healed":0,"gold_gain":0,"player_choice":"Fight","damage_taken":0,"max_hp_gain":0,"max_hp_loss":0,"event_name":"Colosseum","floor":19,"gold_loss":0},{"damage_healed":0,"gold_gain":0,"player_choice":"Fought Nobs","damage_taken":0,"max_hp_gain":0,"max_hp_loss":0,"event_name":"Colosseum","floor":19,"gold_loss":0}],"is_beta":false,"boss_relics":[{"not_picked":["White Beast Statue","Busted Crown"],"picked":"Orrery"}],"items_purged_floors":[20],"is_endless":false,"potions_floor_spawned":[1,6,8,10,14,16,18,19],"killed_by":"3 Cultists","ascension_level":3}