{"gold_per_floor":[110,128,128,144,294,294,326,326,626,626,586,597,116,132,132,206,206,222,222,222,241,252,252,271,546,595,614,614],"floor_reached":28,"playtime":1457,"items_purged":["Doubt"],"score":465,"play_id":"33b5bd9d-897d-4c8f-a028-4bbd50a03adc","local_time":"20190111180819","is_ascension_mode":true,"campfire_choices":[{"floor":6,"key":"REST"},{"data":"Noxious Fumes","floor":8,"key":"SMITH"},{"floor":10,"key":"REST"},{"data":"Footwork","floor":15,"key":"SMITH"},{"floor":23,"key":"REST"}],"neow_cost":"NONE","seed_source_timestamp":189962815197633,"circlet_count":0,"master_deck":["AscendersBane","Defend_G+1","Defend_G+1","Defend_G+1","Defend_G+1","Defend_G+1","Strike_G+1","Strike_G+1","Strike_G+1","Strike_G+1","Strike_G+1","Survivor+1","Neutralize","Noxious Fumes","Noxious Fumes","Choke","Noxious Fumes+1","Sucker Punch","Footwork+1","Deadly Poison","Backflip","Adrenaline","Leg Sweep","Blur","Regret"],"relics":["Ring of the Snake","NeowsBlessing","Paper Crane","Old Coin","Singing Bowl","Velvet Choker","Bag of Preparation"],"potions_floor_usage":[22,24],"damage_taken":[{"damage":0,"enemies":"Small Slimes","floor":1,"turns":1},{"damage":0,"enemies":"Jaw Worm","floor":2,"turns":1},{"damage":0,"enemies":"Cultist","floor":4,"turns":1},{"damage":41,"enemies":"Gremlin Nob","floor":7,"turns":5},{"damage":14,"enemies":"Large Slime","floor":12,"turns":7},{"damage":4,"enemies":"Blue Slaver","floor":14,"turns":4},{"damage":15,"enemies":"Hexaghost","floor":16,"turns":9},{"damage":6,"enemies":"Spheric Guardian","floor":18,"turns":4},{"damage":15,"enemies":"3 Byrds","floor":21,"turns":4},{"damage":10,"enemies":"Cultist and Chosen","floor":22,"turns":8},{"damage":4,"enemies":"Centurion and Healer","floor":24,"turns":6},{"damage":24,"enemies":"Snecko","floor":27,"turns":6},{"damage":15,"enemies":"Snake Plant","floor":28,"turns":3}],"seed_played":"5099640474184499647","potions_obtained":[{"floor":2,"key":"Swift Potion"},{"floor":11,"key":"SpeedPotion"},{"floor":21,"key":"Explosive Potion"},{"floor":24,"key":"FairyPotion"},{"floor":27,"key":"SteroidPotion"}],"is_trial":false,"path_per_floor":["M","M","?","M","?","R","E","R","T","R","?","M","$","M","R","B",null,"M","?","?","M","M","R","M","?","T","M","M"],"character_chosen":"THE_SILENT","items_purchased":["Footwork","Singing Bowl","Deadly Poison"],"campfire_rested":3,"item_purchase_floors":[13,13,13],"current_hp_per_floor":[59,59,39,39,39,58,17,17,17,36,36,22,22,18,18,3,50,44,44,26,13,5,27,23,23,23,9,0],"gold":614,"neow_bonus":"THREE_ENEMY_KILL","is_prod":false,"is_daily":false,"chose_seed":false,"campfire_upgraded":2,"win_rate":0,"timestamp":1547222899,"path_taken":["M","M","?","M","?","R","E","R","T","R","?","M","$","?","R","BOSS","M","?","?","M","M","R","M","?","T","M","M"],"build_version":"2019-01-10","purchased_purges":1,"victory":false,"max_hp_per_floor":[66,66,66,66,66,66,66,66,66,66,66,66,66,66,66,66,66,66,66,71,73,75,75,75,75,75,77,77],"card_choices":[{"not_picked":["Dagger Throw","Backflip"],"picked":"Noxious Fumes","floor":1},{"not_picked":["Dagger Spray","Blade Dance"],"picked":"Noxious Fumes","floor":2},{"not_picked":["Riddle With Holes","Sucker Punch"],"picked":"Choke","floor":4},{"not_picked":["Wraith Form v2","Expertise"],"picked":"Noxious Fumes","floor":7},{"not_picked":["Eviscerate","Bane"],"picked":"Sucker Punch","floor":12},{"not_picked":["Tools of the Trade","Eviscerate"],"picked":"Backflip","floor":14},{"not_picked":["Venomology","Storm of Steel"],"picked":"Adrenaline","floor":16},{"not_picked":["Cloak And Dagger","Blade Dance"],"picked":"Leg Sweep","floor":18},{"not_picked":["Heel Hook","Expertise","Bouncing Flask"],"picked":"Singing Bowl","floor":21},{"not_picked":["Finisher","Predator","Masterful Stab"],"picked":"Singing Bowl","floor":22},{"not_picked":["Slice","Cloak And Dagger"],"picked":"Blur","floor":24},{"not_picked":["Backflip","Deadly Poison","All Out Attack"],"picked":"Singing Bowl","floor":27}],"player_experience":663466,"relics_obtained":[{"floor":7,"key":"Paper Crane"},{"floor":9,"key":"Old Coin"},{"floor":26,"key":"Bag of Preparation"}],"event_choices":[{"damage_healed":0,"gold_gain":0,"player_choice":"Entered Light","damage_taken":20,"max_hp_gain":0,"max_hp_loss":0,"event_name":"Shining Light","floor":3,"gold_loss":0,"cards_upgraded":["Survivor","Defend_G"]},{"damage_healed":0,"gold_gain":150,"player_choice":"AGREE","damage_taken":0,"max_hp_gain":0,"max_hp_loss":0,"event_name":"Liars Game","floor":5,"gold_loss":0,"cards_obtained":["Doubt"]},{"damage_healed":0,"gold_gain":0,"player_choice":"Bought 3 Potions","damage_taken":0,"max_hp_gain":0,"max_hp_loss":0,"event_name":"The Woman in Blue","floor":11,"gold_loss":0},{"damage_healed":0,"gold_gain":0,"player_choice":"Simplicity","damage_taken":0,"max_hp_gain":0,"max_hp_loss":0,"event_name":"Back to Basics","floor":19,"gold_loss":0,"cards_upgraded":["Defend_G","Defend_G","Defend_G","Defend_G","Strike_G","Strike_G","Strike_G","Strike_G","Strike_G"]},{"damage_healed":0,"gold_gain":0,"player_choice":"Shed Blood","damage_taken":23,"max_hp_gain":5,"max_hp_loss":0,"event_name":"Forgotten Altar","floor":20,"gold_loss":0},{"damage_healed":0,"gold_gain":275,"player_choice":"Desecrate","damage_taken":0,"max_hp_gain":0,"max_hp_loss":0,"event_name":"Golden Shrine","floor":25,"gold_loss":0,"cards_obtained":["Regret"]}],"is_beta":true,"boss_relics":[{"not_picked":["HoveringKite","Ectoplasm"],"picked":"Velvet Choker"}],"items_purged_floors":[13],"is_endless":false,"potions_floor_spawned":[2,12,16,21,24,27],"killed_by":"Snake Plant","ascension_level":20}