{"gold_per_floor":[112,131,147,167,186,186,202,202,202,202,202,202,202,225,225,344,344,357,357,371,286,7,7,7,7,82,95,75,100,100,124,124,124],"floor_reached":33,"playtime":2494,"items_purged":["Strike_R"],"score":289,"play_id":"9fe757ca-c53d-4d31-a92e-ef29c4e84df7","local_time":"20190126203314","is_ascension_mode":false,"campfire_choices":[{"data":"Flex","floor":6,"key":"SMITH"},{"data":"Bash","floor":8,"key":"SMITH"},{"data":"Inflame","floor":10,"key":"SMITH"},{"data":"Dropkick","floor":12,"key":"SMITH"},{"data":"Clash","floor":15,"key":"SMITH"},{"data":"Heavy Blade","floor":23,"key":"SMITH"},{"data":"FTL","floor":30,"key":"SMITH"},{"data":"Brutality","floor":32,"key":"SMITH"}],"neow_cost":"NONE","seed_source_timestamp":1328144613476537,"circlet_count":0,"master_deck":["Strike_R","Strike_R","Strike_R","Strike_R","Defend_R","Defend_R","Defend_R","Defend_R","Bash+1","Flex+1","Twin Strike+1","Iron Wave+1","Inflame+1","Spot Weakness","Dropkick+1","Clash+1","Brutality+1","Heavy Blade+1","Clash+1","Whirlwind","Quick Slash","FTL+1","Madness+1"],"relics":["Burning Blood","PreservedInsect","Question Card","Golden Idol","Philosopher\u0027s Stone","Pocketwatch","PrismaticShard","Kunai"],"potions_floor_usage":[16,18,31,33,33,33],"damage_taken":[{"damage":6,"enemies":"Cultist","floor":1,"turns":3},{"damage":6,"enemies":"Jaw Worm","floor":2,"turns":5},{"damage":0,"enemies":"Small Slimes","floor":3,"turns":3},{"damage":10,"enemies":"Looter","floor":4,"turns":3},{"damage":22,"enemies":"Large Slime","floor":5,"turns":5},{"damage":13,"enemies":"Exordium Wildlife","floor":7,"turns":3},{"damage":8,"enemies":"Lots of Slimes","floor":14,"turns":4},{"damage":0,"enemies":"Slime Boss","floor":16,"turns":9},{"damage":9,"enemies":"Shell Parasite","floor":18,"turns":2},{"damage":25,"enemies":"3 Byrds","floor":20,"turns":4},{"damage":21,"enemies":"Shelled Parasite and Fungi","floor":27,"turns":4},{"damage":4,"enemies":"3 Cultists","floor":29,"turns":3},{"damage":5,"enemies":"Sentry and Sphere","floor":31,"turns":3},{"damage":65,"enemies":"Automaton","floor":33,"turns":6}],"seed_played":"-1096394085359657185","potions_obtained":[{"floor":4,"key":"Explosive Potion"},{"floor":7,"key":"Strength Potion"},{"floor":14,"key":"EssenceOfSteel"},{"floor":16,"key":"FearPotion"},{"floor":28,"key":"AttackPotion"},{"floor":31,"key":"SpeedPotion"}],"is_trial":false,"path_per_floor":["M","M","M","M","M","R","M","R","T","R","?","R","?","M","R","B",null,"M","?","M","?","$","R","$","?","T","M","?","M","R","M","R","B"],"character_chosen":"IRONCLAD","items_purchased":["PrismaticShard"],"campfire_rested":0,"item_purchase_floors":[22],"current_hp_per_floor":[80,80,80,76,60,60,53,53,53,53,37,37,37,35,35,41,74,71,71,52,52,52,52,52,52,52,37,37,39,39,40,40,0],"gold":124,"neow_bonus":"RANDOM_COMMON_RELIC","is_prod":false,"is_daily":false,"chose_seed":false,"campfire_upgraded":8,"win_rate":0.0,"timestamp":1548552794,"path_taken":["M","M","?","M","M","R","M","R","T","R","?","R","?","M","R","BOSS","M","?","M","?","$","R","?","?","T","M","?","M","R","M","R","BOSS"],"build_version":"2019-01-23","purchased_purges":1,"victory":false,"max_hp_per_floor":[80,80,80,80,80,80,80,80,80,80,80,80,74,74,74,74,74,74,74,74,74,74,74,74,74,74,74,74,74,74,74,74,74],"card_choices":[{"not_picked":["Clothesline","Metallicize"],"picked":"Flex","floor":1},{"not_picked":["Blood for Blood","Thunderclap"],"picked":"Twin Strike","floor":2},{"not_picked":["Clothesline","Twin Strike"],"picked":"Iron Wave","floor":3},{"not_picked":["Feel No Pain","Uppercut"],"picked":"Inflame","floor":4},{"not_picked":["True Grit","Warcry"],"picked":"Spot Weakness","floor":5},{"not_picked":["Iron Wave","Second Wind"],"picked":"Dropkick","floor":7},{"not_picked":["Thunderclap","Twin Strike","Feed"],"picked":"Clash","floor":14},{"not_picked":["Juggernaut","Fiend Fire","Berserk"],"picked":"Brutality","floor":16},{"not_picked":["Rupture","Sword Boomerang+1","Dual Wield"],"picked":"Heavy Blade","floor":18},{"not_picked":["Carnage","Body Slam+1","Second Wind"],"picked":"Clash+1","floor":20},{"not_picked":["Conserve Battery","Streamline","Barrage"],"picked":"Quick Slash","floor":27},{"not_picked":["Acrobatics","PiercingWail","Power Through+1"],"picked":"FTL","floor":29},{"not_picked":["Barrage","Quick Slash","Mayhem"],"picked":"Madness+1","floor":31}],"player_experience":14707,"relics_obtained":[{"floor":9,"key":"Question Card"},{"floor":26,"key":"Kunai"}],"event_choices":[{"damage_healed":0,"gold_gain":0,"player_choice":"Entered Light","damage_taken":16,"max_hp_gain":0,"max_hp_loss":0,"event_name":"Shining Light","floor":11,"gold_loss":0,"cards_upgraded":["Twin Strike","Iron Wave"]},{"damage_healed":0,"gold_gain":0,"player_choice":"Lose Max HP","damage_taken":0,"relics_obtained":["Golden Idol"],"max_hp_gain":0,"max_hp_loss":6,"event_name":"Golden Idol","floor":13,"gold_loss":0},{"damage_healed":0,"gold_gain":0,"player_choice":"Ignored","damage_taken":0,"max_hp_gain":0,"max_hp_loss":0,"event_name":"Ghosts","floor":19,"gold_loss":0},{"damage_healed":0,"gold_gain":0,"player_choice":"Obtained Relic","damage_taken":0,"relics_obtained":["Pocketwatch"],"max_hp_gain":0,"max_hp_loss":0,"event_name":"Addict","floor":21,"gold_loss":85},{"damage_healed":0,"gold_gain":0,"player_choice":"Read","damage_taken":0,"max_hp_gain":0,"max_hp_loss":0,"event_name":"The Library","floor":25,"gold_loss":0,"cards_obtained":["Whirlwind"]},{"damage_healed":0,"gold_gain":0,"player_choice":"Bought 1 Potion","damage_taken":0,"max_hp_gain":0,"max_hp_loss":0,"event_name":"The Woman in Blue","floor":28,"gold_loss":0}],"is_beta":false,"boss_relics":[{"not_picked":["Lizard Tail","Orrery"],"picked":"Philosopher\u0027s Stone"}],"items_purged_floors":[22],"is_endless":false,"potions_floor_spawned":[4,7,14,16,31],"killed_by":"Automaton","ascension_level":0}