{"gold_per_floor":[109,129,145,220,145,145,179,208,208,208,222,222,236,293,293,364,364,384,0,12,12,12,12,37,37,37,37,53,114,124,144,144,218,218,229,23,38,38],"floor_reached":38,"playtime":2828,"items_purged":[],"score":828,"play_id":"eac20826-a951-431f-acd8-40e8a47c3801","local_time":"20190317132059","is_ascension_mode":true,"campfire_choices":[{"data":"Havoc","floor":6,"key":"SMITH"},{"data":"Bludgeon","floor":10,"key":"SMITH"},{"data":"Bash","floor":12,"key":"SMITH"},{"floor":15,"key":"REST"},{"floor":23,"key":"REST"},{"data":"Metamorphosis","floor":25,"key":"SMITH"},{"floor":32,"key":"REST"}],"neow_cost":"NONE","seed_source_timestamp":346491946516391,"circlet_count":0,"master_deck":["AscendersBane","Strike_R","Strike_R","Strike_R","Strike_R","Strike_R","Defend_R","Defend_R","Defend_R","Bash+1","Ghostly Armor","Spot Weakness","Havoc+1","Battle Trance","Bludgeon+1","Body Slam+1","Power Through","Pummel+1","Demon Form","Metallicize+1","Metamorphosis+1","Headbutt+1","Body Slam+1","Body Slam+1","Disarm","True Grit+1","Headbutt+1","Barricade","Whirlwind+1","Mayhem"],"relics":["Burning Blood","Regal Pillow","Odd Mushroom","Molten Egg 2","Vajra","Sozu","Omamori","Enchiridion","Bag of Preparation","Bottled Lightning","Tiny Chest","Eternal Feather"],"potions_floor_usage":[8,8,16,38],"damage_taken":[{"damage":11,"enemies":"Jaw Worm","floor":1,"turns":4},{"damage":0,"enemies":"2 Louse","floor":2,"turns":4},{"damage":9,"enemies":"Small Slimes","floor":3,"turns":4},{"damage":32,"enemies":"Lagavulin","floor":7,"turns":7},{"damage":21,"enemies":"The Mushroom Lair","floor":8,"turns":5},{"damage":0,"enemies":"Blue Slaver","floor":11,"turns":2},{"damage":3,"enemies":"Large Slime","floor":13,"turns":2},{"damage":10,"enemies":"3 Sentries","floor":14,"turns":6},{"damage":21,"enemies":"Slime Boss","floor":16,"turns":10},{"damage":0,"enemies":"Chosen","floor":18,"turns":3},{"damage":13,"enemies":"2 Thieves","floor":20,"turns":3},{"damage":30,"enemies":"Slavers","floor":24,"turns":4},{"damage":23,"enemies":"Snake Plant","floor":28,"turns":3},{"damage":2,"enemies":"Book of Stabbing","floor":29,"turns":4},{"damage":1,"enemies":"Centurion and Healer","floor":30,"turns":5},{"damage":20,"enemies":"Cultist and Chosen","floor":31,"turns":4},{"damage":42,"enemies":"Champ","floor":33,"turns":8},{"damage":6,"enemies":"3 Shapes","floor":35,"turns":4},{"damage":31,"enemies":"3 Darklings","floor":37,"turns":7},{"damage":61,"enemies":"Transient","floor":38,"turns":6}],"seed_played":"-3515128147570717885","potions_obtained":[{"floor":1,"key":"GamblersBrew"},{"floor":2,"key":"GamblersBrew"},{"floor":7,"key":"Strength Potion"},{"floor":13,"key":"EntropicBrew"}],"is_trial":false,"path_per_floor":["M","M","M","?","?","R","E","?","T","R","M","R","M","?","R","B",null,"M","$","M","?","?","R","E","R","T","?","M","E","M","M","R","B",null,"M","$","M","M"],"character_chosen":"IRONCLAD","items_purchased":["Metamorphosis","Omamori","Mayhem"],"campfire_rested":3,"item_purchase_floors":[19,19,36],"current_hp_per_floor":[70,76,73,62,62,62,36,21,21,21,27,27,30,26,65,50,74,80,80,73,49,28,69,45,45,45,45,28,32,37,23,64,28,72,72,72,47,0],"gold":38,"neow_bonus":"TEN_PERCENT_HP_BONUS","is_prod":false,"is_daily":false,"chose_seed":false,"campfire_upgraded":4,"win_rate":0,"timestamp":1552821659,"path_taken":["M","M","M","?","?","R","E","?","T","R","M","R","M","?","R","BOSS","M","$","M","?","?","R","E","R","T","?","M","E","?","M","R","BOSS","M","$","M","M"],"build_version":"2019-03-15","purchased_purges":0,"victory":false,"max_hp_per_floor":[82,82,82,82,82,82,82,82,82,82,82,82,82,82,82,82,82,82,82,82,87,87,87,87,87,87,87,87,87,87,87,87,87,87,87,87,87,87],"card_choices":[{"not_picked":["Power Through","Body Slam"],"picked":"Ghostly Armor","floor":1},{"not_picked":["Rage","Twin Strike"],"picked":"Spot Weakness","floor":2},{"not_picked":["Wild Strike","Heavy Blade"],"picked":"Havoc","floor":3},{"not_picked":["Cleave","Flame Barrier"],"picked":"Battle Trance","floor":7},{"not_picked":["Blood for Blood","Battle Trance"],"picked":"Bludgeon","floor":8},{"not_picked":["Dropkick+1","Rupture"],"picked":"Body Slam+1","floor":11},{"not_picked":["Anger+1","Searing Blow+1"],"picked":"Power Through","floor":13},{"not_picked":["Flex","Iron Wave+1"],"picked":"Pummel+1","floor":14},{"not_picked":["Immolate+1","Brutality"],"picked":"Demon Form","floor":16},{"not_picked":["Havoc","Pommel Strike+1"],"picked":"Metallicize+1","floor":18},{"not_picked":["Sword Boomerang+1","Wild Strike+1"],"picked":"Headbutt+1","floor":20},{"not_picked":["Feed+1","Ghostly Armor"],"picked":"Body Slam+1","floor":24},{"not_picked":["Second Wind","Hemokinesis+1"],"picked":"Body Slam+1","floor":28},{"not_picked":["Pummel+1","Wild Strike+1"],"picked":"Disarm","floor":29},{"not_picked":["Clothesline+1","Thunderclap+1"],"picked":"True Grit+1","floor":30},{"not_picked":["Sword Boomerang+1","Heavy Blade+1"],"picked":"Headbutt+1","floor":31},{"not_picked":["Exhume","Brutality"],"picked":"Barricade","floor":33},{"not_picked":["Havoc","Pommel Strike+1"],"picked":"Whirlwind+1","floor":35},{"not_picked":["Clash+1","Heavy Blade+1","Wild Strike+1"],"picked":"SKIP","floor":37}],"player_experience":705598,"relics_obtained":[{"floor":7,"key":"Regal Pillow"},{"floor":8,"key":"Odd Mushroom"},{"floor":9,"key":"Molten Egg 2"},{"floor":22,"key":"Enchiridion"},{"floor":24,"key":"Bag of Preparation"},{"floor":26,"key":"Bottled Lightning"},{"floor":29,"key":"Tiny Chest"}],"event_choices":[{"damage_healed":0,"gold_gain":75,"player_choice":"Gather Gold","damage_taken":11,"max_hp_gain":0,"max_hp_loss":0,"event_name":"World of Goop","floor":4,"gold_loss":0},{"cards_removed":["Defend_R"],"damage_healed":0,"gold_gain":0,"player_choice":"Card Removal","damage_taken":0,"max_hp_gain":0,"max_hp_loss":0,"event_name":"The Cleric","floor":5,"gold_loss":75},{"damage_healed":0,"gold_gain":0,"player_choice":"Fought Mushrooms","damage_taken":0,"max_hp_gain":0,"max_hp_loss":0,"event_name":"Mushrooms","floor":8,"gold_loss":0},{"damage_healed":0,"gold_gain":0,"player_choice":"Searched \u00272\u0027 times","damage_taken":0,"relics_obtained":["Vajra"],"max_hp_gain":0,"max_hp_loss":0,"event_name":"Dead Adventurer","floor":14,"gold_loss":0},{"damage_healed":0,"gold_gain":0,"player_choice":"Shed Blood","damage_taken":29,"max_hp_gain":5,"max_hp_loss":0,"event_name":"Forgotten Altar","floor":21,"gold_loss":0},{"damage_healed":0,"gold_gain":0,"player_choice":"Obtained Book","damage_taken":21,"max_hp_gain":0,"max_hp_loss":0,"event_name":"Cursed Tome","floor":22,"gold_loss":0},{"damage_healed":0,"gold_gain":0,"player_choice":"Ignored","damage_taken":0,"max_hp_gain":0,"max_hp_loss":0,"event_name":"Vampires","floor":27,"gold_loss":0}],"is_beta":true,"boss_relics":[{"not_picked":["Black Blood","Astrolabe"],"picked":"Sozu"},{"not_picked":["Runic Cube","White Beast Statue"],"picked":"Eternal Feather"}],"items_purged_floors":[],"is_endless":false,"potions_floor_spawned":[1,2,7,13,20,24,30,31,33,37],"killed_by":"Transient","ascension_level":20}