{"gold_per_floor":[116,129,142,142,142,142,27,27,50,50,70,96,110,10,10,10],"floor_reached":16,"playtime":908,"items_purged":["Strike_G","Defend_G"],"score":105,"play_id":"4b9037f6-4f58-4b38-b751-88736ced10f3","local_time":"20190302165412","is_ascension_mode":true,"campfire_choices":[{"floor":6,"key":"RECALL"},{"data":"Berserk","floor":8,"key":"SMITH"},{"data":"Caltrops","floor":10,"key":"SMITH"},{"data":"Crippling Poison","floor":15,"key":"SMITH"}],"neow_cost":"NONE","seed_source_timestamp":83188298478517,"circlet_count":0,"master_deck":["Defend_G","Defend_G+1","Defend_G","Strike_G","Strike_G","Strike_G","Strike_G","Survivor+1","Neutralize","Blade Dance","Dodge and Roll","Backflip","Berserk+1","Caltrops+1","Dodge and Roll","Malaise","Crippling Poison+1"],"relics":["Coffee Dripper","Bronze Scales"],"potions_floor_usage":[12],"damage_taken":[{"damage":0,"enemies":"Jaw Worm","floor":1,"turns":4},{"damage":1,"enemies":"2 Louse","floor":2,"turns":3},{"damage":0,"enemies":"Cultist","floor":3,"turns":4},{"damage":0,"enemies":"Exordium Thugs","floor":11,"turns":5},{"damage":13,"enemies":"3 Sentries","floor":12,"turns":10},{"damage":0,"enemies":"2 Fungi Beasts","floor":13,"turns":3},{"damage":47,"enemies":"Slime Boss","floor":16,"turns":6}],"seed_played":"-2451760696934009175","potions_obtained":[{"floor":2,"key":"Energy Potion"},{"floor":3,"key":"Poison Potion"}],"is_trial":false,"path_per_floor":["M","M","M","?","?","R","$","R","T","R","M","E","M","$","R","B"],"character_chosen":"THE_SILENT","items_purchased":["Caltrops"],"campfire_rested":0,"item_purchase_floors":[7],"current_hp_per_floor":[70,69,69,55,55,55,55,55,55,55,55,42,42,42,42,0],"gold":10,"neow_bonus":"BOSS_RELIC","is_prod":false,"is_daily":false,"chose_seed":false,"campfire_upgraded":3,"win_rate":0,"timestamp":1551563652,"path_taken":["M","M","M","?","?","R","$","R","T","R","?","E","M","?","R","BOSS"],"build_version":"2019-01-23","purchased_purges":2,"victory":false,"max_hp_per_floor":[70,70,70,70,70,70,70,70,70,70,70,70,70,70,70,70],"card_choices":[{"not_picked":["Outmaneuver","Concentrate"],"picked":"Blade Dance","floor":1},{"not_picked":["Poisoned Stab","Outmaneuver"],"picked":"Dodge and Roll","floor":2},{"not_picked":["Prepared","Tactician"],"picked":"Backflip","floor":3},{"not_picked":["Dagger Spray","Calculated Gamble"],"picked":"Dodge and Roll","floor":11},{"not_picked":["Calculated Gamble","Dodge and Roll"],"picked":"Malaise","floor":12},{"not_picked":["Acrobatics","Slice"],"picked":"Crippling Poison","floor":13}],"player_experience":234482,"relics_obtained":[{"floor":12,"key":"Bronze Scales"}],"event_choices":[{"damage_healed":0,"gold_gain":0,"player_choice":"Entered Light","damage_taken":14,"max_hp_gain":0,"max_hp_loss":0,"event_name":"Shining Light","floor":4,"gold_loss":0,"cards_upgraded":["Survivor","Defend_G"]},{"cards_removed":["Defend_G"],"damage_healed":0,"gold_gain":0,"player_choice":"Took Card","damage_taken":0,"max_hp_gain":0,"max_hp_loss":0,"event_name":"NoteForYourself","floor":5,"gold_loss":0,"cards_obtained":["Berserk"]}],"is_beta":false,"boss_relics":[],"items_purged_floors":[7,14],"is_endless":false,"potions_floor_spawned":[2,3],"killed_by":"Slime Boss","ascension_level":1}