{"gold_per_floor":[117,117,3,20,0,33,33,47,47,47,47,6,21,40,40,135,135,150,150,49,65,65,65,80,99,99,99,24,24,35,48,48,146,146,160,176,186,186],"floor_reached":38,"playtime":5994,"items_purged":["Strike_B"],"score":378,"play_id":"fffa7984-7164-46df-8d9f-380bfa802274","local_time":"20190313193559","is_ascension_mode":false,"campfire_choices":[{"data":"Fusion","floor":7.0,"key":"SMITH"},{"floor":11.0,"key":"REST"},{"floor":15.0,"key":"REST"},{"floor":23.0,"key":"REST"},{"data":"Hologram","floor":27.0,"key":"SMITH"},{"data":"Reboot","floor":29.0,"key":"SMITH"},{"data":"Hologram","floor":32.0,"key":"SMITH"}],"neow_cost":"","seed_source_timestamp":0,"circlet_count":0,"master_deck":["Strike_B+1","Strike_B","Strike_B","Defend_B","Defend_B","Defend_B","Defend_B","Zap","Dualcast","Doom and Gloom","Fusion+1","Hologram+1","Double Energy+1","Steam","Reinforced Body","Conserve Battery","Reboot+1","Compile Driver","Stack+1","Tempest","Hologram+1","Skim+1","Biased Cognition","Tempest"],"special_seed":0,"relics":["Cracked Core","The Courier","Happy Flower","Art of War","Anchor","Cursed Key","Ice Cream","Inserter"],"potions_floor_usage":[38,38],"damage_taken":[{"damage":3.0,"enemies":"Jaw Worm","floor":1.0,"turns":3.0},{"damage":4.0,"enemies":"Small Slimes","floor":4.0,"turns":3.0},{"damage":35.0,"enemies":"Lagavulin","floor":6.0,"turns":6.0},{"damage":1.0,"enemies":"Cultist","floor":8.0,"turns":3.0},{"damage":0.0,"enemies":"Large Slime","floor":13.0,"turns":4.0},{"damage":0.0,"enemies":"Exordium Wildlife","floor":14.0,"turns":2.0},{"damage":42.0,"enemies":"Hexaghost","floor":16.0,"turns":11.0},{"damage":4.0,"enemies":"Spheric Guardian","floor":18.0,"turns":5.0},{"damage":7.0,"enemies":"Shell Parasite","floor":21.0,"turns":5.0},{"damage":4.0,"enemies":"Snake Plant","floor":24.0,"turns":5.0},{"damage":0.0,"enemies":"Snecko","floor":25.0,"turns":5.0},{"damage":0.0,"enemies":"Centurion and Healer","floor":30.0,"turns":6.0},{"damage":0.0,"enemies":"Cultist and Chosen","floor":31.0,"turns":4.0},{"damage":34.0,"enemies":"Automaton","floor":33.0,"turns":8.0},{"damage":18,"enemies":"Orb Walker","floor":35,"turns":7},{"damage":32,"enemies":"3 Darklings","floor":36,"turns":4},{"damage":0,"enemies":"Spire Growth","floor":37,"turns":4},{"damage":34,"enemies":"Jaw Worm Horde","floor":38,"turns":2}],"seed_played":"-6764975690820169064","potions_obtained":[{"floor":1.0,"key":"FocusPotion"},{"floor":6.0,"key":"AttackPotion"},{"floor":8.0,"key":"Poison Potion"},{"floor":16.0,"key":"Explosive Potion"},{"floor":19.0,"key":"Weak Potion"},{"floor":19.0,"key":"Explosive Potion"},{"floor":19.0,"key":"Fire Potion"},{"floor":24.0,"key":"Ancient Potion"},{"floor":25.0,"key":"Ancient Potion"},{"floor":30.0,"key":"Fire Potion"},{"floor":37,"key":"Fruit Juice"}],"is_trial":false,"path_per_floor":["M","?","$","M","$","E","R","M","T","?","R","$","M","M","R","B",null,"M","?","$","M","?","R","M","M","T","R","?","R","M","M","R","B",null,"M","M","M","M"],"character_chosen":"DEFECT","items_purchased":["Happy Flower","Hologram","Steam","Compile Driver"],"campfire_rested":3,"item_purchase_floors":[3,5,12,20],"current_hp_per_floor":[72,65,65,61,61,26,26,25,25,10,32,32,32,32,54,12,75,71,71,71,64,55,75,71,71,71,71,71,71,71,71,71,37,75,57,25,25,0],"gold":186,"neow_bonus":"","is_prod":false,"is_daily":false,"chose_seed":false,"campfire_upgraded":4,"win_rate":0.0,"timestamp":1552530959,"path_taken":["M","?","$","M","?","E","R","M","T","?","R","$","?","M","R","BOSS","M","?","$","M","?","R","M","?","T","R","?","R","M","M","R","BOSS","M","?","M","M"],"build_version":"2019-01-23","purchased_purges":1,"victory":false,"max_hp_per_floor":[75,75,75,75,75,75,75,75,75,75,75,75,75,75,75,75,75,75,75,75,75,75,75,75,75,75,75,75,75,75,75,75,75,75,75,75,75,80],"card_choices":[{"not_picked":["Aggregate","Ball Lightning"],"picked":"Doom and Gloom","floor":1.0},{"not_picked":["Streamline","Go for the Eyes"],"picked":"Fusion","floor":4.0},{"not_picked":["Conserve Battery","Ball Lightning"],"picked":"Double Energy","floor":6.0},{"not_picked":["Go for the Eyes","Streamline","Hello World"],"picked":"SKIP","floor":8.0},{"not_picked":["Steam","Ball Lightning"],"picked":"Reinforced Body","floor":13.0},{"not_picked":["Loop","Beam Cell"],"picked":"Conserve Battery","floor":14.0},{"not_picked":["Rainbow","All For One"],"picked":"Reboot","floor":16.0},{"not_picked":["Gash","Leap","Aggregate"],"picked":"SKIP","floor":18.0},{"not_picked":["Redo","Compile Driver"],"picked":"Stack+1","floor":21.0},{"not_picked":["Go for the Eyes","Cold Snap"],"picked":"Tempest","floor":24.0},{"not_picked":["Rip and Tear","Compile Driver"],"picked":"Hologram","floor":25.0},{"not_picked":["Sweeping Beam+1","Go for the Eyes"],"picked":"Skim+1","floor":30.0},{"not_picked":["Streamline","Beam Cell","FTL"],"picked":"SKIP","floor":31.0},{"not_picked":["All For One","Buffer"],"picked":"Biased Cognition","floor":33.0},{"not_picked":["Static Discharge","Double Energy"],"picked":"Tempest","floor":35},{"not_picked":["Barrage","Ball Lightning","Cold Snap+1"],"picked":"SKIP","floor":36},{"not_picked":["Go for the Eyes","Barrage+1","Coolheaded"],"picked":"SKIP","floor":37}],"player_experience":333717,"relics_obtained":[{"floor":6.0,"key":"Art of War"},{"floor":9.0,"key":"Anchor"},{"floor":26.0,"key":"Ice Cream"}],"event_choices":[{"event_name":"Scrap Ooze","player_choice":"success","floor":2.0,"damage_taken":7.0},{"event_name":"Shining Light","player_choice":"Entered Light","floor":10.0,"damage_taken":0.0},{"event_name":"The Lab","player_choice":"Got Potions","floor":19.0,"damage_taken":0.0},{"event_name":"Cursed Tome","player_choice":"Stopped","floor":22.0,"damage_taken":0.0},{"event_name":"Beggar","player_choice":"Gave Gold","floor":28.0,"damage_taken":0.0}],"is_beta":false,"boss_relics":[{"not_picked":["Busted Crown","Empty Cage"],"picked":"Cursed Key"},{"not_picked":["White Beast Statue","Runic Dome"],"picked":"Inserter"}],"items_purged_floors":[20],"is_endless":false,"potions_floor_spawned":[1,6,8,16,24,25,30,37],"killed_by":"Jaw Worm Horde","ascension_level":0}