{"gold_per_floor":[164,164,164,89,108,108,133,158,196,228,260,307,334,174,174,270,270,290,87,87,187,205,205],"floor_reached":23,"playtime":2058,"items_purged":["Strike_R","Strike_R"],"score":211,"play_id":"330b1b08-5184-456d-b619-7b01a26ac53f","local_time":"20190223205535","is_ascension_mode":true,"campfire_choices":[{"floor":6.0,"key":"RECALL"},{"data":"Metallicize","floor":15.0,"key":"SMITH"}],"neow_cost":"NONE","seed_source_timestamp":0,"circlet_count":0,"master_deck":["Bash+1","Anger","True Grit+1","Clothesline","Evolve","Shrug It Off+1","Clothesline+1","Clothesline+1","Metallicize+1","Reaper+1","Exhume","Intimidate","Inflame","Wild Strike+1","Evolve","Seeing Red","Body Slam+1","Shrug It Off","Carnage+1","Whirlwind+1"],"special_seed":0,"relics":["Tiny House","MawBank","Molten Egg 2","Pandora\u0027s Box","War Paint","Champion Belt","Mercury Hourglass"],"potions_floor_usage":[21,23,23,23],"damage_taken":[{"damage":1.0,"enemies":"2 Louse","floor":1.0,"turns":2.0},{"damage":1.0,"enemies":"Cultist","floor":5.0,"turns":4.0},{"damage":19.0,"enemies":"Gremlin Nob","floor":7.0,"turns":4.0},{"damage":0.0,"enemies":"Small Slimes","floor":8.0,"turns":4.0},{"damage":0.0,"enemies":"Looter","floor":10.0,"turns":2.0},{"damage":2.0,"enemies":"Exordium Thugs","floor":11.0,"turns":5.0},{"damage":21.0,"enemies":"Lagavulin","floor":12.0,"turns":6.0},{"damage":0.0,"enemies":"Blue Slaver","floor":13.0,"turns":4.0},{"damage":40.0,"enemies":"Slime Boss","floor":16.0,"turns":11.0},{"damage":17,"enemies":"Spheric Guardian","floor":18,"turns":5},{"damage":32,"enemies":"Colosseum Slavers","floor":21,"turns":5},{"damage":62,"enemies":"Colosseum Nobs","floor":21,"turns":6},{"damage":6,"enemies":"Chosen","floor":22,"turns":4},{"damage":21,"enemies":"Book of Stabbing","floor":23,"turns":5}],"seed_played":"-4333482478882162291","potions_obtained":[{"floor":0.0,"key":"BloodPotion"},{"floor":5.0,"key":"Energy Potion"},{"floor":7.0,"key":"SteroidPotion"},{"floor":10.0,"key":"BloodPotion"},{"floor":12.0,"key":"SpeedPotion"},{"floor":13.0,"key":"Explosive Potion"},{"floor":21,"key":"Weak Potion"},{"floor":22,"key":"FearPotion"}],"is_trial":false,"path_per_floor":["M","?","?","$","M","R","E","M","T","M","M","E","M","$","R","B",null,"M","$","?","?","M","E"],"character_chosen":"IRONCLAD","items_purchased":["Metallicize","War Paint","Shrug It Off"],"campfire_rested":0,"item_purchase_floors":[14,19,19],"current_hp_per_floor":[84,84,84,84,83,83,64,64,64,64,70,49,49,49,49,9,85,74,74,74,17,11,0],"gold":205,"neow_bonus":"BOSS_RELIC","is_prod":false,"is_daily":false,"chose_seed":false,"campfire_upgraded":1,"win_rate":0,"timestamp":1550973335,"path_taken":["M","?","?","$","?","R","E","M","T","M","M","E","M","$","R","BOSS","M","$","?","?","M","E"],"build_version":"2019-01-23","purchased_purges":2,"victory":false,"max_hp_per_floor":[85,85,85,85,85,85,85,85,85,85,85,85,85,85,85,85,85,85,85,85,85,85,85],"card_choices":[{"not_picked":["Hemokinesis","Dropkick"],"picked":"Anger","floor":0.0},{"not_picked":["Carnage","Perfected Strike"],"picked":"True Grit","floor":1.0},{"not_picked":["Berserk","Dropkick"],"picked":"Clothesline","floor":5.0},{"not_picked":["Intimidate","Anger"],"picked":"Evolve","floor":7.0},{"not_picked":["Heavy Blade","Infernal Blade"],"picked":"Shrug It Off","floor":8.0},{"not_picked":["Dual Wield","Heavy Blade","Havoc"],"picked":"SKIP","floor":10.0},{"not_picked":["Searing Blow","Reckless Charge","Cleave"],"picked":"SKIP","floor":11.0},{"not_picked":["Body Slam","Iron Wave"],"picked":"Clothesline","floor":12.0},{"not_picked":["Wild Strike+1","Thunderclap+1"],"picked":"Clothesline+1","floor":13.0},{"not_picked":["Limit Break","Double Tap"],"picked":"Reaper+1","floor":16.0},{"not_picked":["Perfected Strike+1","Heavy Blade+1"],"picked":"Body Slam+1","floor":18},{"not_picked":["Bloodletting","Flex"],"picked":"Carnage+1","floor":21},{"not_picked":["Body Slam+1","Cleave+1"],"picked":"Whirlwind+1","floor":22}],"player_experience":212826,"relics_obtained":[{"floor":7.0,"key":"MawBank"},{"floor":12.0,"key":"Molten Egg 2"},{"floor":21,"key":"Champion Belt"},{"floor":21,"key":"Mercury Hourglass"}],"event_choices":[{"cards_removed":["Strike_R"],"damage_healed":0.0,"max_hp_gain":0.0,"max_hp_loss":0.0,"gold_gain":0.0,"event_name":"Living Wall","player_choice":"Forget","floor":2.0,"gold_loss":0.0,"damage_taken":0.0},{"damage_healed":0.0,"max_hp_gain":0.0,"max_hp_loss":0.0,"gold_gain":0.0,"event_name":"Accursed Blacksmith","player_choice":"Forge","floor":3.0,"gold_loss":0.0,"damage_taken":0.0,"cards_upgraded":["Bash"]},{"damage_healed":0,"gold_gain":0,"player_choice":"Ignored","damage_taken":0,"max_hp_gain":0,"max_hp_loss":0,"event_name":"Vampires","floor":20,"gold_loss":0},{"damage_healed":0,"gold_gain":0,"player_choice":"Fight","damage_taken":0,"max_hp_gain":0,"max_hp_loss":0,"event_name":"Colosseum","floor":21,"gold_loss":0},{"damage_healed":0,"gold_gain":0,"player_choice":"Fought Nobs","damage_taken":0,"max_hp_gain":0,"max_hp_loss":0,"event_name":"Colosseum","floor":21,"gold_loss":0}],"is_beta":false,"boss_relics":[{"not_picked":["Empty Cage","Snecko Eye"],"picked":"Pandora\u0027s Box"}],"items_purged_floors":[4,14],"is_endless":false,"potions_floor_spawned":[5,7,10,12,13,21,21,22],"killed_by":"Book of Stabbing","ascension_level":1}