{"gold_per_floor":[110,125,138,148,148,176,194,220,294,294,6,6,6,40,40,40],"floor_reached":16,"playtime":909,"items_purged":["Strike_R"],"score":240,"play_id":"e7d93e01-0cf3-49cb-81b7-fcdc002d49d9","local_time":"20181107223922","is_ascension_mode":true,"campfire_choices":[{"floor":12,"key":"DIG"},{"floor":15,"key":"DIG"}],"neow_cost":"PERCENT_DAMAGE","seed_source_timestamp":119550546060791,"circlet_count":0,"master_deck":["AscendersBane","Strike_R","Strike_R","Defend_R","Defend_R","Defend_R","Bash","Wild Strike","Clothesline","Carnage","Anger","Iron Wave","Bludgeon+1","Inflame","Carnage+1","Metamorphosis","True Grit"],"relics":["Burning Blood","Molten Egg 2","Shovel","Bottled Flame","Golden Idol","Incense Burner","Anchor","Lantern","StoneCalendar"],"potions_floor_usage":[6,16,16],"damage_taken":[{"damage":13,"enemies":"Jaw Worm","floor":1,"turns":4},{"damage":0,"enemies":"Cultist","floor":2,"turns":3},{"damage":4,"enemies":"Small Slimes","floor":3,"turns":3},{"damage":5,"enemies":"2 Fungi Beasts","floor":4,"turns":3},{"damage":8,"enemies":"Gremlin Nob","floor":6,"turns":3},{"damage":4,"enemies":"Red Slaver","floor":7,"turns":3},{"damage":30,"enemies":"Lagavulin","floor":8,"turns":5},{"damage":15,"enemies":"3 Sentries","floor":14,"turns":4},{"damage":27,"enemies":"Slime Boss","floor":16,"turns":5}],"seed_played":"-1690468314083312801","potions_obtained":[{"floor":2,"key":"Explosive Potion"},{"floor":7,"key":"EssenceOfSteel"},{"floor":14,"key":"Poison Potion"}],"is_trial":false,"path_per_floor":["M","M","M","M","?","E","M","E","T","?","$","R","T","E","R","B"],"character_chosen":"IRONCLAD","items_purchased":["Metamorphosis"],"campfire_rested":0,"item_purchase_floors":[11],"current_hp_per_floor":[43,49,51,52,52,50,52,28,28,28,28,28,28,19,19,0],"gold":40,"neow_bonus":"TRANSFORM_TWO_CARDS","is_prod":false,"is_daily":false,"chose_seed":false,"campfire_upgraded":0,"win_rate":0,"timestamp":1541623162,"path_taken":["M","M","M","M","?","E","?","E","T","?","?","R","?","E","R","BOSS"],"build_version":"2018-11-06","purchased_purges":1,"victory":false,"max_hp_per_floor":[75,75,75,75,75,75,75,75,75,68,68,68,68,68,68,68],"card_choices":[{"not_picked":["Headbutt","Clothesline"],"picked":"Carnage","floor":1},{"not_picked":["Flex","Body Slam","Burning Pact"],"picked":"SKIP","floor":2},{"not_picked":["Burning Pact","Pommel Strike"],"picked":"Anger","floor":3},{"not_picked":["Dual Wield","Berserk"],"picked":"Iron Wave","floor":4},{"not_picked":["Iron Wave","Shrug It Off"],"picked":"Bludgeon","floor":6},{"not_picked":["Sword Boomerang+1","Perfected Strike+1"],"picked":"Inflame","floor":7},{"not_picked":["Clash+1","Heavy Blade+1"],"picked":"Carnage+1","floor":8},{"not_picked":["Sever Soul+1","Rupture"],"picked":"True Grit","floor":14}],"player_experience":631005,"relics_obtained":[{"floor":6,"key":"Molten Egg 2"},{"floor":8,"key":"Shovel"},{"floor":9,"key":"Bottled Flame"},{"floor":12,"key":"Incense Burner"},{"floor":13,"key":"Anchor"},{"floor":14,"key":"Lantern"},{"floor":15,"key":"StoneCalendar"}],"event_choices":[{"cards_removed":["Strike_R"],"damage_healed":0,"gold_gain":0,"player_choice":"Offered Basic","damage_taken":0,"max_hp_gain":0,"max_hp_loss":0,"event_name":"Bonfire Elementals","floor":5,"gold_loss":0},{"damage_healed":0,"gold_gain":0,"player_choice":"Lose Max HP","damage_taken":0,"relics_obtained":["Golden Idol"],"max_hp_gain":0,"max_hp_loss":7,"event_name":"Golden Idol","floor":10,"gold_loss":0}],"is_beta":true,"boss_relics":[],"items_purged_floors":[11],"is_endless":false,"potions_floor_spawned":[2,7,14],"killed_by":"Slime Boss","ascension_level":20}