{"gold_per_floor":[112,112,40,40,140,140,165,185,185,185,185,213,213,225,225,301,301,316,331,246,40,40,40,65,65,365,365,399,118,145,157,157,236,236,255,155,175,191,203,203,234,234,234,234,251,251,268,143,143,143],"floor_reached":50,"playtime":3325,"items_purged":["Survivor","Deflect","Dodge and Roll"],"score":947,"play_id":"bbd3a591-0b08-4aa5-8352-4ac9189813c5","local_time":"20190208182011","is_ascension_mode":true,"campfire_choices":[{"data":"Glass Knife","floor":6,"key":"SMITH"},{"data":"Neutralize","floor":13,"key":"SMITH"},{"data":"Terror","floor":15,"key":"SMITH"},{"data":"Doppelganger","floor":27,"key":"SMITH"},{"data":"Accuracy","floor":32,"key":"SMITH"},{"data":"Cloak And Dagger","floor":40,"key":"SMITH"},{"data":"Apotheosis","floor":44,"key":"SMITH"},{"data":"Glass Knife","floor":49,"key":"SMITH"}],"neow_cost":"NONE","seed_source_timestamp":25465356693646,"circlet_count":0,"master_deck":["AscendersBane","Neutralize+1","Skewer+1","Glass Knife+1","Flying Knee","Well Laid Plans","Terror+1","Doppelganger+1","Accuracy","Endless Agony","Deflect","Blade Dance","Accuracy+1","Backflip","Unload","Backflip","Ghostly","Ghostly","Ghostly","Ghostly","Ghostly","Backstab","Doppelganger","Cloak And Dagger+1","Glass Knife+1","Skewer","PanicButton","Apotheosis+1","Caltrops+1"],"relics":["Ring of the Snake","NeowsBlessing","Bronze Scales","Blood Vial","Question Card","Mummified Hand","Pandora\u0027s Box","PreservedInsect","Chemical X","Happy Flower","Old Coin","Centennial Puzzle","Strange Spoon","Ornamental Fan","Philosopher\u0027s Stone","Bag of Preparation","Tough Bandages","Blue Candle"],"potions_floor_usage":[12,16,24,24,28,33,33,50,50],"damage_taken":[{"damage":0,"enemies":"Jaw Worm","floor":1,"turns":1},{"damage":0,"enemies":"3 Sentries","floor":7,"turns":1},{"damage":0,"enemies":"Cultist","floor":8,"turns":1},{"damage":16,"enemies":"Lagavulin","floor":12,"turns":4},{"damage":0,"enemies":"Small Slimes","floor":14,"turns":3},{"damage":6,"enemies":"Slime Boss","floor":16,"turns":11},{"damage":1,"enemies":"3 Byrds","floor":18,"turns":4},{"damage":0,"enemies":"Spheric Guardian","floor":19,"turns":2},{"damage":15,"enemies":"Gremlin Leader","floor":24,"turns":4},{"damage":1,"enemies":"Book of Stabbing","floor":28,"turns":4},{"damage":3,"enemies":"Slavers","floor":30,"turns":5},{"damage":2,"enemies":"Centurion and Healer","floor":31,"turns":3},{"damage":15,"enemies":"Champ","floor":33,"turns":9},{"damage":0,"enemies":"Orb Walker","floor":35,"turns":3},{"damage":13,"enemies":"3 Darklings","floor":37,"turns":4},{"damage":0,"enemies":"Spire Growth","floor":38,"turns":2},{"damage":1,"enemies":"4 Shapes","floor":39,"turns":4},{"damage":1,"enemies":"Giant Head","floor":41,"turns":4},{"damage":0,"enemies":"Maw","floor":45,"turns":5},{"damage":0,"enemies":"Sphere and 2 Shapes","floor":47,"turns":3},{"damage":0,"enemies":"Time Eater","floor":50,"turns":3}],"seed_played":"4718362468491218794","potions_obtained":[{"floor":1,"key":"FearPotion"},{"floor":7,"key":"LiquidBronze"},{"floor":12,"key":"GhostInAJar"},{"floor":14,"key":"SpeedPotion"},{"floor":19,"key":"EntropicBrew"},{"floor":24,"key":"Regen Potion"},{"floor":31,"key":"PowerPotion"},{"floor":38,"key":"LiquidBronze"},{"floor":41,"key":"LiquidBronze"}],"is_trial":false,"path_per_floor":["M","?","$","?","?","R","E","M","T","T","?","E","R","M","R","B",null,"M","M","?","$","?","?","E","?","T","R","E","$","E","M","R","B",null,"M","$","M","M","M","R","E","?","T","R","M","T","M","$","R","B"],"character_chosen":"THE_SILENT","items_purchased":["Glass Knife","Chemical X","Strange Spoon"],"campfire_rested":0,"item_purchase_floors":[3,21,29],"current_hp_per_floor":[63,63,63,63,63,63,63,63,63,63,63,49,49,51,51,47,64,65,67,67,67,67,35,20,20,20,20,33,33,32,32,32,19,31,33,33,22,24,25,25,26,16,16,16,18,18,20,20,20,22],"gold":143,"neow_bonus":"THREE_ENEMY_KILL","is_prod":false,"is_daily":false,"chose_seed":false,"campfire_upgraded":8,"win_rate":0,"timestamp":1549678811,"path_taken":["M","?","$","?","?","R","E","?","T","?","?","E","R","M","R","BOSS","M","M","?","$","?","?","E","?","T","R","E","$","E","M","R","BOSS","M","$","M","M","M","R","E","?","T","R","M","?","M","$","R","BOSS"],"build_version":"2019-01-23","purchased_purges":3,"victory":false,"max_hp_per_floor":[70,70,70,70,70,70,70,70,70,70,70,70,70,70,70,70,70,70,70,70,70,70,35,35,35,35,35,35,35,35,35,35,35,35,35,35,35,35,35,35,35,35,35,35,35,35,35,35,35,35],"card_choices":[{"not_picked":["Underhanded Strike","Poisoned Stab"],"picked":"Skewer","floor":1},{"not_picked":["Dagger Spray","Deadly Poison"],"picked":"Deflect","floor":7},{"not_picked":["PiercingWail","Cloak And Dagger"],"picked":"Flying Knee","floor":8},{"not_picked":["Flechettes","Accuracy","Deadly Poison"],"picked":"Well Laid Plans","floor":12},{"not_picked":["Poisoned Stab","Flying Knee","Outmaneuver"],"picked":"Terror","floor":14},{"not_picked":["Tools of the Trade","Bullet Time","Corpse Explosion"],"picked":"Doppelganger","floor":16},{"not_picked":["Sucker Punch","Escape Plan+1","Slice+1","Backflip"],"picked":"SKIP","floor":18},{"not_picked":["Slice","Quick Slash","Bane","Underhanded Strike"],"picked":"SKIP","floor":19},{"not_picked":["Sucker Punch+1","Backflip","Dagger Throw","Terror"],"picked":"SKIP","floor":24},{"not_picked":["Accuracy","Distraction","Backflip"],"picked":"Backstab","floor":28},{"not_picked":["Deflect","Reflex+1","Underhanded Strike+1"],"picked":"Doppelganger","floor":30},{"not_picked":["Accuracy+1","Flying Knee","Catalyst"],"picked":"Cloak And Dagger","floor":31},{"not_picked":["Unload","Night Terror","Envenom"],"picked":"Glass Knife","floor":33},{"not_picked":["Deflect","Poisoned Stab+1","Sucker Punch","Prepared+1"],"picked":"SKIP","floor":35},{"not_picked":["PiercingWail+1","Acrobatics","After Image","Choke+1"],"picked":"SKIP","floor":37},{"not_picked":["Flechettes","Backflip","Flying Knee","Acrobatics"],"picked":"SKIP","floor":38},{"not_picked":["Flechettes","Backflip","Flying Knee","Acrobatics"],"picked":"SKIP","floor":38},{"not_picked":["Blade Dance","Backflip","Prepared","Flechettes"],"picked":"SKIP","floor":39},{"not_picked":["Infinite Blades","Tactician","Die Die Die"],"picked":"Skewer","floor":41},{"not_picked":["HandOfGreed","Mind Blast","Forethought"],"picked":"PanicButton","floor":42},{"not_picked":["Finesse","Deep Breath","Discovery"],"picked":"Apotheosis","floor":42},{"not_picked":["Deadly Poison","All Out Attack","Dagger Throw"],"picked":"Caltrops+1","floor":45},{"not_picked":["Outmaneuver","Acrobatics","Crippling Poison","Bouncing Flask"],"picked":"SKIP","floor":47}],"player_experience":422169,"relics_obtained":[{"floor":7,"key":"Bronze Scales"},{"floor":9,"key":"Blood Vial"},{"floor":10,"key":"Question Card"},{"floor":12,"key":"Mummified Hand"},{"floor":24,"key":"Happy Flower"},{"floor":26,"key":"Old Coin"},{"floor":28,"key":"Centennial Puzzle"},{"floor":30,"key":"Ornamental Fan"},{"floor":41,"key":"Bag of Preparation"},{"floor":43,"key":"Tough Bandages"},{"floor":46,"key":"Blue Candle"}],"event_choices":[{"damage_healed":0,"gold_gain":0,"player_choice":"Grow","damage_taken":0,"max_hp_gain":0,"max_hp_loss":0,"event_name":"Living Wall","floor":2,"gold_loss":0,"cards_upgraded":["Skewer"]},{"damage_healed":0,"gold_gain":0,"player_choice":"Leave","damage_taken":0,"max_hp_gain":0,"max_hp_loss":0,"event_name":"The Cleric","floor":4,"gold_loss":0},{"damage_healed":0,"gold_gain":100,"player_choice":"Pray","damage_taken":0,"max_hp_gain":0,"max_hp_loss":0,"event_name":"Golden Shrine","floor":5,"gold_loss":0},{"damage_healed":0,"gold_gain":0,"player_choice":"Ignored","damage_taken":0,"max_hp_gain":0,"max_hp_loss":0,"event_name":"Liars Game","floor":11,"gold_loss":0},{"damage_healed":0,"gold_gain":0,"player_choice":"Obtained Relic","damage_taken":0,"relics_obtained":["PreservedInsect"],"max_hp_gain":0,"max_hp_loss":0,"event_name":"Addict","floor":20,"gold_loss":85},{"cards_removed":["Poisoned Stab"],"damage_healed":0,"gold_gain":0,"player_choice":"Elegance","damage_taken":0,"max_hp_gain":0,"max_hp_loss":0,"event_name":"Back to Basics","floor":22,"gold_loss":0},{"damage_healed":0,"gold_gain":0,"player_choice":"Became a Ghost","damage_taken":0,"max_hp_gain":0,"max_hp_loss":35,"event_name":"Ghosts","floor":23,"gold_loss":0,"cards_obtained":["Ghostly","Ghostly","Ghostly","Ghostly","Ghostly"]},{"damage_healed":0,"gold_gain":0,"player_choice":"Ignored","damage_taken":0,"max_hp_gain":0,"max_hp_loss":0,"event_name":"Cursed Tome","floor":25,"gold_loss":0},{"damage_healed":0,"gold_gain":0,"player_choice":"Memory 3","damage_taken":10,"max_hp_gain":0,"max_hp_loss":0,"event_name":"SensoryStone","floor":42,"gold_loss":0}],"is_beta":false,"boss_relics":[{"not_picked":["Eternal Feather","HoveringKite"],"picked":"Pandora\u0027s Box"},{"not_picked":["Snecko Eye","Cursed Key"],"picked":"Philosopher\u0027s Stone"}],"items_purged_floors":[29,36,48],"is_endless":false,"potions_floor_spawned":[1,7,12,14,19,24,31,38,41,45,47],"killed_by":"Time Eater","ascension_level":13}