{"gold_per_floor":[115,390,135,145,165,165,196,196,196,206,381,414,427,444,444,549,549,563,595,610,610,510,510,316,351,402,402,418,435,435,461,461,559,559,572,672,689,707,707],"floor_reached":39,"playtime":2978,"items_purged":["Regret","Doubt","Strike_R"],"score":478,"play_id":"59f57c6b-97d2-4274-bb3a-6bbd97b01897","local_time":"20190223214538","is_ascension_mode":true,"campfire_choices":[{"floor":6,"key":"RECALL"},{"floor":8,"key":"REST"},{"floor":15,"key":"REST"},{"floor":23,"key":"REST"},{"floor":27,"key":"REST"},{"floor":30,"key":"REST"},{"floor":32,"key":"REST"}],"neow_cost":"NONE","seed_source_timestamp":609564428353875,"circlet_count":0,"master_deck":["Strike_R","Strike_R","Defend_R","Defend_R","Defend_R","Bash","Whirlwind","Shrug It Off","True Grit","Pummel","Shockwave","Seeing Red","Shrug It Off","Disarm","Offering","Offering","Fire Breathing+1","Battle Trance+1","Corruption+1","Spot Weakness","Shrug It Off+1","Metallicize","Clothesline+1","Spot Weakness","Demon Form","Heavy Blade+1","True Grit"],"relics":["Fusion Hammer","Centennial Puzzle","Pocketwatch","Matryoshka","Astrolabe","Red Mask","Ornamental Fan","Paper Frog","Strawberry","Anchor","Sozu"],"potions_floor_usage":[7,16,19,19,28,31,37],"damage_taken":[{"damage":2,"enemies":"2 Louse","floor":1,"turns":3},{"damage":0,"enemies":"Cultist","floor":4,"turns":3},{"damage":0,"enemies":"Small Slimes","floor":5,"turns":3},{"damage":18,"enemies":"3 Sentries","floor":7,"turns":4},{"damage":0,"enemies":"Blue Slaver","floor":10,"turns":4},{"damage":25,"enemies":"Gremlin Nob","floor":12,"turns":5},{"damage":0,"enemies":"Looter","floor":13,"turns":2},{"damage":1,"enemies":"Red Slaver","floor":14,"turns":2},{"damage":10,"enemies":"Slime Boss","floor":16,"turns":6},{"damage":13,"enemies":"3 Byrds","floor":18,"turns":5},{"damage":8,"enemies":"Masked Bandits","floor":19,"turns":3},{"damage":30,"enemies":"Shell Parasite","floor":20,"turns":3},{"damage":15,"enemies":"Book of Stabbing","floor":25,"turns":8},{"damage":6,"enemies":"Cultist and Chosen","floor":28,"turns":4},{"damage":6,"enemies":"Snecko","floor":29,"turns":4},{"damage":37,"enemies":"Gremlin Leader","floor":31,"turns":5},{"damage":63,"enemies":"Collector","floor":33,"turns":9},{"damage":20,"enemies":"3 Shapes","floor":35,"turns":4},{"damage":21,"enemies":"3 Darklings","floor":37,"turns":5},{"damage":33,"enemies":"4 Shapes","floor":38,"turns":2},{"damage":18,"enemies":"Jaw Worm Horde","floor":39,"turns":2}],"seed_played":"-5270026106932165660","potions_obtained":[{"floor":1,"key":"Fire Potion"},{"floor":4,"key":"Ancient Potion"},{"floor":10,"key":"EssenceOfSteel"},{"floor":13,"key":"Strength Potion"},{"floor":18,"key":"Poison Potion"},{"floor":19,"key":"Swift Potion"},{"floor":28,"key":"SteroidPotion"},{"floor":31,"key":"Block Potion"}],"is_trial":false,"path_per_floor":["M","?","$","M","M","R","E","R","T","M","?","E","M","M","R","B",null,"M","?","M","?","$","R","$","E","T","R","M","M","R","E","R","B",null,"M","?","M","M","M"],"character_chosen":"IRONCLAD","items_purchased":["Shrug It Off","Centennial Puzzle","Metallicize"],"campfire_rested":6,"item_purchase_floors":[3,3,24],"current_hp_per_floor":[78,78,78,78,78,78,60,80,80,80,80,55,55,54,78,68,80,67,59,29,29,29,53,53,38,45,71,65,59,85,48,74,11,87,67,67,46,13,0],"gold":707,"neow_bonus":"BOSS_RELIC","is_prod":false,"is_daily":false,"chose_seed":false,"campfire_upgraded":0,"win_rate":0,"timestamp":1550976338,"path_taken":["M","?","$","?","M","R","E","R","T","M","?","E","M","M","R","BOSS","M","?","M","?","$","R","$","E","T","R","?","M","R","E","R","BOSS","M","?","M","M","?"],"build_version":"2019-01-23","purchased_purges":3,"victory":false,"max_hp_per_floor":[80,80,80,80,80,80,80,80,80,80,80,80,80,80,80,80,80,80,80,80,80,80,80,80,80,87,87,87,87,87,87,87,87,87,87,87,87,87,87],"card_choices":[{"not_picked":["Heavy Blade","Sword Boomerang"],"picked":"Whirlwind","floor":1},{"not_picked":["Pommel Strike","Rage"],"picked":"True Grit","floor":4},{"not_picked":["Reckless Charge","Anger"],"picked":"Pummel","floor":5},{"not_picked":["Searing Blow","Warcry"],"picked":"Shockwave","floor":7},{"not_picked":["Warcry","Bloodletting"],"picked":"Seeing Red","floor":10},{"not_picked":["Pommel Strike","Infernal Blade"],"picked":"Shrug It Off","floor":12},{"not_picked":["Rupture","Second Wind"],"picked":"Disarm","floor":13},{"not_picked":["Warcry","Clothesline"],"picked":"Offering","floor":14},{"not_picked":["Brutality","Double Tap"],"picked":"Offering","floor":16},{"not_picked":["Sever Soul","Rupture+1"],"picked":"Spot Weakness","floor":18},{"not_picked":["Dropkick","Power Through"],"picked":"Shrug It Off+1","floor":19},{"not_picked":["Heavy Blade","Searing Blow+1","Headbutt"],"picked":"SKIP","floor":20},{"not_picked":["Shrug It Off","Bloodletting+1","True Grit"],"picked":"SKIP","floor":25},{"not_picked":["Iron Wave","Clash","Hemokinesis+1"],"picked":"SKIP","floor":28},{"not_picked":["Body Slam","Double Tap"],"picked":"Clothesline+1","floor":29},{"not_picked":["Perfected Strike","Power Through"],"picked":"Spot Weakness","floor":31},{"not_picked":["Berserk","Offering"],"picked":"Demon Form","floor":33},{"not_picked":["Sever Soul+1","Rupture"],"picked":"Heavy Blade+1","floor":35},{"not_picked":["Flex+1","Anger+1","Uppercut+1"],"picked":"SKIP","floor":37},{"not_picked":["Thunderclap+1","Body Slam"],"picked":"True Grit","floor":38}],"player_experience":214884,"relics_obtained":[{"floor":7,"key":"Pocketwatch"},{"floor":12,"key":"Matryoshka"},{"floor":19,"key":"Red Mask"},{"floor":25,"key":"Ornamental Fan"},{"floor":26,"key":"Paper Frog"},{"floor":26,"key":"Strawberry"},{"floor":31,"key":"Anchor"}],"event_choices":[{"damage_healed":0,"gold_gain":275,"player_choice":"Desecrate","damage_taken":0,"max_hp_gain":0,"max_hp_loss":0,"event_name":"Golden Shrine","floor":2,"gold_loss":0,"cards_obtained":["Regret"]},{"damage_healed":0,"gold_gain":175,"player_choice":"AGREE","damage_taken":0,"max_hp_gain":0,"max_hp_loss":0,"event_name":"Liars Game","floor":11,"gold_loss":0,"cards_obtained":["Doubt"]},{"damage_healed":0,"gold_gain":0,"player_choice":"Fought Bandits","damage_taken":0,"max_hp_gain":0,"max_hp_loss":0,"event_name":"Masked Bandits","floor":19,"gold_loss":0},{"damage_healed":0,"gold_gain":0,"player_choice":"Bought 0 Potions","damage_taken":0,"max_hp_gain":0,"max_hp_loss":0,"event_name":"The Woman in Blue","floor":21,"gold_loss":0},{"damage_healed":0,"gold_gain":100,"player_choice":"Pray","damage_taken":0,"max_hp_gain":0,"max_hp_loss":0,"event_name":"Golden Shrine","floor":36,"gold_loss":0}],"is_beta":false,"boss_relics":[{"not_picked":["Eternal Feather","Black Star"],"picked":"Astrolabe"},{"not_picked":["Snecko Eye","Runic Cube"],"picked":"Sozu"}],"items_purged_floors":[3,22,24],"is_endless":false,"potions_floor_spawned":[1,4,10,13,18,19,28,31,38],"killed_by":"Jaw Worm Horde","ascension_level":1}