{"gold_per_floor":[115,193,3,21,41,41,57,71,94,119,119,2,29,29,29,129,129,148,148,148,161,111,111],"floor_reached":23,"playtime":1417,"items_purged":["Dualcast","Defend_B","Defend_B"],"score":209,"play_id":"98364d1f-e8ad-422a-98b0-3e32c964b83f","local_time":"20190303200538","is_ascension_mode":true,"campfire_choices":[{"floor":15,"key":"REST"}],"neow_cost":"NONE","seed_source_timestamp":180543061435842,"circlet_count":0,"master_deck":["Strike_B","Strike_B","Strike_B","Defend_B","Defend_B","Zap","Defragment","Cold Snap","Go for the Eyes","Undo","FTL","BootSequence","Core Surge","Conserve Battery+1","Leap","White Noise"],"relics":["Cracked Core","NeowsBlessing","Smiling Mask","Juzu Bracelet","Mercury Hourglass","Oddly Smooth Stone","Snecko Eye"],"potions_floor_usage":[7,13,18],"damage_taken":[{"damage":0,"enemies":"Cultist","floor":1,"turns":1},{"damage":0,"enemies":"Jaw Worm","floor":4,"turns":1},{"damage":0,"enemies":"2 Louse","floor":5,"turns":1},{"damage":16,"enemies":"Lots of Slimes","floor":7,"turns":4},{"damage":0,"enemies":"Blue Slaver","floor":8,"turns":4},{"damage":14,"enemies":"Lagavulin","floor":10,"turns":8},{"damage":15,"enemies":"Gremlin Nob","floor":13,"turns":4},{"damage":33,"enemies":"Hexaghost","floor":16,"turns":11},{"damage":9,"enemies":"2 Thieves","floor":18,"turns":3},{"damage":5,"enemies":"3 Byrds","floor":21,"turns":4},{"damage":52,"enemies":"Gremlin Leader","floor":23,"turns":8}],"seed_played":"-4078681056678428439","potions_obtained":[{"floor":1,"key":"Fruit Juice"},{"floor":5,"key":"Block Potion"},{"floor":7,"key":"SpeedPotion"},{"floor":16,"key":"Fire Potion"}],"is_trial":false,"path_per_floor":["M","T","$","M","M","?","M","M","T","E","?","$","E","$","R","B",null,"M","?","?","M","$","E"],"character_chosen":"DEFECT","items_purchased":["Defragment","Cold Snap","FTL"],"campfire_rested":1,"item_purchase_floors":[3,3,12],"current_hp_per_floor":[75,75,75,75,75,75,64,64,64,50,43,43,28,28,52,19,80,71,56,56,51,51,0],"gold":111,"neow_bonus":"THREE_ENEMY_KILL","is_prod":false,"is_daily":false,"chose_seed":false,"campfire_upgraded":0,"win_rate":0,"timestamp":1551661538,"path_taken":["M","?","?","M","?","?","?","M","T","E","?","$","E","?","R","BOSS","M","?","?","M","$","E"],"build_version":"2019-01-23","purchased_purges":3,"victory":false,"max_hp_per_floor":[75,75,75,75,75,75,80,80,80,80,80,80,80,80,80,80,80,80,85,85,85,85,85],"card_choices":[{"not_picked":["Reprogram","Static Discharge","Scrape"],"picked":"SKIP","floor":1},{"not_picked":["Chaos","Rebound","Sweeping Beam"],"picked":"SKIP","floor":4},{"not_picked":["Aggregate","Ball Lightning"],"picked":"Go for the Eyes","floor":5},{"not_picked":["Compile Driver","Rebound"],"picked":"Undo","floor":7},{"not_picked":["Static Discharge","Ball Lightning","Compile Driver"],"picked":"SKIP","floor":8},{"not_picked":["Steam","Tempest","Sweeping Beam"],"picked":"SKIP","floor":10},{"not_picked":["Blizzard","Reinforced Body"],"picked":"BootSequence","floor":13},{"not_picked":["Machine Learning","Reboot"],"picked":"Core Surge","floor":16},{"not_picked":["Cold Snap","Redo"],"picked":"Conserve Battery+1","floor":18},{"not_picked":["Double Energy","Turbo"],"picked":"White Noise","floor":21}],"player_experience":245291,"relics_obtained":[{"floor":9,"key":"Juzu Bracelet"},{"floor":10,"key":"Mercury Hourglass"},{"floor":13,"key":"Oddly Smooth Stone"}],"event_choices":[{"damage_healed":0,"gold_gain":0,"player_choice":"Gave Potion","damage_taken":0,"relics_obtained":["Smiling Mask"],"max_hp_gain":0,"max_hp_loss":0,"event_name":"WeMeetAgain","floor":6,"gold_loss":0},{"cards_removed":["Strike_B"],"damage_healed":0,"gold_gain":0,"player_choice":"Card Removal","damage_taken":7,"max_hp_gain":0,"max_hp_loss":0,"event_name":"Golden Wing","floor":11,"gold_loss":0},{"damage_healed":0,"gold_gain":0,"player_choice":"Shed Blood","damage_taken":20,"max_hp_gain":5,"max_hp_loss":0,"event_name":"Forgotten Altar","floor":19,"gold_loss":0},{"damage_healed":0,"gold_gain":0,"player_choice":"Read","damage_taken":0,"max_hp_gain":0,"max_hp_loss":0,"event_name":"The Library","floor":20,"gold_loss":0,"cards_obtained":["Leap"]}],"is_beta":false,"boss_relics":[{"not_picked":["Inserter","Nuclear Battery"],"picked":"Snecko Eye"}],"items_purged_floors":[3,12,22],"is_endless":false,"potions_floor_spawned":[1,5,7,16],"killed_by":"Gremlin Leader","ascension_level":1}