{"path_per_floor":["M","$","?","M","?","R","E","R","T","M","E","?","M","$","R","B",null,"M","?","M","?","T"],"character_chosen":"THE_SILENT","items_purchased":["Apotheosis","Dexterity Potion"],"gold_per_floor":[113,38,38,56,156,156,190,190,190,205,233,233,256,15,15,141,141,81,6,21,21,44],"floor_reached":23,"campfire_rested":1,"playtime":58539,"current_hp_per_floor":[63,63,68,68,68,68,68,68,68,68,38,20,18,18,40,10,59,38,38,38,22,22],"items_purged":["Strike_G"],"gold":44,"score":286,"play_id":"82bdc363-890f-47a9-987f-4c92ee70b83f","is_prod":false,"is_daily":false,"is_ascension_mode":true,"campfire_upgraded":2,"path_taken":["M","?","?","?","?","R","E","R","T","M","E","?","?","$","R","BOSS","M","?","M","?","?","E"],"build_version":"2018-02-22-PROD2","purchased_purges":1,"victory":false,"master_deck":["Defend_G","Defend_G","Defend_G","Defend_G","Defend_G","Strike_G","Strike_G","Strike_G","Survivor","Neutralize+1","Footwork+1","Sucker Punch","Deflect","Apotheosis","Burst","Blur+1","Heel Hook+1","Necronomicurse"],"max_hp_per_floor":[70,70,75,75,75,75,75,75,75,75,75,75,75,75,75,75,75,75,75,75,75,75],"relics":["Ring of the Snake","NeowsBlessing","Pen Nib","Ginger","Bottled Lightning","Golden Idol","Sozu","Necronomicon","Omamori"],"card_choices":[{"not_picked":["Prepared","Backflip"],"picked":"Footwork"},{"not_picked":["PiercingWail","Grand Finale"],"picked":"Sucker Punch"},{"not_picked":["Dodge and Roll","Terror"],"picked":"Deflect"},{"not_picked":["Doppelganger","Grand Finale"],"picked":"Burst"},{"not_picked":["Cloak And Dagger","Poisoned Stab"],"picked":"Blur"},{"not_picked":["Catalyst","Deadly Poison"],"picked":"Heel Hook"}],"player_experience":263661,"potions_floor_usage":[],"damage_taken":[{"damage":0.0,"enemies":"Cultist","floor":1.0,"turns":1.0},{"damage":0.0,"enemies":"Jaw Worm","floor":4.0,"turns":1.0},{"damage":0.0,"enemies":"3 Sentries","floor":7.0,"turns":1.0},{"damage":0.0,"enemies":"2 Louse","floor":10.0,"turns":3.0},{"damage":30.0,"enemies":"Lagavulin","floor":11.0,"turns":14.0},{"damage":2.0,"enemies":"Looter","floor":13.0,"turns":4.0},{"damage":30.0,"enemies":"Hexaghost","floor":16.0,"turns":16.0},{"damage":21,"enemies":"2 Thieves","floor":18,"turns":4},{"damage":0,"enemies":"Spheric Guardian","floor":20,"turns":8},{"damage":23,"enemies":"Book of Stabbing","floor":23,"turns":8}],"event_choices":[{"event_name":"Big Fish","player_choice":"Donut","floor":3.0,"damage_taken":0.0},{"event_name":"Golden Shrine","player_choice":"Pray","floor":5.0,"damage_taken":0.0},{"event_name":"Golden Idol","player_choice":"Take Damage","floor":12.0,"damage_taken":0.0},{"event_name":"Beggar","player_choice":"Gave Gold","floor":19,"damage_taken":0},{"event_name":"Cursed Tome","player_choice":"Obtained Book","floor":21,"damage_taken":0}],"boss_relics":[{"not_picked":["Black Star","Question Card"],"picked":"Sozu"}],"potions_floor_spawned":[4,13],"seed_played":"-3289990193293313428","killed_by":"Book of Stabbing","ascension_level":6,"is_trial":false}