{"gold_per_floor":[112,132,132,144,162,187,247,258,309,322,6,20,34,51,51,155,205,216,216,227,227,0,0,27,27,103,113,130,149,160,195,195,195],"floor_reached":33,"playtime":2588,"items_purged":["Defend_R","Writhe"],"score":345,"play_id":"46a59180-ad4a-4e78-b616-b8d73fdd10e7","local_time":"20190131121302","is_ascension_mode":false,"campfire_choices":[{"floor":15,"key":"RECALL"},{"floor":23,"key":"REST"},{"floor":25,"key":"REST"},{"floor":32,"key":"REST"}],"neow_cost":"NONE","seed_source_timestamp":1730061570489331,"circlet_count":0,"master_deck":["Strike_R","Strike_R","Strike_R","Strike_R","Defend_R","Defend_R","Defend_R","Bash","Rage","Shrug It Off","Perfected Strike+1","Feel No Pain","Intimidate","True Grit","Perfected Strike","Wild Strike","Flex","Twin Strike","Impervious","Thunderclap","Pommel Strike","Wild Strike+1","Inflame","Spot Weakness","Twin Strike","Perfected Strike","Flex","Twin Strike","Twin Strike+1"],"relics":["Fusion Hammer","Champion Belt","Darkstone Periapt","Anchor","Bottled Lightning","Tiny House","Oddly Smooth Stone","Dodecahedron","Frozen Egg 2"],"potions_floor_usage":[6,7,16,18,24,28,31,33,33],"damage_taken":[{"damage":2,"enemies":"Jaw Worm","floor":1,"turns":4},{"damage":0,"enemies":"Small Slimes","floor":2,"turns":3},{"damage":0,"enemies":"Cultist","floor":4,"turns":3},{"damage":0,"enemies":"Large Slime","floor":5,"turns":6},{"damage":10,"enemies":"3 Sentries","floor":6,"turns":9},{"damage":21,"enemies":"Lagavulin Event","floor":7,"turns":6},{"damage":5,"enemies":"3 Louse","floor":8,"turns":3},{"damage":0,"enemies":"Looter","floor":10,"turns":3},{"damage":0,"enemies":"Red Slaver","floor":12,"turns":2},{"damage":0,"enemies":"3 Louse","floor":13,"turns":3},{"damage":0,"enemies":"Blue Slaver","floor":14,"turns":2},{"damage":1,"enemies":"Slime Boss","floor":16,"turns":8},{"damage":5,"enemies":"3 Byrds","floor":18,"turns":5},{"damage":19,"enemies":"Chosen","floor":20,"turns":5},{"damage":4,"enemies":"Book of Stabbing","floor":24,"turns":4},{"damage":0,"enemies":"Snake Plant","floor":27,"turns":2},{"damage":10,"enemies":"Sentry and Sphere","floor":28,"turns":3},{"damage":13,"enemies":"Shelled Parasite and Fungi","floor":29,"turns":4},{"damage":1,"enemies":"Centurion and Healer","floor":30,"turns":5},{"damage":12,"enemies":"Gremlin Leader","floor":31,"turns":4},{"damage":95,"enemies":"Champ","floor":33,"turns":9}],"seed_played":"-3755013904032381429","potions_obtained":[{"floor":4,"key":"SpeedPotion"},{"floor":6,"key":"Ancient Potion"},{"floor":12,"key":"Weak Potion"},{"floor":13,"key":"Strength Potion"},{"floor":17,"key":"Fruit Juice"},{"floor":27,"key":"Regen Potion"},{"floor":28,"key":"FearPotion"},{"floor":29,"key":"Dexterity Potion"},{"floor":31,"key":"EssenceOfSteel"}],"is_trial":false,"path_per_floor":["M","M","?","M","M","E","?","M","T","M","$","M","M","M","R","B",null,"M","?","M","?","$","R","E","R","T","M","M","M","M","E","R","B"],"character_chosen":"IRONCLAD","items_purchased":["Bottled Lightning","Spot Weakness","Twin Strike"],"campfire_rested":3,"item_purchase_floors":[11,22,22],"current_hp_per_floor":[78,78,78,78,78,68,47,42,42,42,42,42,42,42,42,41,85,85,91,72,72,72,96,92,96,96,96,86,73,72,60,88,0],"gold":195,"neow_bonus":"BOSS_RELIC","is_prod":false,"is_daily":false,"chose_seed":false,"campfire_upgraded":0,"win_rate":0,"timestamp":1548954782,"path_taken":["M","M","?","M","M","E","?","M","T","M","$","M","M","M","R","BOSS","M","?","M","?","$","R","E","R","T","M","M","M","M","E","R","BOSS"],"build_version":"2019-01-23","purchased_purges":2,"victory":false,"max_hp_per_floor":[80,80,80,80,80,80,80,80,80,80,80,80,80,80,80,80,85,90,96,96,96,96,96,96,96,96,96,96,96,96,96,96,96],"card_choices":[{"not_picked":["Sword Boomerang","Warcry"],"picked":"Rage","floor":1},{"not_picked":["True Grit","Sword Boomerang"],"picked":"Shrug It Off","floor":2},{"not_picked":["Searing Blow","True Grit","Headbutt"],"picked":"SKIP","floor":4},{"not_picked":["Sentinel","Anger"],"picked":"Perfected Strike","floor":5},{"not_picked":["Headbutt","Body Slam"],"picked":"Feel No Pain","floor":6},{"not_picked":["Metallicize","Reaper"],"picked":"Intimidate","floor":7},{"not_picked":["Cleave","Fire Breathing"],"picked":"True Grit","floor":8},{"not_picked":["Shrug It Off","True Grit"],"picked":"Perfected Strike","floor":10},{"not_picked":["Sword Boomerang","Carnage"],"picked":"Wild Strike","floor":12},{"not_picked":["Dual Wield","Spot Weakness"],"picked":"Flex","floor":13},{"not_picked":["Havoc","Immolate"],"picked":"Twin Strike","floor":14},{"not_picked":["Offering","Berserk"],"picked":"Impervious","floor":16},{"not_picked":["Feel No Pain","Anger"],"picked":"Thunderclap","floor":17},{"not_picked":["Headbutt+1","Flex"],"picked":"Pommel Strike","floor":18},{"not_picked":["Shrug It Off","Searing Blow+1"],"picked":"Wild Strike+1","floor":20},{"not_picked":["Warcry+1","Armaments"],"picked":"Perfected Strike","floor":24},{"not_picked":["Shrug It Off","Offering","Searing Blow"],"picked":"SKIP","floor":27},{"not_picked":["Blood for Blood","Havoc","Headbutt"],"picked":"SKIP","floor":28},{"not_picked":["Warcry","Infernal Blade"],"picked":"Flex","floor":29},{"not_picked":["Armaments","Uppercut"],"picked":"Twin Strike","floor":30},{"not_picked":["Juggernaut","Fire Breathing"],"picked":"Twin Strike+1","floor":31}],"player_experience":115172,"relics_obtained":[{"floor":6,"key":"Champion Belt"},{"floor":9,"key":"Anchor"},{"floor":24,"key":"Dodecahedron"},{"floor":31,"key":"Frozen Egg 2"}],"event_choices":[{"cards_removed":["Strike_R"],"damage_healed":0,"gold_gain":0,"player_choice":"Forget","damage_taken":0,"max_hp_gain":0,"max_hp_loss":0,"event_name":"Living Wall","floor":3,"gold_loss":0},{"damage_healed":0,"gold_gain":0,"player_choice":"Searched \u00273\u0027 times","damage_taken":0,"relics_obtained":["Darkstone Periapt"],"max_hp_gain":0,"max_hp_loss":0,"event_name":"Dead Adventurer","floor":7,"gold_loss":0},{"damage_healed":0,"gold_gain":0,"player_choice":"Opened","damage_taken":0,"relics_obtained":["Oddly Smooth Stone"],"max_hp_gain":0,"max_hp_loss":0,"event_name":"The Mausoleum","floor":19,"gold_loss":0,"cards_obtained":["Writhe"]},{"damage_healed":0,"gold_gain":0,"player_choice":"Read","damage_taken":0,"max_hp_gain":0,"max_hp_loss":0,"event_name":"The Library","floor":21,"gold_loss":0,"cards_obtained":["Inflame"]}],"is_beta":false,"boss_relics":[{"not_picked":["Busted Crown","Cursed Key"],"picked":"Tiny House"}],"items_purged_floors":[11,22],"is_endless":false,"potions_floor_spawned":[4,6,12,13,27,28,29,31],"killed_by":"Champ","ascension_level":0}