{"gold_per_floor":[110,110,120,136,146,173,173,202,228,228,248,248,248,27,27,125,175,191,205,222,236,151,151,180,180,252,271,298,298,298,298],"floor_reached":31,"playtime":2707,"items_purged":["Strike_B"],"score":340,"play_id":"6c56e619-81ba-48e3-b2f5-d4217b5171ff","local_time":"20190130093259","is_ascension_mode":false,"campfire_choices":[{"floor":7,"key":"RECALL"},{"data":"Gash","floor":10,"key":"SMITH"},{"data":"Coolheaded","floor":15,"key":"SMITH"},{"data":"Beam Cell","floor":23,"key":"SMITH"},{"data":"Reboot","floor":29,"key":"SMITH"}],"neow_cost":"NONE","seed_source_timestamp":1633934695397981,"circlet_count":0,"master_deck":["Strike_B","Strike_B","Strike_B","Defend_B+1","Defend_B","Defend_B","Defend_B","Zap+1","Dualcast","Gash+1","Doom and Gloom+1","Beam Cell+1","Coolheaded+1","Cold Snap","Self Repair","Gash","Gash","Gash","Reboot+1","Cold Snap","Sweeping Beam","Steam Power+1","Coolheaded","Gash","Melter","Decay"],"relics":["Cracked Core","NeowsBlessing","Vajra","Lantern","Smiling Mask","Regal Pillow","War Paint","Tiny House","Juzu Bracelet","Pen Nib","MutagenicStrength","Red Mask"],"potions_floor_usage":[6,6,11,16,18,21,24,24,24,27,28],"damage_taken":[{"damage":0,"enemies":"Small Slimes","floor":1,"turns":1},{"damage":0,"enemies":"Cultist","floor":3,"turns":1},{"damage":0,"enemies":"Jaw Worm","floor":4,"turns":1},{"damage":14,"enemies":"3 Louse","floor":5,"turns":2},{"damage":13,"enemies":"3 Sentries","floor":6,"turns":7},{"damage":22,"enemies":"Lagavulin","floor":8,"turns":5},{"damage":8,"enemies":"Lots of Slimes","floor":11,"turns":2},{"damage":0,"enemies":"Slime Boss","floor":16,"turns":5},{"damage":1,"enemies":"Shell Parasite","floor":18,"turns":3},{"damage":28,"enemies":"2 Thieves","floor":19,"turns":3},{"damage":9,"enemies":"Centurion and Healer","floor":20,"turns":5},{"damage":10,"enemies":"Snecko","floor":21,"turns":6},{"damage":38,"enemies":"Slavers","floor":24,"turns":4},{"damage":0,"enemies":"Chosen and Byrds","floor":27,"turns":2},{"damage":0,"enemies":"Masked Bandits","floor":28,"turns":3},{"damage":11,"enemies":"Snake Plant","floor":31,"turns":1}],"seed_played":"6857342869785511901","potions_obtained":[{"floor":3,"key":"Regen Potion"},{"floor":5,"key":"SpeedPotion"},{"floor":6,"key":"LiquidBronze"},{"floor":13,"key":"Strength Potion"},{"floor":13,"key":"EntropicBrew"},{"floor":13,"key":"Dexterity Potion"},{"floor":17,"key":"Poison Potion"},{"floor":19,"key":"PowerPotion"},{"floor":21,"key":"Dexterity Potion"},{"floor":24,"key":"Swift Potion"},{"floor":28,"key":"Explosive Potion"}],"is_trial":false,"path_per_floor":["M","?","M","M","M","E","R","E","T","R","M","?","?","$","R","B",null,"M","M","M","M","?","R","E","?","T","M","?","R","?","M"],"character_chosen":"DEFECT","items_purchased":["Gash","War Paint"],"campfire_rested":0,"item_purchase_floors":[14,14],"current_hp_per_floor":[75,75,75,75,61,63,63,48,48,48,40,40,40,40,40,47,80,80,59,57,47,47,47,9,9,9,9,9,9,9,0],"gold":298,"neow_bonus":"THREE_ENEMY_KILL","is_prod":false,"is_daily":false,"chose_seed":false,"campfire_upgraded":4,"win_rate":0,"timestamp":1548858779,"path_taken":["M","?","M","M","?","E","R","E","T","R","M","?","?","$","R","BOSS","M","?","M","?","?","R","E","?","T","M","?","R","?","M"],"build_version":"2019-01-23","purchased_purges":1,"victory":false,"max_hp_per_floor":[75,75,75,75,75,75,75,75,75,75,75,75,75,75,75,75,80,80,80,80,80,80,80,80,80,80,80,80,80,80,80],"card_choices":[{"not_picked":["Compile Driver","Hologram"],"picked":"Gash","floor":1},{"not_picked":["Darkness","Genetic Algorithm"],"picked":"Beam Cell","floor":3},{"not_picked":["Leap","Chill"],"picked":"Coolheaded","floor":4},{"not_picked":["Conserve Battery","Stack"],"picked":"Cold Snap","floor":5},{"not_picked":["Thunder Strike","Ball Lightning"],"picked":"Self Repair","floor":6},{"not_picked":["Reprogram","Skim"],"picked":"Gash","floor":8},{"not_picked":["Conserve Battery","Ball Lightning"],"picked":"Gash","floor":11},{"not_picked":["Creative AI","Rainbow"],"picked":"Reboot","floor":16},{"not_picked":["Doom and Gloom","Fusion"],"picked":"Cold Snap","floor":17},{"not_picked":["Cold Snap","Streamline"],"picked":"Sweeping Beam","floor":18},{"not_picked":["Melter","Redo+1"],"picked":"Steam Power+1","floor":19},{"not_picked":["Steam","Compile Driver+1"],"picked":"Coolheaded","floor":20},{"not_picked":["Auto Shields+1","Hologram"],"picked":"Gash","floor":21},{"not_picked":["Barrage","Steam","Compile Driver"],"picked":"SKIP","floor":24},{"not_picked":["Chill+1","Sweeping Beam+1","Heatsinks+1"],"picked":"SKIP","floor":27},{"not_picked":["Amplify","Reinforced Body+1"],"picked":"Melter","floor":28}],"player_experience":84169,"relics_obtained":[{"floor":6,"key":"Vajra"},{"floor":8,"key":"Lantern"},{"floor":9,"key":"Smiling Mask"},{"floor":24,"key":"Pen Nib"},{"floor":28,"key":"Red Mask"}],"event_choices":[{"damage_healed":0,"gold_gain":0,"player_choice":"1 cards matched","damage_taken":0,"max_hp_gain":0,"max_hp_loss":0,"event_name":"Match and Keep!","floor":2,"gold_loss":0,"cards_obtained":["Doom and Gloom"]},{"damage_healed":0,"gold_gain":0,"player_choice":"Searched \u00272\u0027 times","damage_taken":0,"relics_obtained":["Regal Pillow"],"max_hp_gain":0,"max_hp_loss":0,"event_name":"Dead Adventurer","floor":12,"gold_loss":0},{"damage_healed":0,"gold_gain":0,"player_choice":"Got Potions","damage_taken":0,"max_hp_gain":0,"max_hp_loss":0,"event_name":"Lab","floor":13,"gold_loss":0},{"damage_healed":0,"gold_gain":0,"player_choice":"Obtained Relic","damage_taken":0,"relics_obtained":["Juzu Bracelet"],"max_hp_gain":0,"max_hp_loss":0,"event_name":"Addict","floor":22,"gold_loss":85},{"damage_healed":0,"gold_gain":0,"player_choice":"Inject Mutagens","damage_taken":0,"relics_obtained":["MutagenicStrength"],"max_hp_gain":0,"max_hp_loss":0,"event_name":"Drug Dealer","floor":25,"gold_loss":0},{"damage_healed":0,"gold_gain":0,"player_choice":"Fought Bandits","damage_taken":0,"max_hp_gain":0,"max_hp_loss":0,"event_name":"Masked Bandits","floor":28,"gold_loss":0},{"damage_healed":0,"gold_gain":0,"player_choice":"Smashed Altar","damage_taken":0,"max_hp_gain":0,"max_hp_loss":0,"event_name":"Forgotten Altar","floor":30,"gold_loss":0,"cards_obtained":["Decay"]}],"is_beta":false,"boss_relics":[{"not_picked":["Inserter","Nuclear Battery"],"picked":"Tiny House"}],"items_purged_floors":[14],"is_endless":false,"potions_floor_spawned":[3,5,6,19,21,24,28],"killed_by":"Snake Plant","ascension_level":0}