{"gold_per_floor":[115,290,300,300,313,263,290,315,315,327,346,366,60,72,72,174,174,191,191,191,191,208,208,241,253,253,253,253,99,111,129,129,232,232,247,20,20,20,20,46,46,57,84,99,99,134,134,160,160,160,160,160,37,63,63],"floor_reached":55,"playtime":8115,"items_purged":["Defend_G","Strike_G+1"],"score":831,"play_id":"c0353918-f223-4e04-8d97-db6b8c91395b","local_time":"20190224182507","is_ascension_mode":true,"campfire_choices":[{"floor":15.0,"key":"REST"},{"floor":23.0,"key":"RECALL"},{"data":"Crippling Poison","floor":27,"key":"SMITH"},{"data":"Crippling Poison","floor":32,"key":"SMITH"},{"floor":45,"key":"REST"},{"floor":47,"key":"REST"},{"floor":49,"key":"REST"},{"data":"Catalyst","floor":52,"key":"SMITH"}],"neow_cost":"NONE","seed_source_timestamp":0,"circlet_count":0,"master_deck":["Defend_G+1","Defend_G+1","Defend_G+1","Defend_G+1","Strike_G+1","Strike_G+1","Strike_G+1","Strike_G+1","Survivor","Neutralize","Crippling Poison+1","Footwork+1","Cloak And Dagger","Crippling Poison+1","Cloak And Dagger","A Thousand Cuts","Predator","Catalyst","Envenom","Blade Dance","Infinite Blades+1","Adrenaline","Backstab","Terror","Well Laid Plans+1","Cloak And Dagger","Deadly Poison","Tools of the Trade","Caltrops","Catalyst+1","Madness","Madness","Finesse","Crippling Poison","Cloak And Dagger","Terror+1","Escape Plan"],"special_seed":0,"relics":["Ring of the Snake","NeowsBlessing","Mummified Hand","Odd Mushroom","Ancient Tea Set","Sozu","MutagenicStrength","The Specimen","Bag of Preparation","Snake Skull","Cursed Key","Omamori","Question Card","Bag of Marbles","Smiling Mask","Happy Flower","Tingsha"],"potions_floor_usage":[33,35],"damage_taken":[{"damage":0.0,"enemies":"Jaw Worm","floor":1.0,"turns":1.0},{"damage":0.0,"enemies":"Small Slimes","floor":3.0,"turns":1.0},{"damage":0.0,"enemies":"2 Louse","floor":5.0,"turns":1.0},{"damage":0.0,"enemies":"The Mushroom Lair","floor":7.0,"turns":4.0},{"damage":26.0,"enemies":"Lagavulin","floor":8.0,"turns":12.0},{"damage":14.0,"enemies":"Exordium Wildlife","floor":10.0,"turns":5.0},{"damage":0.0,"enemies":"Blue Slaver","floor":11.0,"turns":4.0},{"damage":0.0,"enemies":"Large Slime","floor":12.0,"turns":7.0},{"damage":2.0,"enemies":"3 Louse","floor":14.0,"turns":3.0},{"damage":8.0,"enemies":"Hexaghost","floor":16.0,"turns":8.0},{"damage":0.0,"enemies":"3 Byrds","floor":18.0,"turns":5.0},{"damage":10.0,"enemies":"Spheric Guardian","floor":22.0,"turns":5.0},{"damage":3.0,"enemies":"Slavers","floor":24.0,"turns":5.0},{"damage":8,"enemies":"Centurion and Healer","floor":25,"turns":4},{"damage":1,"enemies":"Snecko","floor":30,"turns":4},{"damage":1,"enemies":"Snake Plant","floor":31,"turns":3},{"damage":18,"enemies":"Champ","floor":33,"turns":9},{"damage":1,"enemies":"Orb Walker","floor":35,"turns":3},{"damage":53,"enemies":"Nemesis","floor":40,"turns":5},{"damage":0,"enemies":"3 Darklings","floor":42,"turns":3},{"damage":1,"enemies":"Jaw Worm Horde","floor":44,"turns":3},{"damage":2,"enemies":"Giant Head","floor":46,"turns":7},{"damage":27,"enemies":"Donu and Deca","floor":50,"turns":7},{"damage":34,"enemies":"Shield and Spear","floor":54,"turns":4},{"damage":41,"enemies":"The Heart","floor":55,"turns":3}],"seed_played":"1786119539286126566","potions_obtained":[{"floor":5.0,"key":"EssenceOfSteel"},{"floor":7.0,"key":"SteroidPotion"},{"floor":10.0,"key":"Dexterity Potion"},{"floor":11.0,"key":"PowerPotion"},{"floor":14.0,"key":"Poison Potion"},{"floor":16.0,"key":"Strength Potion"}],"is_trial":false,"path_per_floor":["M","?","M","?","M","?","?","E","T","M","M","M","$","M","R","B",null,"M","?","?","?","M","R","E","M","T","R","?","$","M","M","R","B",null,"M","$","?","$","?","E","?","M","T","M","R","E","R","T","R","B",null,"R","$","E","B"],"character_chosen":"THE_SILENT","items_purchased":["Catalyst","Envenom","Snake Skull","Omamori","Catalyst","Escape Plan"],"campfire_rested":4,"item_purchase_floors":[13,13,29,36,36,53],"current_hp_per_floor":[70,70,70,67,67,67,67,41,41,27,27,27,27,25,46,38,70,70,70,70,70,60,60,57,49,49,49,70,70,69,68,68,50,70,69,69,60,60,60,7,7,7,7,6,27,25,46,46,67,40,70,70,70,36,0],"gold":63,"neow_bonus":"THREE_ENEMY_KILL","is_prod":false,"is_daily":false,"chose_seed":false,"campfire_upgraded":3,"win_rate":0,"timestamp":1551050707,"path_taken":["M","?","M","?","?","?","?","E","T","M","M","M","?","M","R","BOSS","M","?","?","?","?","R","E","M","T","R","?","?","M","?","R","BOSS","M","$","?","$","?","E","?","?","T","M","R","E","R","?","R","BOSS","R","$","E","BOSS"],"build_version":"2019-01-23","purchased_purges":2,"victory":false,"max_hp_per_floor":[70,70,70,70,70,70,70,70,70,70,70,70,70,70,70,70,70,70,70,70,70,70,70,70,70,70,70,70,70,70,70,70,70,70,70,70,70,70,70,70,70,70,70,70,70,70,70,70,70,70,70,70,70,70,70],"card_choices":[{"not_picked":["PiercingWail","Outmaneuver"],"picked":"Crippling Poison","floor":1.0},{"not_picked":["Distraction","Escape Plan"],"picked":"Footwork","floor":3.0},{"not_picked":["Calculated Gamble","Dodge and Roll"],"picked":"Cloak And Dagger","floor":5.0},{"not_picked":["Bane","Slice"],"picked":"Crippling Poison","floor":7.0},{"not_picked":["Slice","Sucker Punch"],"picked":"Cloak And Dagger","floor":8.0},{"not_picked":["Predator","Crippling Poison"],"picked":"A Thousand Cuts","floor":10.0},{"not_picked":["Calculated Gamble","Flying Knee","Quick Slash"],"picked":"SKIP","floor":11.0},{"not_picked":["Outmaneuver","Underhanded Strike"],"picked":"Predator","floor":12.0},{"not_picked":["Dodge and Roll","Outmaneuver"],"picked":"Blade Dance","floor":14.0},{"not_picked":["Die Die Die","Venomology"],"picked":"Tools of the Trade","floor":16.0},{"not_picked":["Prepared","Dagger Spray"],"picked":"Infinite Blades+1","floor":18.0},{"not_picked":["Tactician+1","Slice+1"],"picked":"Backstab","floor":22.0},{"not_picked":["Concentrate","Dodge and Roll"],"picked":"Terror","floor":24.0},{"not_picked":["Flying Knee+1","Dagger Spray"],"picked":"Well Laid Plans+1","floor":25},{"not_picked":["Masterful Stab","Backflip"],"picked":"Cloak And Dagger","floor":30},{"not_picked":["Cloak And Dagger","Escape Plan"],"picked":"Deadly Poison","floor":31},{"not_picked":["Die Die Die","Glass Knife"],"picked":"Tools of the Trade","floor":33},{"not_picked":["Acrobatics+1","Quick Slash+1"],"picked":"Caltrops","floor":35},{"not_picked":["Mind Blast","Madness"],"picked":"Finesse","floor":39},{"not_picked":["Well Laid Plans+1","Night Terror"],"picked":"Crippling Poison","floor":40},{"not_picked":["Heel Hook","Poisoned Stab+1","Blade Dance+1"],"picked":"Cloak And Dagger","floor":42},{"not_picked":["Riddle With Holes+1","Outmaneuver","Concentrate","Backstab"],"picked":"SKIP","floor":44},{"not_picked":["Dash","Underhanded Strike+1","Masterful Stab+1"],"picked":"Terror+1","floor":46},{"not_picked":["Flying Knee+1","Sucker Punch","Expertise","Masterful Stab+1"],"picked":"SKIP","floor":54}],"player_experience":219898,"relics_obtained":[{"floor":7.0,"key":"Odd Mushroom"},{"floor":8.0,"key":"Ancient Tea Set"},{"floor":24.0,"key":"The Specimen"},{"floor":26,"key":"Bag of Preparation"},{"floor":40,"key":"Question Card"},{"floor":43,"key":"Bag of Marbles"},{"floor":46,"key":"Smiling Mask"},{"floor":48,"key":"Happy Flower"},{"floor":54,"key":"Tingsha"}],"event_choices":[{"damage_healed":0.0,"max_hp_gain":0.0,"max_hp_loss":0.0,"gold_gain":175.0,"event_name":"Liars Game","player_choice":"AGREE","floor":2.0,"gold_loss":0.0,"damage_taken":0.0,"cards_obtained":["Doubt"]},{"damage_healed":0.0,"max_hp_gain":0.0,"max_hp_loss":0.0,"gold_gain":0.0,"event_name":"Scrap Ooze","player_choice":"Success","floor":4.0,"gold_loss":0.0,"damage_taken":3.0,"relics_obtained":["Mummified Hand"]},{"cards_removed":["Doubt"],"damage_healed":0.0,"max_hp_gain":0.0,"max_hp_loss":0.0,"gold_gain":0.0,"event_name":"The Cleric","player_choice":"Card Removal","floor":6.0,"gold_loss":50.0,"damage_taken":0.0},{"damage_healed":0.0,"max_hp_gain":0.0,"max_hp_loss":0.0,"gold_gain":0.0,"event_name":"Mushrooms","player_choice":"Fought Mushrooms","floor":7.0,"gold_loss":0.0,"damage_taken":0.0},{"damage_healed":0.0,"max_hp_gain":0.0,"max_hp_loss":0.0,"gold_gain":0.0,"event_name":"Back to Basics","player_choice":"Simplicity","floor":19.0,"gold_loss":0.0,"damage_taken":0.0,"cards_upgraded":["Defend_G","Defend_G","Defend_G","Defend_G","Strike_G","Strike_G","Strike_G","Strike_G","Strike_G"]},{"damage_healed":0.0,"max_hp_gain":0.0,"max_hp_loss":0.0,"gold_gain":0.0,"event_name":"Drug Dealer","player_choice":"Inject Mutagens","floor":20.0,"gold_loss":0.0,"damage_taken":0.0,"relics_obtained":["MutagenicStrength"]},{"damage_healed":0.0,"max_hp_gain":0.0,"max_hp_loss":0.0,"gold_gain":0.0,"cards_transformed":["Tools of the Trade"],"event_name":"Transmorgrifier","player_choice":"Transformed","floor":21.0,"gold_loss":0.0,"damage_taken":0.0,"cards_obtained":["Adrenaline"]},{"damage_healed":23,"gold_gain":0,"player_choice":"Heal","damage_taken":0,"max_hp_gain":0,"max_hp_loss":0,"event_name":"The Library","floor":28,"gold_loss":0},{"damage_healed":0,"gold_gain":0,"player_choice":"Embrace Madness","damage_taken":9,"max_hp_gain":0,"max_hp_loss":0,"event_name":"Winding Halls","floor":37,"gold_loss":0,"cards_obtained":["Madness","Madness"]},{"damage_healed":0,"gold_gain":0,"player_choice":"Memory 1","damage_taken":0,"max_hp_gain":0,"max_hp_loss":0,"event_name":"SensoryStone","floor":39,"gold_loss":0},{"damage_healed":0,"gold_gain":0,"player_choice":"Upgraded","damage_taken":0,"max_hp_gain":0,"max_hp_loss":0,"event_name":"Upgrade Shrine","floor":41,"gold_loss":0,"cards_upgraded":["Footwork"]}],"is_beta":false,"boss_relics":[{"not_picked":["Astrolabe","Ectoplasm"],"picked":"Sozu"},{"not_picked":["Eternal Feather","Runic Pyramid"],"picked":"Cursed Key"}],"items_purged_floors":[13,53],"is_endless":false,"potions_floor_spawned":[5,7,10,11,14,16,18,22,24,25,40,42,46],"killed_by":"The Heart","ascension_level":1}