{"gold_per_floor":[117,132,145,159,44,76,76,110,110,127,127],"floor_reached":11,"playtime":587,"items_purged":[],"score":157,"play_id":"9a763079-989c-4e14-931f-169836ca3ffe","local_time":"20190212203632","is_ascension_mode":true,"campfire_choices":[{"data":"Cloak And Dagger","floor":7,"key":"SMITH"}],"neow_cost":"PERCENT_DAMAGE","seed_source_timestamp":4493228063136,"circlet_count":0,"master_deck":["AscendersBane","Defend_G","Defend_G","Defend_G","Defend_G","Defend_G","Strike_G","Strike_G","Strike_G","Strike_G","Strike_G","Survivor","Neutralize","Adrenaline","Cloak And Dagger+1","Bouncing Flask","Dash","Deadly Poison","Footwork","After Image","Backflip"],"relics":["Ring of the Snake","Centennial Puzzle","Nunchaku","Bottled Lightning"],"potions_floor_usage":[6,6],"damage_taken":[{"damage":0,"enemies":"2 Louse","floor":1,"turns":3},{"damage":0,"enemies":"Small Slimes","floor":2,"turns":4},{"damage":0,"enemies":"Jaw Worm","floor":3,"turns":4},{"damage":0,"enemies":"2 Fungi Beasts","floor":4,"turns":3},{"damage":23,"enemies":"Gremlin Nob","floor":6,"turns":4},{"damage":5,"enemies":"Lagavulin","floor":8,"turns":8},{"damage":3,"enemies":"Exordium Thugs","floor":10,"turns":5},{"damage":8,"enemies":"3 Sentries","floor":11,"turns":5}],"seed_played":"-7178961201774730842","potions_obtained":[{"floor":2,"key":"FearPotion"},{"floor":4,"key":"AttackPotion"},{"floor":6,"key":"Weak Potion"}],"is_trial":false,"path_per_floor":["M","M","M","M","$","E","R","E","T","M","E"],"character_chosen":"THE_SILENT","items_purchased":["Deadly Poison","Footwork"],"campfire_rested":0,"item_purchase_floors":[5,5],"current_hp_per_floor":[44,44,44,44,44,21,21,16,16,13,5],"gold":127,"neow_bonus":"THREE_RARE_CARDS","is_prod":false,"is_daily":false,"chose_seed":false,"campfire_upgraded":1,"win_rate":0,"timestamp":1550032592,"path_taken":["M","M","M","M","$","E","R","E","T","M","E"],"build_version":"2019-01-23","purchased_purges":0,"victory":false,"max_hp_per_floor":[66,66,66,66,66,66,66,66,66,66,66],"card_choices":[{"not_picked":["Phantasmal Killer","Die Die Die"],"picked":"Adrenaline","floor":0},{"not_picked":["PiercingWail","Slice"],"picked":"Cloak And Dagger","floor":1},{"not_picked":["Catalyst","Acrobatics"],"picked":"Bouncing Flask","floor":2},{"not_picked":["Skewer","Cloak And Dagger"],"picked":"Dash","floor":3},{"not_picked":["Dagger Throw","Underhanded Strike","Bane"],"picked":"SKIP","floor":4},{"not_picked":["Bane","Caltrops"],"picked":"After Image","floor":6},{"not_picked":["Accuracy","Dagger Throw","Prepared"],"picked":"SKIP","floor":8},{"not_picked":["Underhanded Strike","Dagger Throw"],"picked":"Backflip","floor":10}],"player_experience":510691,"relics_obtained":[{"floor":6,"key":"Centennial Puzzle"},{"floor":8,"key":"Nunchaku"},{"floor":9,"key":"Bottled Lightning"}],"event_choices":[],"is_beta":false,"boss_relics":[],"items_purged_floors":[],"is_endless":false,"potions_floor_spawned":[2,4,6],"killed_by":"3 Sentries","ascension_level":17}