{"path_per_floor":["M","?","M","M","$","R","E","?","T","R","E","$","E","M","R","B",null,"M","$","M","M","?","R","M","M","T","M","M","M","R","M","R"],"character_chosen":"IRONCLAD","items_purchased":["Metallicize","Thunderclap","Shrug It Off"],"gold_per_floor":[113,113,127,141,65,65,92,92,92,92,118,17,44,58,58,160,160,176,51,67,81,81,81,98,116,116,126,145,161,161,174,174],"floor_reached":33,"campfire_rested":3,"playtime":8089,"current_hp_per_floor":[80,78,84,89,89,89,64,64,64,64,46,46,36,40,70,36,106,94,94,86,87,71,71,8,16,16,13,19,12,47,29,65],"items_purged":["Defend_R","Strike_R"],"gold":174,"play_id":"46ed35ab-fc51-4b4e-9435-142da8a0836f","is_prod":false,"is_daily":false,"is_ascension_mode":true,"campfire_upgraded":3,"path_taken":["M","?","M","M","?","R","E","?","T","R","E","$","E","M","R","BOSS","M","$","M","?","?","R","M","M","T","M","M","M","R","M","R","BOSS"],"build_version":"2018-01-25-PROD2","purchased_purges":3,"victory":false,"master_deck":["Strike_R","Strike_R","Strike_R","Strike_R","Defend_R","Defend_R","Defend_R","Bash","Power Through","Metallicize+1","Feed+1","Disarm","Flex","Thunderclap","Shrug It Off","Armaments+1","Limit Break","Flex+1","Shrug It Off","Metallicize","Iron Wave+1","Shrug It Off"],"max_hp_per_floor":[80,90,90,90,90,90,90,90,90,90,94,94,98,102,102,106,106,106,106,110,114,114,114,114,118,118,118,118,118,118,122,122],"relics":["Burning Blood","Anchor","Pear","Ornamental Fan","Lantern","Centennial Puzzle","Gambling Chip","Mark of Pain","Enchiridion","Orichalcum"],"card_choices":[{"not_picked":["Feel No Pain","Rampage"],"picked":"Power Through"},{"not_picked":["Metallicize","Feel No Pain"],"picked":"Feed"},{"not_picked":["Flame Barrier","Warcry"],"picked":"Flex"},{"not_picked":["Sever Soul","Seeing Red"],"picked":"Shrug It Off"},{"not_picked":["Uppercut","Heavy Blade"],"picked":"Armaments"},{"not_picked":["Double Tap","Reaper"],"picked":"Limit Break"},{"not_picked":["Clash","Twin Strike"],"picked":"Flex"},{"not_picked":["Cleave","Warcry"],"picked":"Metallicize"},{"not_picked":["Power Through","Intimidate"],"picked":"Iron Wave"},{"not_picked":["Clothesline","Whirlwind"],"picked":"Shrug It Off"}],"player_experience":33977,"potions_floor_usage":[11,13,24,25,25,28,33],"damage_taken":[{"damage":0,"enemies":"2 Louse","floor":1,"turns":3},{"damage":0,"enemies":"Jaw Worm","floor":3,"turns":5},{"damage":1,"enemies":"Cultist","floor":4,"turns":4},{"damage":31,"enemies":"3 Sentries","floor":7,"turns":14},{"damage":28,"enemies":"Lagavulin","floor":11,"turns":13},{"damage":20,"enemies":"Gremlin Nob","floor":13,"turns":6},{"damage":6,"enemies":"Large Slime","floor":14,"turns":7},{"damage":44,"enemies":"Slime Boss","floor":16,"turns":27},{"damage":18,"enemies":"Chosen","floor":18,"turns":8},{"damage":18,"enemies":"Spheric Guardian","floor":20,"turns":6},{"damage":9,"enemies":"Centurion and Healer","floor":21,"turns":12},{"damage":69,"enemies":"Chosen and Byrds","floor":24,"turns":12},{"damage":17,"enemies":"3 Cultists","floor":25,"turns":7},{"damage":9,"enemies":"Snecko","floor":27,"turns":11},{"damage":0,"enemies":"Snake Plant","floor":28,"turns":6},{"damage":13,"enemies":"Slaver and Parasite","floor":29,"turns":7},{"damage":28,"enemies":"Chosen and Byrds","floor":31,"turns":12},{"damage":71,"enemies":"Collector","floor":33,"turns":20}],"event_choices":[{"event_name":"Scrap Ooze","player_choice":"success","floor":2,"damage_taken":12},{"event_name":"Match and Keep!","player_choice":"1 cards matched","floor":8,"damage_taken":0},{"event_name":"Match and Keep!","player_choice":"1 cards matched","floor":8,"damage_taken":0},{"event_name":"Cursed Tome","player_choice":"Obtained Book","floor":22,"damage_taken":0}],"boss_relics":[{"not_picked":["Runic Dome","Lizard Tail"],"picked":"Mark of Pain"}],"potions_floor_spawned":[1,3,11,20,24,27,31],"seed_played":"-8919776275946718769","killed_by":"Collector","ascension_level":1,"is_trial":false}