{"path_per_floor":["M","M","M","?","?","R","E","R","T","M","?","R","E","M","R","B",null,"M","?","?","M","$","R","?","?","T","R","$","M","M","M","R","B",null,"M","?","$","?","?","R","E","R","T","M","?","E","R","M","R","B"],"character_chosen":"IRONCLAD","items_purchased":["Bottled Flame","Metallicize","Bag of Marbles"],"gold_per_floor":[109,127,146,146,146,146,172,172,172,186,261,261,290,301,301,400,400,410,410,410,430,68,68,68,68,68,68,68,79,92,112,112,213,213,229,229,78,0,49,49,75,75,75,90,90,125,125,142,142,142],"floor_reached":51,"campfire_rested":1,"playtime":3822,"current_hp_per_floor":[80,80,76,76,76,76,68,68,68,65,54,54,39,38,38,28,80,72,72,72,70,70,70,54,39,39,39,39,45,45,40,40,15,85,85,75,75,75,91,91,82,82,82,69,69,44,88,86,86,76],"items_purged":["Strike_R"],"gold":142,"score":668,"play_id":"21aeb6d8-da4f-48f9-94f3-72d8099c7614","is_prod":false,"is_daily":false,"is_ascension_mode":true,"campfire_upgraded":10,"path_taken":["M","M","M","?","?","R","E","R","T","?","?","R","E","M","R","BOSS","M","?","?","M","$","R","?","?","T","R","$","M","M","?","R","BOSS","M","?","$","?","?","R","E","R","T","M","?","E","R","M","R","BOSS"],"build_version":"2018-02-05-BETA1","purchased_purges":1,"victory":true,"master_deck":["Strike_R+1","Strike_R","Defend_R","Defend_R","Defend_R","Bash+1","Searing Blow+10","Metallicize","Body Slam","Battle Trance","Metallicize","Searing Blow+4","Metallicize","Sever Soul","Offering","Evolve","Madness","Madness","Armaments+1","Pain","Headbutt+1"],"max_hp_per_floor":[80,80,80,80,80,80,80,80,80,80,80,80,80,80,80,80,80,80,80,80,80,80,80,80,85,85,85,85,85,85,85,85,85,85,85,85,85,85,99,99,99,99,99,99,99,99,99,99,99,99],"relics":["Burning Blood","Self Forming Clay","Gambling Chip","Mercury Hourglass","Mark of Pain","Bottled Flame","Nilry\u0027s Codex","Sundial","Cursed Key","Bag of Marbles","Red Mask","Mango","Happy Flower","Whetstone","Regal Pillow"],"card_choices":[{"not_picked":["Rage","Disarm"],"picked":"Searing Blow"},{"not_picked":["Flame Barrier","Rampage"],"picked":"Metallicize"},{"not_picked":["Second Wind","Whirlwind"],"picked":"Battle Trance"},{"not_picked":["Havoc","Infernal Blade"],"picked":"Metallicize"},{"not_picked":["Sentinel","Heavy Blade"],"picked":"Sever Soul"},{"not_picked":["Brutality","Berserk"],"picked":"Offering"},{"not_picked":["Warcry","Sever Soul"],"picked":"Evolve"},{"not_picked":["Dual Wield","Sword Boomerang"],"picked":"Armaments"},{"not_picked":["Perfected Strike","Cleave"],"picked":"Headbutt"}],"player_experience":132752,"potions_floor_usage":[7,16,33,33,50,50],"damage_taken":[{"damage":6,"enemies":"Cultist","floor":1,"turns":4},{"damage":0,"enemies":"Small Slimes","floor":2,"turns":4},{"damage":10,"enemies":"Blue Slaver","floor":3,"turns":5},{"damage":14,"enemies":"3 Sentries","floor":7,"turns":9},{"damage":9,"enemies":"2 Fungi Beasts","floor":10,"turns":2},{"damage":21,"enemies":"Lagavulin","floor":13,"turns":7},{"damage":7,"enemies":"Gremlin Gang","floor":14,"turns":4},{"damage":16,"enemies":"Slime Boss","floor":16,"turns":8},{"damage":14,"enemies":"2 Thieves","floor":18,"turns":3},{"damage":8,"enemies":"Shell Parasite","floor":21,"turns":3},{"damage":0,"enemies":"Centurion and Healer","floor":29,"turns":2},{"damage":6,"enemies":"Slaver and Parasite","floor":30,"turns":4},{"damage":11,"enemies":"Snecko","floor":31,"turns":4},{"damage":31,"enemies":"Collector","floor":33,"turns":5},{"damage":0,"enemies":"Orb Walker","floor":35,"turns":1},{"damage":4,"enemies":"Mysterious Sphere","floor":39,"turns":5},{"damage":15,"enemies":"Giant Head","floor":41,"turns":5},{"damage":19,"enemies":"3 Darklings","floor":44,"turns":5},{"damage":31,"enemies":"Nemesis","floor":46,"turns":4},{"damage":8,"enemies":"Sphere and 2 Shapes","floor":48,"turns":4},{"damage":16,"enemies":"Time Eater","floor":50,"turns":6}],"event_choices":[{"event_name":"Liars Game","player_choice":"disagreed","floor":4,"damage_taken":0},{"event_name":"Transmorgrifier","player_choice":"Transform","floor":5,"damage_taken":0},{"event_name":"World of Goop","player_choice":"Gather Gold","floor":11,"damage_taken":0},{"event_name":"The Lab","player_choice":"Got Potions","floor":19,"damage_taken":0},{"event_name":"Duplicator","player_choice":"One dupe","floor":20,"damage_taken":0},{"event_name":"Cursed Tome","player_choice":"Obtained Book","floor":24,"damage_taken":0},{"event_name":"Forgotten Altar","player_choice":"Shed Blood","floor":25,"damage_taken":0},{"event_name":"Winding Halls","player_choice":"Embrace Madness","floor":36,"damage_taken":0},{"event_name":"Tomb of Lord Red Mask","player_choice":"Paid","floor":38,"damage_taken":0},{"event_name":"Mysterious Sphere","player_choice":"Fight","floor":39,"damage_taken":0}],"boss_relics":[{"not_picked":["Runic Dome","Philosopher\u0027s Stone"],"picked":"Mark of Pain"},{"not_picked":["Tiny House","Black Blood"],"picked":"Cursed Key"}],"potions_floor_spawned":[1,2,13,14,16,18,29,31,33,41,46,48],"seed_played":"1829111864458876810","ascension_level":4,"is_trial":false}