{"gold_per_floor":[118,43,118,71,71,98,98,125,125,2,2,2,27,46,46,142,142,159,259,73,88,103,103,28,357,357,357,42,56,56,67,67,164,164,183,136,236,251,251,251,280,300,300,300,300,320,320,70,70,70],"floor_reached":51,"playtime":5412,"items_purged":["Strike_R","Strike_R","Defend_R"],"score":1050,"play_id":"2afefebc-c4a6-493d-9cbb-2afa888cafe5","local_time":"20190317005236","is_ascension_mode":true,"campfire_choices":[{"data":"True Grit","floor":7,"key":"SMITH"},{"data":"Shockwave","floor":11,"key":"SMITH"},{"data":"Demon Form","floor":15,"key":"SMITH"},{"data":"Flame Barrier","floor":23,"key":"SMITH"},{"data":"Reaper","floor":27,"key":"SMITH"},{"data":"Metallicize","floor":32,"key":"SMITH"},{"data":"Madness","floor":40,"key":"SMITH"},{"data":"Madness","floor":45,"key":"SMITH"},{"data":"Shrug It Off","floor":47,"key":"SMITH"},{"data":"Shrug It Off","floor":49,"key":"SMITH"}],"neow_cost":"NONE","seed_source_timestamp":243608952304524,"circlet_count":0,"master_deck":["Defend_R","Bash","True Grit+1","Reaper+1","Demon Form+1","Shockwave+1","Shrug It Off+1","Flame Barrier+1","Metallicize+1","Headbutt+1","Whirlwind+1","Headbutt+1","Offering","Dropkick+1","Heavy Blade+1","Feed+1","Anger+1","Havoc+1","Clothesline+1","True Grit+1","Shrug It Off+1","Pommel Strike+1","True Grit+1","Shrug It Off+1","Madness+1","Madness+1","Master of Strategy","Flame Barrier+1"],"relics":["Burning Blood","NeowsBlessing","Prayer Wheel","Darkstone Periapt","Molten Egg 2","Meat on the Bone","Happy Flower","Mark of Pain","Incense Burner","Bottled Flame","Old Coin","Bottled Tornado","ClockworkSouvenir","Astrolabe","Torii","Ancient Tea Set","Pantograph","Toy Ornithopter"],"potions_floor_usage":[19,19,33,35,41],"damage_taken":[{"damage":0,"enemies":"Cultist","floor":1,"turns":1},{"damage":0,"enemies":"Gremlin Nob","floor":6,"turns":1},{"damage":0,"enemies":"3 Sentries","floor":8,"turns":2},{"damage":44,"enemies":"Gremlin Nob","floor":13,"turns":6},{"damage":4,"enemies":"Small Slimes","floor":14,"turns":4},{"damage":16,"enemies":"Hexaghost","floor":16,"turns":9},{"damage":15,"enemies":"Chosen","floor":18,"turns":6},{"damage":7,"enemies":"Colosseum Slavers","floor":19,"turns":7},{"damage":63,"enemies":"Colosseum Nobs","floor":19,"turns":9},{"damage":13,"enemies":"Spheric Guardian","floor":21,"turns":4},{"damage":6,"enemies":"Snecko","floor":22,"turns":3},{"damage":22,"enemies":"Gremlin Leader","floor":25,"turns":5},{"damage":8,"enemies":"Sentry and Sphere","floor":29,"turns":4},{"damage":14,"enemies":"Centurion and Healer","floor":31,"turns":4},{"damage":29,"enemies":"Champ","floor":33,"turns":6},{"damage":47,"enemies":"3 Shapes","floor":35,"turns":5},{"damage":11,"enemies":"Mind Bloom Boss Battle","floor":37,"turns":5},{"damage":14,"enemies":"3 Darklings","floor":38,"turns":3},{"damage":21,"enemies":"Reptomancer","floor":41,"turns":5},{"damage":54,"enemies":"4 Shapes","floor":42,"turns":5},{"damage":7,"enemies":"Transient","floor":46,"turns":5},{"damage":27,"enemies":"Awakened One","floor":50,"turns":9}],"seed_played":"7013042551229797685","potions_obtained":[{"floor":8,"key":"Block Potion"},{"floor":14,"key":"FairyPotion"},{"floor":21,"key":"Swift Potion"},{"floor":29,"key":"Energy Potion"},{"floor":33,"key":"Fruit Juice"},{"floor":37,"key":"Weak Potion"},{"floor":46,"key":"Fire Potion"}],"is_trial":false,"path_per_floor":["M","$","?","$","?","E","R","E","T","$","R","?","E","M","R","B",null,"M","?","$","M","M","R","?","E","T","R","$","M","$","M","R","B",null,"M","$","?","M","?","R","E","M","T","?","R","M","R","$","R","B",null],"character_chosen":"IRONCLAD","items_purchased":["True Grit","Shockwave","Block Potion","Whirlwind+1","PowerPotion","ClockworkSouvenir","Shrug It Off","Toy Ornithopter","SpeedPotion"],"campfire_rested":0,"item_purchase_floors":[4,10,10,20,20,28,36,48,48],"current_hp_per_floor":[78,78,67,67,64,70,70,77,77,77,77,70,50,52,52,77,79,74,35,35,40,52,52,52,54,54,54,54,52,52,56,56,52,73,66,66,61,53,42,42,60,52,52,52,52,51,51,51,51,68],"gold":70,"neow_bonus":"THREE_ENEMY_KILL","is_prod":false,"is_daily":false,"chose_seed":false,"campfire_upgraded":10,"win_rate":0,"timestamp":1552809156,"path_taken":["M","$","?","$","?","E","R","E","T","$","R","?","E","M","R","BOSS","M","?","$","M","M","R","?","E","T","R","?","M","$","M","R","BOSS","M","$","?","M","?","R","E","M","T","?","R","M","R","$","R","BOSS"],"build_version":"2019-01-23","purchased_purges":3,"victory":true,"max_hp_per_floor":[80,80,80,80,80,80,80,80,80,80,80,80,80,80,80,80,80,80,80,80,80,80,80,80,80,80,80,80,80,80,80,80,80,80,85,85,85,85,85,85,85,85,85,85,85,85,85,85,85,89],"card_choices":[{"not_picked":["Thunderclap","Perfected Strike","Havoc"],"picked":"SKIP","floor":1},{"not_picked":["Feel No Pain","True Grit"],"picked":"Reaper","floor":6},{"not_picked":["Infernal Blade","Burning Pact"],"picked":"Demon Form","floor":8},{"not_picked":["Havoc","Perfected Strike+1","Rupture"],"picked":"SKIP","floor":13},{"not_picked":["Rage","Blood for Blood+1"],"picked":"Shrug It Off","floor":14},{"not_picked":["Sever Soul+1","Second Wind"],"picked":"Flame Barrier","floor":14},{"not_picked":["Body Slam+1","Wild Strike+1"],"picked":"Metallicize","floor":18},{"not_picked":["Warcry","Wild Strike+1","Flame Barrier"],"picked":"SKIP","floor":18},{"not_picked":["Clothesline+1","Wild Strike+1"],"picked":"Headbutt+1","floor":19},{"not_picked":["Warcry","Fire Breathing"],"picked":"Headbutt+1","floor":21},{"not_picked":["Spot Weakness","Uppercut+1"],"picked":"Offering","floor":21},{"not_picked":["Inflame","Anger+1"],"picked":"Dropkick+1","floor":22},{"not_picked":["Clash+1","Carnage+1","Wild Strike+1"],"picked":"SKIP","floor":22},{"not_picked":["Clothesline+1","Demon Form","Warcry"],"picked":"SKIP","floor":25},{"not_picked":["Flex","Iron Wave+1","Sword Boomerang+1"],"picked":"SKIP","floor":29},{"not_picked":["Warcry","Wild Strike+1","Clash+1"],"picked":"SKIP","floor":29},{"not_picked":["Flex","Ghostly Armor"],"picked":"Heavy Blade+1","floor":31},{"not_picked":["Clash+1","Wild Strike+1","True Grit+1"],"picked":"SKIP","floor":31},{"not_picked":["Berserk","Reaper+1"],"picked":"Feed+1","floor":33},{"not_picked":["Ghostly Armor","Shockwave+1"],"picked":"True Grit+1","floor":35},{"not_picked":["Headbutt+1","Body Slam+1","Armaments"],"picked":"SKIP","floor":35},{"not_picked":["Thunderclap+1","Inflame+1"],"picked":"Pommel Strike+1","floor":37},{"not_picked":["Infernal Blade+1","Headbutt+1"],"picked":"True Grit+1","floor":38},{"not_picked":["Iron Wave+1","Warcry"],"picked":"Shrug It Off+1","floor":38},{"not_picked":["Feed+1","Fire Breathing","Whirlwind+1"],"picked":"SKIP","floor":41},{"not_picked":["Havoc","Feel No Pain","Body Slam+1"],"picked":"SKIP","floor":42},{"not_picked":["Iron Wave+1","Sword Boomerang+1","Sever Soul+1"],"picked":"SKIP","floor":42},{"not_picked":["PanicButton","Deep Breath"],"picked":"Master of Strategy","floor":44},{"not_picked":["Perfected Strike+1","Armaments+1"],"picked":"Flame Barrier+1","floor":46},{"not_picked":["Warcry","Havoc+1","Pommel Strike+1"],"picked":"SKIP","floor":46},{"not_picked":["Warcry","Havoc+1","Pommel Strike+1"],"picked":"SKIP","floor":46}],"player_experience":363058,"relics_obtained":[{"floor":6,"key":"Darkstone Periapt"},{"floor":8,"key":"Molten Egg 2"},{"floor":9,"key":"Meat on the Bone"},{"floor":13,"key":"Happy Flower"},{"floor":19,"key":"Incense Burner"},{"floor":19,"key":"Bottled Flame"},{"floor":25,"key":"Old Coin"},{"floor":26,"key":"Bottled Tornado"},{"floor":37,"key":"Torii"},{"floor":41,"key":"Ancient Tea Set"},{"floor":43,"key":"Pantograph"}],"event_choices":[{"damage_healed":0,"gold_gain":75,"player_choice":"Gather Gold","damage_taken":11,"max_hp_gain":0,"max_hp_loss":0,"event_name":"World of Goop","floor":3,"gold_loss":0},{"damage_healed":0,"gold_gain":0,"player_choice":"Success","damage_taken":3,"relics_obtained":["Prayer Wheel"],"max_hp_gain":0,"max_hp_loss":0,"event_name":"Scrap Ooze","floor":5,"gold_loss":0},{"cards_removed":["Strike_R"],"damage_healed":0,"gold_gain":0,"player_choice":"Card Removal","damage_taken":7,"max_hp_gain":0,"max_hp_loss":0,"event_name":"Golden Wing","floor":12,"gold_loss":0},{"damage_healed":0,"gold_gain":0,"player_choice":"Fight","damage_taken":0,"max_hp_gain":0,"max_hp_loss":0,"event_name":"Colosseum","floor":19,"gold_loss":0},{"damage_healed":0,"gold_gain":0,"player_choice":"Fought Nobs","damage_taken":0,"max_hp_gain":0,"max_hp_loss":0,"event_name":"Colosseum","floor":19,"gold_loss":0},{"cards_removed":["Strike_R"],"damage_healed":0,"gold_gain":0,"player_choice":"Gave Gold","damage_taken":0,"max_hp_gain":0,"max_hp_loss":0,"event_name":"Beggar","floor":24,"gold_loss":75},{"damage_healed":0,"gold_gain":0,"player_choice":"Fight","damage_taken":0,"max_hp_gain":0,"max_hp_loss":0,"event_name":"MindBloom","floor":37,"gold_loss":0},{"damage_healed":0,"gold_gain":0,"player_choice":"Embrace Madness","damage_taken":11,"max_hp_gain":0,"max_hp_loss":0,"event_name":"Winding Halls","floor":39,"gold_loss":0,"cards_obtained":["Madness","Madness"]},{"damage_healed":0,"gold_gain":0,"player_choice":"Memory 1","damage_taken":0,"max_hp_gain":0,"max_hp_loss":0,"event_name":"SensoryStone","floor":44,"gold_loss":0}],"is_beta":false,"boss_relics":[{"not_picked":["Tiny House","Pandora\u0027s Box"],"picked":"Mark of Pain"},{"not_picked":["Runic Cube","Empty Cage"],"picked":"Astrolabe"}],"items_purged_floors":[2,20,28],"is_endless":false,"potions_floor_spawned":[8,14,18,21,29,33,37,38,46],"ascension_level":8}