{"gold_per_floor":[117,135,151,166,166,201,201,201,249,249,278,40,59,76,76,181,231,241,72,72,72,86,120,120,67,121,121,148,148,148,180,180,279,279,292,306,316,78,78,112,163,179,179,6,6,18,44,64,64,64,64,64,38,68,68],"floor_reached":55,"playtime":4890,"items_purged":["Strike_G","Strike_G"],"score":856,"play_id":"1444ac10-2e2f-456b-9212-d633c25987ce","local_time":"20190302111614","is_ascension_mode":true,"campfire_choices":[{"floor":7.0,"key":"RECALL"},{"floor":15.0,"key":"REST"},{"data":"Deadly Poison","floor":24.0,"key":"SMITH"},{"floor":27.0,"key":"REST"},{"floor":32.0,"key":"REST"},{"floor":49,"key":"REST"},{"data":"Caltrops","floor":52,"key":"SMITH"}],"neow_cost":"NONE","seed_source_timestamp":0,"circlet_count":0,"master_deck":["Defend_G+1","Defend_G","Defend_G+1","Defend_G","Strike_G+1","Survivor","Neutralize","Sucker Punch","Dodge and Roll","Crippling Poison","Backflip","Leg Sweep","Deadly Poison+1","Adrenaline+1","Dodge and Roll+1","Corpse Explosion+1","Backflip+1","Finesse+1","Cloak And Dagger+1","Crippling Poison+1","Escape Plan+1","Tools of the Trade","Infinite Blades+1","Night Terror+1","Backstab+1","Prepared+1","Concentrate+1","Apotheosis+1","Caltrops+1","Mayhem","Caltrops+1","Leg Sweep+1","Noxious Fumes","Outmaneuver+1","Cloak And Dagger+1","Deflect+1","Setup+1"],"special_seed":0,"relics":["Ring of the Snake","NeowsBlessing","Pear","Vajra","Mango","Toxic Egg 2","Tiny House","MutagenicStrength","StoneCalendar","Pen Nib","Shuriken","Mummified Hand","Mercury Hourglass","Astrolabe","Meat on the Bone","Pocketwatch","Orichalcum","Bottled Flame","Art of War"],"potions_floor_usage":[33,40,41,54,55],"damage_taken":[{"damage":0.0,"enemies":"2 Louse","floor":1.0,"turns":1.0},{"damage":0.0,"enemies":"Jaw Worm","floor":2.0,"turns":1.0},{"damage":0.0,"enemies":"Small Slimes","floor":3.0,"turns":1.0},{"damage":0.0,"enemies":"Blue Slaver","floor":4.0,"turns":5.0},{"damage":23.0,"enemies":"3 Sentries","floor":6.0,"turns":12.0},{"damage":36.0,"enemies":"Lagavulin","floor":11.0,"turns":16.0},{"damage":9.0,"enemies":"Lots of Slimes","floor":13.0,"turns":3.0},{"damage":0.0,"enemies":"2 Fungi Beasts","floor":14.0,"turns":4.0},{"damage":19.0,"enemies":"The Guardian","floor":16.0,"turns":14.0},{"damage":9.0,"enemies":"Chosen","floor":18.0,"turns":7.0},{"damage":8.0,"enemies":"2 Thieves","floor":22.0,"turns":3.0},{"damage":28.0,"enemies":"Slavers","floor":23.0,"turns":3.0},{"damage":16.0,"enemies":"Gremlin Leader","floor":28.0,"turns":7.0},{"damage":19.0,"enemies":"Slavers","floor":31.0,"turns":4.0},{"damage":12,"enemies":"Collector","floor":33,"turns":9},{"damage":0,"enemies":"3 Shapes","floor":35,"turns":3},{"damage":0,"enemies":"3 Darklings","floor":36,"turns":1},{"damage":0,"enemies":"Jaw Worm Horde","floor":37,"turns":1},{"damage":4,"enemies":"Nemesis","floor":40,"turns":5},{"damage":29,"enemies":"2 Orb Walkers","floor":41,"turns":4},{"damage":15,"enemies":"Spire Growth","floor":42,"turns":5},{"damage":2,"enemies":"Maw","floor":46,"turns":7},{"damage":27,"enemies":"Reptomancer","floor":47,"turns":6},{"damage":0,"enemies":"Jaw Worm Horde","floor":48,"turns":3},{"damage":66,"enemies":"Donu and Deca","floor":50,"turns":7},{"damage":30,"enemies":"Shield and Spear","floor":54,"turns":5},{"damage":70,"enemies":"The Heart","floor":55,"turns":6}],"seed_played":"6640557919421681498","potions_obtained":[{"floor":1.0,"key":"Swift Potion"},{"floor":6.0,"key":"SneckoOil"},{"floor":13.0,"key":"Regen Potion"},{"floor":17.0,"key":"GhostInAJar"},{"floor":22.0,"key":"Dexterity Potion"},{"floor":23.0,"key":"Ancient Potion"},{"floor":28.0,"key":"Swift Potion"},{"floor":31.0,"key":"EssenceOfSteel"},{"floor":37,"key":"SpeedPotion"},{"floor":41,"key":"SmokeBomb"},{"floor":42,"key":"Block Potion"},{"floor":46,"key":"SteroidPotion"}],"is_trial":false,"path_per_floor":["M","M","M","M","?","E","R","?","T","?","E","$","M","M","R","B",null,"M","$","?","?","M","E","R","$","T","R","E","T","?","E","R","B",null,"M","M","M","$","?","E","?","M","T","$","$","M","E","M","R","B",null,"R","$","E","B"],"character_chosen":"THE_SILENT","items_purchased":["Toxic Egg 2","Finesse+1","Cloak And Dagger+1","Apotheosis+1","Caltrops","Noxious Fumes","Deflect+1"],"campfire_rested":4,"item_purchase_floors":[12,19,25,38,38,44,53],"current_hp_per_floor":[70,70,70,70,62,39,39,23,23,49,27,27,18,18,46,27,99,90,90,90,90,82,54,54,54,54,83,67,67,67,48,77,65,99,99,99,99,99,99,95,74,59,59,59,59,57,42,54,83,29,99,99,99,69,0],"gold":68,"neow_bonus":"THREE_ENEMY_KILL","is_prod":false,"is_daily":false,"chose_seed":false,"campfire_upgraded":2,"win_rate":0,"timestamp":1551543374,"path_taken":["M","M","M","M","?","E","R","?","T","?","E","?","M","?","R","BOSS","M","$","?","?","M","E","R","?","T","R","E","?","?","E","R","BOSS","M","M","?","$","?","E","?","M","T","?","$","M","E","M","R","BOSS","R","$","E","BOSS"],"build_version":"2019-01-23","purchased_purges":2,"victory":false,"max_hp_per_floor":[70,70,70,70,80,80,80,80,80,80,94,94,94,94,94,94,99,99,99,99,99,99,99,99,99,99,99,99,99,99,99,99,99,99,99,99,99,99,99,99,99,99,99,99,99,99,99,99,99,99,99,99,99,99,99],"card_choices":[{"not_picked":["Distraction","Choke"],"picked":"Sucker Punch","floor":1.0},{"not_picked":["Blade Dance","Tactician"],"picked":"Dodge and Roll","floor":2.0},{"not_picked":["Dagger Throw","Prepared"],"picked":"Crippling Poison","floor":3.0},{"not_picked":["Sucker Punch","Acrobatics"],"picked":"Backflip","floor":4.0},{"not_picked":["Blade Dance","Well Laid Plans"],"picked":"Leg Sweep","floor":6.0},{"not_picked":["Dagger Throw","Distraction"],"picked":"Deadly Poison","floor":11.0},{"not_picked":["Poisoned Stab","Underhanded Strike"],"picked":"Adrenaline+1","floor":13.0},{"not_picked":["Underhanded Strike","Sucker Punch"],"picked":"Dodge and Roll+1","floor":14.0},{"not_picked":["Venomology+1","Unload"],"picked":"Corpse Explosion+1","floor":16.0},{"not_picked":["Bane","Quick Slash"],"picked":"Backflip+1","floor":17.0},{"not_picked":["Quick Slash+1","Underhanded Strike","Poisoned Stab"],"picked":"SKIP","floor":18.0},{"not_picked":["Choke","Dagger Throw","Sucker Punch"],"picked":"SKIP","floor":22.0},{"not_picked":["Eviscerate+1","Masterful Stab","Unload"],"picked":"SKIP","floor":23.0},{"not_picked":["Dagger Spray","Distraction+1"],"picked":"Crippling Poison+1","floor":28.0},{"not_picked":["Dagger Spray","Choke"],"picked":"Escape Plan+1","floor":31.0},{"not_picked":["Venomology+1","Storm of Steel+1"],"picked":"Tools of the Trade","floor":33},{"not_picked":["Predator","Dagger Spray+1","Backflip+1"],"picked":"SKIP","floor":35},{"not_picked":["Dagger Throw","Eviscerate+1"],"picked":"Prepared+1","floor":36},{"not_picked":["Flying Knee","Dagger Spray+1"],"picked":"Concentrate+1","floor":37},{"not_picked":["PanicButton+1","Apotheosis+1"],"picked":"Mayhem","floor":39},{"not_picked":["All Out Attack","Dodge and Roll+1"],"picked":"Caltrops+1","floor":40},{"not_picked":["Quick Slash+1","Heel Hook+1"],"picked":"Leg Sweep+1","floor":41},{"not_picked":["Distraction+1","Eviscerate","Bane"],"picked":"SKIP","floor":42},{"not_picked":["Choke+1","Dodge and Roll+1"],"picked":"Outmaneuver+1","floor":46},{"not_picked":["Corpse Explosion+1","Malaise+1"],"picked":"Cloak And Dagger+1","floor":47},{"not_picked":["Prepared+1","Dagger Throw+1","Reflex+1"],"picked":"SKIP","floor":48},{"not_picked":["Backflip+1","Prepared+1"],"picked":"Setup+1","floor":54}],"player_experience":229592,"relics_obtained":[{"floor":6.0,"key":"Vajra"},{"floor":11.0,"key":"Mango"},{"floor":23.0,"key":"StoneCalendar"},{"floor":26.0,"key":"Pen Nib"},{"floor":28.0,"key":"Shuriken"},{"floor":29.0,"key":"Mummified Hand"},{"floor":31.0,"key":"Mercury Hourglass"},{"floor":40,"key":"Meat on the Bone"},{"floor":41,"key":"Pocketwatch"},{"floor":43,"key":"Orichalcum"},{"floor":47,"key":"Bottled Flame"},{"floor":54,"key":"Art of War"}],"event_choices":[{"damage_healed":0.0,"max_hp_gain":0.0,"max_hp_loss":0.0,"gold_gain":0.0,"event_name":"Scrap Ooze","player_choice":"Success","floor":5.0,"gold_loss":0.0,"damage_taken":18.0,"relics_obtained":["Pear"]},{"damage_healed":0.0,"max_hp_gain":0.0,"max_hp_loss":0.0,"gold_gain":0.0,"event_name":"Shining Light","player_choice":"Entered Light","floor":8.0,"gold_loss":0.0,"damage_taken":16.0,"cards_upgraded":["Defend_G","Strike_G"]},{"damage_healed":26.0,"max_hp_gain":0.0,"max_hp_loss":0.0,"gold_gain":0.0,"event_name":"Big Fish","player_choice":"Banana","floor":10.0,"gold_loss":0.0,"damage_taken":0.0},{"damage_healed":0.0,"max_hp_gain":0.0,"max_hp_loss":0.0,"gold_gain":0.0,"event_name":"Drug Dealer","player_choice":"Inject Mutagens","floor":20.0,"gold_loss":0.0,"damage_taken":0.0,"relics_obtained":["MutagenicStrength"]},{"damage_healed":0.0,"max_hp_gain":0.0,"max_hp_loss":0.0,"gold_gain":0.0,"event_name":"Beggar","player_choice":"Ignored","floor":21.0,"gold_loss":0.0,"damage_taken":0.0},{"damage_healed":0.0,"max_hp_gain":0.0,"max_hp_loss":0.0,"gold_gain":0.0,"event_name":"The Woman in Blue","player_choice":"Bought 0 Potions","floor":30.0,"gold_loss":0.0,"damage_taken":0.0},{"damage_healed":0,"gold_gain":0,"player_choice":"Memory 1","damage_taken":0,"max_hp_gain":0,"max_hp_loss":0,"event_name":"SensoryStone","floor":39,"gold_loss":0},{"damage_healed":0,"gold_gain":0,"player_choice":"Fight","damage_taken":0,"max_hp_gain":0,"max_hp_loss":0,"event_name":"Mysterious Sphere","floor":41,"gold_loss":0}],"is_beta":false,"boss_relics":[{"not_picked":["Fusion Hammer","Orrery"],"picked":"Tiny House"},{"not_picked":["Runic Pyramid","Black Star"],"picked":"Astrolabe"}],"items_purged_floors":[19,44],"is_endless":false,"potions_floor_spawned":[1,6,13,22,23,28,31,37,41,42,46],"killed_by":"The Heart","ascension_level":1}