{"gold_per_floor":[13,24,24,49,73,73,73,73,73,88,101,121,121,134,134,134],"floor_reached":16,"playtime":740,"items_purged":[],"score":96,"play_id":"f1bd7c30-cac1-45b4-84de-669a516c7fdb","local_time":"20190224182537","is_ascension_mode":false,"campfire_choices":[{"data":"Fusion","floor":6,"key":"SMITH"},{"data":"Zap","floor":15,"key":"SMITH"}],"neow_cost":"NO_GOLD","seed_source_timestamp":27554935825400,"circlet_count":0,"master_deck":["Strike_B","Strike_B","Strike_B","Defend_B","Defend_B","Defend_B","Zap+1","Dualcast","Fusion+1","Glacier","Self Repair","Rip and Tear+1"],"relics":["Cracked Core","Golden Idol","Centennial Puzzle","Molten Egg 2"],"potions_floor_usage":[10],"damage_taken":[{"damage":0,"enemies":"Small Slimes","floor":1,"turns":3},{"damage":3,"enemies":"Jaw Worm","floor":2,"turns":3},{"damage":13,"enemies":"Cultist","floor":4,"turns":5},{"damage":6,"enemies":"2 Fungi Beasts","floor":5,"turns":4},{"damage":22,"enemies":"Exordium Thugs","floor":10,"turns":5},{"damage":0,"enemies":"Red Slaver","floor":11,"turns":6},{"damage":0,"enemies":"Large Slime","floor":12,"turns":4},{"damage":1,"enemies":"Looter","floor":14,"turns":3},{"damage":37,"enemies":"Slime Boss","floor":16,"turns":12}],"seed_played":"3830261000158782997","potions_obtained":[{"floor":1,"key":"Swift Potion"},{"floor":5,"key":"Poison Potion"},{"floor":11,"key":"Weak Potion"}],"is_trial":false,"path_per_floor":["?","?","M","?"],"character_chosen":"DEFECT","items_purchased":[],"campfire_rested":0,"item_purchase_floors":[],"current_hp_per_floor":[75,72,54,41,35,35,35,35,35,13,20,27,27,33,33,0],"gold":134,"neow_bonus":"REMOVE_TWO","is_prod":false,"is_daily":false,"chose_seed":false,"campfire_upgraded":2,"win_rate":0,"timestamp":1551050737,"path_taken":["M","M","?","M","M","R","?","$","T","M","?","M","?","M","R","BOSS"],"build_version":"2019-01-23","purchased_purges":0,"victory":false,"max_hp_per_floor":[75,75,75,75,75,75,75,75,75,75,75,75,75,75,75,75],"card_choices":[{"not_picked":["Reprogram","Stack","Barrage"],"picked":"SKIP","floor":1},{"not_picked":["Turbo","Stack"],"picked":"Fusion","floor":2},{"not_picked":["Ball Lightning","Chill"],"picked":"Glacier","floor":4},{"not_picked":["Stack","Static Discharge","Storm"],"picked":"SKIP","floor":5},{"not_picked":["Compile Driver+1","Beam Cell+1"],"picked":"Self Repair","floor":10},{"not_picked":["Self Repair","Cold Snap+1"],"picked":"Rip and Tear+1","floor":11},{"not_picked":["Force Field","Doom and Gloom+1","Steam"],"picked":"SKIP","floor":12},{"not_picked":["Stack","Gash+1","Glacier"],"picked":"SKIP","floor":14}],"player_experience":149424,"relics_obtained":[{"floor":9,"key":"Molten Egg 2"}],"event_choices":[{"damage_healed":0,"gold_gain":0,"player_choice":"Take Damage","damage_taken":18,"relics_obtained":["Golden Idol"],"max_hp_gain":0,"max_hp_loss":0,"event_name":"Golden Idol","floor":3,"gold_loss":0},{"damage_healed":0,"gold_gain":0,"player_choice":"Gave Potion","damage_taken":0,"relics_obtained":["Centennial Puzzle"],"max_hp_gain":0,"max_hp_loss":0,"event_name":"WeMeetAgain","floor":7,"gold_loss":0},{"damage_healed":0,"gold_gain":0,"player_choice":"Ignored","damage_taken":0,"max_hp_gain":0,"max_hp_loss":0,"event_name":"Liars Game","floor":13,"gold_loss":0}],"is_beta":false,"boss_relics":[],"items_purged_floors":[],"is_endless":false,"potions_floor_spawned":[1,5,11],"killed_by":"Slime Boss","ascension_level":0}