{"gold_per_floor":[118,78,90,107,107,107,140,154,154,181,25,38,53,87,87,164,164,182,182,201,227,227],"floor_reached":22,"playtime":3578,"items_purged":["Clumsy"],"score":437,"play_id":"8b3d83af-f122-4032-83b9-135d80ae22cb","local_time":"20190314024839","is_ascension_mode":true,"campfire_choices":[{"data":"Havoc","floor":6.0,"key":"SMITH"},{"data":"Demon Form","floor":15.0,"key":"SMITH"}],"neow_cost":"CURSE","seed_source_timestamp":0,"circlet_count":0,"master_deck":["AscendersBane","Defend_R","Defend_R","Defend_R","Bash","Havoc+1","Dark Embrace","Carnage+1","Shrug It Off","Sword Boomerang","Feel No Pain","Feel No Pain","Demon Form+1","Shrug It Off","True Grit","Pummel","Offering","Demon Form","Burning Pact","Bite","Bite","Bite","Bite","Bite","Whirlwind"],"special_seed":0,"relics":["Burning Blood","Shuriken","Letter Opener","Paper Frog","Strawberry","Coffee Dripper","Red Mask"],"potions_floor_usage":[22],"damage_taken":[{"damage":11.0,"enemies":"Jaw Worm","floor":1.0,"turns":4.0},{"damage":2.0,"enemies":"Cultist","floor":3.0,"turns":4.0},{"damage":11.0,"enemies":"Small Slimes","floor":4.0,"turns":5.0},{"damage":32.0,"enemies":"3 Sentries","floor":7.0,"turns":9.0},{"damage":17.0,"enemies":"3 Louse","floor":8.0,"turns":3.0},{"damage":8.0,"enemies":"Gremlin Nob","floor":10.0,"turns":3.0},{"damage":9.0,"enemies":"Blue Slaver","floor":12.0,"turns":2.0},{"damage":4.0,"enemies":"Lots of Slimes","floor":13.0,"turns":2.0},{"damage":2.0,"enemies":"3 Sentries","floor":14.0,"turns":11.0},{"damage":8.0,"enemies":"Hexaghost","floor":16.0,"turns":6.0},{"damage":11.0,"enemies":"Chosen","floor":18.0,"turns":6.0},{"damage":17.0,"enemies":"2 Thieves","floor":20.0,"turns":4.0},{"damage":55.0,"enemies":"Masked Bandits","floor":21.0,"turns":5.0},{"damage":24,"enemies":"Snake Plant","floor":22,"turns":4}],"seed_played":"-2292914656998222254","potions_obtained":[{"floor":2.0,"key":"AttackPotion"},{"floor":2.0,"key":"EssenceOfSteel"},{"floor":4.0,"key":"EntropicBrew"},{"floor":12.0,"key":"Dexterity Potion"},{"floor":16.0,"key":"AttackPotion"},{"floor":18.0,"key":"Block Potion"},{"floor":20.0,"key":"GamblersBrew"}],"is_trial":false,"path_per_floor":["M","?","M","M","?","R","E","M","T","E","$","M","M","E","R","B",null,"M","?","M","?","M"],"character_chosen":"IRONCLAD","items_purchased":["Shrug It Off","AttackPotion"],"campfire_rested":0,"item_purchase_floors":[11,11],"current_hp_per_floor":[63,63,67,62,62,62,36,25,25,23,23,20,22,33,33,31,69,64,57,54,18,0],"gold":227,"neow_bonus":"TRANSFORM_TWO_CARDS","is_prod":false,"is_daily":false,"chose_seed":false,"campfire_upgraded":2,"win_rate":0,"timestamp":1552524519,"path_taken":["M","?","M","?","?","R","E","M","T","E","$","M","?","E","R","BOSS","M","?","M","?","M"],"build_version":"2019-02-06","purchased_purges":1,"victory":false,"max_hp_per_floor":[75,75,75,75,75,75,75,75,75,75,75,75,75,82,82,82,82,82,57,57,57,57],"card_choices":[{"not_picked":["Anger","Headbutt"],"picked":"Carnage","floor":1.0},{"not_picked":["Spot Weakness","Rampage"],"picked":"Shrug It Off","floor":3.0},{"not_picked":["Cleave","Wild Strike"],"picked":"Sword Boomerang","floor":4.0},{"not_picked":["Blood for Blood","Burning Pact"],"picked":"Feel No Pain","floor":7.0},{"not_picked":["Shrug It Off","Headbutt"],"picked":"Feel No Pain","floor":8.0},{"not_picked":["True Grit","Shrug It Off"],"picked":"Demon Form","floor":10.0},{"not_picked":["Anger","Rupture"],"picked":"True Grit","floor":12.0},{"not_picked":["Clothesline","Twin Strike"],"picked":"Pummel","floor":13.0},{"not_picked":["True Grit","Flex"],"picked":"Offering","floor":14.0},{"not_picked":["Juggernaut","Offering"],"picked":"Demon Form","floor":16.0},{"not_picked":["Infernal Blade","Clash+1"],"picked":"Burning Pact","floor":18.0},{"not_picked":["Flex","Rage","Headbutt"],"picked":"SKIP","floor":20.0},{"not_picked":["Reckless Charge","Feel No Pain"],"picked":"Whirlwind","floor":21.0}],"player_experience":676267,"relics_obtained":[{"floor":7.0,"key":"Shuriken"},{"floor":9.0,"key":"Letter Opener"},{"floor":10.0,"key":"Paper Frog"},{"floor":14.0,"key":"Strawberry"},{"floor":21.0,"key":"Red Mask"}],"event_choices":[{"damage_healed":0.0,"max_hp_gain":0.0,"max_hp_loss":0.0,"gold_gain":0.0,"event_name":"The Woman in Blue","player_choice":"Bought 3 Potions","floor":2.0,"gold_loss":0.0,"damage_taken":0.0},{"damage_healed":0.0,"max_hp_gain":0.0,"max_hp_loss":0.0,"gold_gain":0.0,"event_name":"Upgrade Shrine","player_choice":"Upgraded","floor":5.0,"gold_loss":0.0,"damage_taken":0.0,"cards_upgraded":["Carnage"]},{"damage_healed":0.0,"max_hp_gain":0.0,"max_hp_loss":25.0,"gold_gain":0.0,"event_name":"Vampires","player_choice":"Became a vampire","floor":19.0,"gold_loss":0.0,"damage_taken":0.0,"cards_obtained":["Bite","Bite","Bite","Bite","Bite"]},{"damage_healed":0.0,"max_hp_gain":0.0,"max_hp_loss":0.0,"gold_gain":0.0,"event_name":"Masked Bandits","player_choice":"Fought Bandits","floor":21.0,"gold_loss":0.0,"damage_taken":0.0}],"is_beta":true,"boss_relics":[{"not_picked":["Runic Pyramid","Philosopher\u0027s Stone"],"picked":"Coffee Dripper"}],"items_purged_floors":[11],"is_endless":false,"potions_floor_spawned":[3,4,12,16,18,20],"killed_by":"Snake Plant","ascension_level":20}