{"gold_per_floor":[110,110,110,122,136,136,150,300,300,300,318,346,43,56,56,56],"floor_reached":16,"playtime":2032,"items_purged":["Pain"],"score":204,"play_id":"d9ec64b1-9378-42a6-a3c4-461d853d8584","local_time":"20181108200751","is_ascension_mode":true,"campfire_choices":[{"data":"Brutality","floor":6.0,"key":"SMITH"},{"floor":10,"key":"REST"},{"floor":15,"key":"REST"}],"neow_cost":"NONE","seed_source_timestamp":0,"circlet_count":0,"master_deck":["AscendersBane","Strike_R","Strike_R","Strike_R","Strike_R","Defend_R","Defend_R","Defend_R","Defend_R","Bash","Brutality+1","Warcry","Burning Pact","Immolate","Rupture","Disarm","Doubt","Disarm"],"special_seed":0,"relics":["Burning Blood","WarpedTongs","Unceasing Top","Peace Pipe","Membership Card"],"potions_floor_usage":[12,14,16],"damage_taken":[{"damage":10.0,"enemies":"Cultist","floor":1.0,"turns":4.0},{"damage":17.0,"enemies":"2 Louse","floor":4.0,"turns":3.0},{"damage":13.0,"enemies":"Jaw Worm","floor":5.0,"turns":3.0},{"damage":14.0,"enemies":"Large Slime","floor":7.0,"turns":7.0},{"damage":15,"enemies":"Looter","floor":11,"turns":3},{"damage":37,"enemies":"Gremlin Nob","floor":12,"turns":4},{"damage":16,"enemies":"3 Louse","floor":14,"turns":3},{"damage":33,"enemies":"Slime Boss","floor":16,"turns":7}],"seed_played":"371333057115352651","potions_obtained":[{"floor":4.0,"key":"FearPotion"},{"floor":12,"key":"Energy Potion"},{"floor":14,"key":"Swift Potion"}],"is_trial":false,"path_per_floor":["M","?","?","M","M","R","M","?","T","R","M","E","$","M","R","B"],"character_chosen":"IRONCLAD","items_purchased":["Membership Card"],"campfire_rested":2,"item_purchase_floors":[13],"current_hp_per_floor":[64,64,64,53,46,46,38,38,38,60,51,20,20,10,32,0],"gold":56,"neow_bonus":"ONE_RANDOM_RARE_CARD","is_prod":false,"is_daily":false,"chose_seed":false,"campfire_upgraded":1,"win_rate":0,"timestamp":1541700471,"path_taken":["M","?","?","M","?","R","M","?","T","R","M","E","$","M","R","BOSS"],"build_version":"2018-11-07","purchased_purges":1,"victory":false,"max_hp_per_floor":[75,75,75,75,75,75,75,75,75,75,75,75,75,75,75,75],"card_choices":[{"not_picked":["Cleave","Wild Strike"],"picked":"Warcry","floor":1.0},{"not_picked":["Wild Strike","Thunderclap"],"picked":"Immolate","floor":4.0},{"not_picked":["Anger","Havoc"],"picked":"Rupture","floor":5.0},{"not_picked":["Clash","Armaments"],"picked":"Disarm","floor":7.0},{"not_picked":["Cleave","Headbutt"],"picked":"Disarm","floor":11},{"not_picked":["Battle Trance","Perfected Strike","Body Slam"],"picked":"SKIP","floor":12},{"not_picked":["Shrug It Off","Twin Strike","Bloodletting"],"picked":"SKIP","floor":14}],"player_experience":631914,"relics_obtained":[{"floor":9,"key":"Unceasing Top"},{"floor":12,"key":"Peace Pipe"}],"event_choices":[{"damage_healed":0.0,"max_hp_gain":0.0,"max_hp_loss":0.0,"gold_gain":0.0,"cards_transformed":["Strike_R"],"event_name":"Living Wall","player_choice":"Change","floor":2.0,"gold_loss":0.0,"damage_taken":0.0,"cards_obtained":["Burning Pact"]},{"damage_healed":0.0,"max_hp_gain":0.0,"max_hp_loss":0.0,"gold_gain":0.0,"event_name":"Accursed Blacksmith","player_choice":"Rummage","floor":3.0,"gold_loss":0.0,"damage_taken":0.0,"relics_obtained":["WarpedTongs"],"cards_obtained":["Pain"]},{"damage_healed":0,"gold_gain":150,"player_choice":"AGREE","damage_taken":0,"max_hp_gain":0,"max_hp_loss":0,"event_name":"Liars Game","floor":8,"gold_loss":0,"cards_obtained":["Doubt"]}],"is_beta":true,"boss_relics":[],"items_purged_floors":[13],"is_endless":false,"potions_floor_spawned":[4,12,14],"killed_by":"Slime Boss","ascension_level":20}