{"gold_per_floor":[113,113,213,226,242,273,273,617,617,600,99,99,118,143,143,267,267,287,112,112],"floor_reached":20,"playtime":870,"items_purged":["Injury","Pain"],"score":193,"play_id":"c209e070-fd29-4b63-aa76-b17796f3bc2c","local_time":"20190102014829","is_ascension_mode":true,"campfire_choices":[{"data":"Zap","floor":7,"key":"SMITH"},{"floor":12,"key":"REST"},{"data":"Defragment","floor":15,"key":"SMITH"}],"neow_cost":"NONE","seed_source_timestamp":1062043176707365,"circlet_count":0,"master_deck":["Strike_B","Strike_B","Strike_B","Strike_B","Defend_B","Defend_B","Defend_B","Defend_B","Zap+1","Dualcast","BootSequence","White Noise","Conserve Battery","Conserve Battery","Go for the Eyes","Defragment+1","Sweeping Beam+1","White Noise","Echo Form+1","Parasite","Injury","Hello World+1","Heatsinks+1","Madness"],"relics":["Cracked Core","Regal Pillow","Golden Idol","Blood Vial","Old Coin","The Courier","Molten Egg 2","Frozen Egg 2","Calling Bell","Art of War","Matryoshka","Ice Cream"],"potions_floor_usage":[6,6,8,20],"damage_taken":[{"damage":9,"enemies":"Small Slimes","floor":1,"turns":3},{"damage":0,"enemies":"2 Louse","floor":4,"turns":2},{"damage":5,"enemies":"Cultist","floor":5,"turns":4},{"damage":21,"enemies":"Lagavulin","floor":6,"turns":5},{"damage":16,"enemies":"3 Sentries","floor":8,"turns":6},{"damage":3,"enemies":"Exordium Thugs","floor":10,"turns":4},{"damage":9,"enemies":"Large Slime","floor":13,"turns":7},{"damage":0,"enemies":"Lots of Slimes","floor":14,"turns":2},{"damage":12,"enemies":"Slime Boss","floor":16,"turns":9},{"damage":47,"enemies":"Spheric Guardian","floor":18,"turns":6},{"damage":32,"enemies":"3 Byrds","floor":20,"turns":5}],"seed_played":"-2047259811331480251","potions_obtained":[{"floor":1,"key":"AttackPotion"},{"floor":5,"key":"Energy Potion"},{"floor":6,"key":"SteroidPotion"},{"floor":14,"key":"SneckoOil"},{"floor":16,"key":"Poison Potion"}],"is_trial":false,"path_per_floor":["M","?","?","M","M","E","R","E","T","M","$","R","M","M","R","B",null,"M","$","M"],"character_chosen":"DEFECT","items_purchased":["Defragment","Molten Egg 2","Frozen Egg 2","Heatsinks+1","Madness"],"campfire_rested":1,"item_purchase_floors":[11,11,11,19,19],"current_hp_per_floor":[66,66,66,66,61,40,40,26,26,25,25,62,55,57,57,47,75,28,28,0],"gold":112,"neow_bonus":"RANDOM_COMMON_RELIC","is_prod":false,"is_daily":false,"chose_seed":false,"campfire_upgraded":2,"win_rate":0,"timestamp":1546361309,"path_taken":["M","?","?","M","?","E","R","E","T","M","?","R","M","M","R","BOSS","M","$","M"],"build_version":"2018-12-20","purchased_purges":2,"victory":false,"max_hp_per_floor":[75,75,75,75,75,75,75,75,75,75,75,75,75,75,75,75,75,75,75,75],"card_choices":[{"not_picked":["Leap","Blizzard"],"picked":"BootSequence","floor":1},{"not_picked":["Redo","Turbo"],"picked":"White Noise","floor":4},{"not_picked":["Undo","Stack","Reprogram"],"picked":"SKIP","floor":5},{"not_picked":["Hologram","Amplify"],"picked":"Conserve Battery","floor":6},{"not_picked":["Amplify","Cold Snap"],"picked":"Conserve Battery","floor":8},{"not_picked":["Capacitor","Redo"],"picked":"Go for the Eyes","floor":10},{"not_picked":["Leap","Go for the Eyes+1"],"picked":"Sweeping Beam+1","floor":13},{"not_picked":["Steam Power","Redo"],"picked":"White Noise","floor":14},{"not_picked":["Electrodynamics+1","All For One+1"],"picked":"Echo Form+1","floor":16},{"not_picked":["Leap+1","Cold Snap+1"],"picked":"Hello World+1","floor":18}],"player_experience":286156,"relics_obtained":[{"floor":6,"key":"Blood Vial"},{"floor":8,"key":"Old Coin"},{"floor":9,"key":"The Courier"},{"floor":17,"key":"Art of War"},{"floor":17,"key":"Matryoshka"},{"floor":17,"key":"Ice Cream"}],"event_choices":[{"damage_healed":0,"gold_gain":0,"player_choice":"Take Wound","damage_taken":0,"relics_obtained":["Golden Idol"],"max_hp_gain":0,"max_hp_loss":0,"event_name":"Golden Idol","floor":2,"gold_loss":0,"cards_obtained":["Injury"]},{"damage_healed":0,"gold_gain":100,"player_choice":"Pray","damage_taken":0,"max_hp_gain":0,"max_hp_loss":0,"event_name":"Golden Shrine","floor":3,"gold_loss":0}],"is_beta":false,"boss_relics":[{"not_picked":["Coffee Dripper","Runic Dome"],"picked":"Calling Bell"}],"items_purged_floors":[11,19],"is_endless":false,"potions_floor_spawned":[1,5,6,14,16],"killed_by":"3 Byrds","ascension_level":1}