{"gold_per_floor":[110,123,123,136,149,149,182,182,209,209,244,266,278,320,332,440,502,525,587,609,632,644,688,700,727,739,766,539,557,568,594,594,695,695,711,711,721,733,425,425],"floor_reached":40,"playtime":4107,"items_purged":["Strike_G","Strike_G"],"score":524,"play_id":"4bbdd851-964d-497c-beaa-0d62de46925e","local_time":"20190303192212","is_ascension_mode":true,"campfire_choices":[{"data":"Footwork","floor":6.0,"key":"SMITH"},{"floor":8.0,"key":"RECALL"},{"floor":15.0,"key":"REST"},{"floor":24.0,"key":"REST"},{"floor":32.0,"key":"REST"}],"neow_cost":"NONE","seed_source_timestamp":0,"circlet_count":0,"master_deck":["Defend_G","Defend_G","Defend_G+1","Defend_G","Strike_G","Strike_G","Strike_G+1","Survivor","Neutralize+1","Crippling Poison","Tools of the Trade","Footwork+1","Deflect","Finesse","Deflect","Cloak And Dagger","Deadly Poison","Corpse Explosion","Crippling Poison","Backstab","After Image","Backstab","Malaise","Apotheosis","Escape Plan","Deadly Poison","Corpse Explosion","Writhe","Infinite Blades+1","Parasite","Escape Plan","Footwork+1"],"special_seed":0,"relics":["Lizard Tail","Vajra","MawBank","Tiny House","Nloth\u0027s Gift","Ginger","Darkstone Periapt","Pen Nib","Runic Dome","DollysMirror"],"potions_floor_usage":[40],"damage_taken":[{"damage":1.0,"enemies":"Jaw Worm","floor":1.0,"turns":5.0},{"damage":0.0,"enemies":"Cultist","floor":2.0,"turns":4.0},{"damage":0.0,"enemies":"Small Slimes","floor":4.0,"turns":5.0},{"damage":2.0,"enemies":"Looter","floor":5.0,"turns":4.0},{"damage":18.0,"enemies":"3 Sentries","floor":7.0,"turns":17.0},{"damage":0.0,"enemies":"Lagavulin","floor":11.0,"turns":11.0},{"damage":9.0,"enemies":"Lots of Slimes","floor":12.0,"turns":4.0},{"damage":13.0,"enemies":"3 Sentries","floor":14.0,"turns":12.0},{"damage":5.0,"enemies":"Hexaghost","floor":16.0,"turns":12.0},{"damage":5.0,"enemies":"Spheric Guardian","floor":18.0,"turns":4.0},{"damage":2.0,"enemies":"3 Byrds","floor":20.0,"turns":5.0},{"damage":18.0,"enemies":"Shelled Parasite and Fungi","floor":21.0,"turns":8.0},{"damage":32.0,"enemies":"Slavers","floor":23.0,"turns":4.0},{"damage":11.0,"enemies":"Snecko","floor":25.0,"turns":6.0},{"damage":15.0,"enemies":"Sentry and Sphere","floor":27.0,"turns":6.0},{"damage":0.0,"enemies":"3 Cultists","floor":29.0,"turns":3.0},{"damage":20.0,"enemies":"Centurion and Healer","floor":30.0,"turns":7.0},{"damage":6.0,"enemies":"Book of Stabbing","floor":31.0,"turns":9.0},{"damage":47.0,"enemies":"Champ","floor":33.0,"turns":14.0},{"damage":35.0,"enemies":"3 Darklings","floor":35.0,"turns":4.0},{"damage":21.0,"enemies":"Orb Walker","floor":37.0,"turns":6.0},{"damage":21.0,"enemies":"Writhing Mass","floor":38.0,"turns":7.0},{"damage":43,"enemies":"Nemesis","floor":40,"turns":2}],"seed_played":"2491820354301576968","potions_obtained":[{"floor":4.0,"key":"GhostInAJar"},{"floor":5.0,"key":"Block Potion"},{"floor":11.0,"key":"Ancient Potion"},{"floor":12.0,"key":"Weak Potion"},{"floor":14.0,"key":"Strength Potion"},{"floor":17.0,"key":"Fire Potion"},{"floor":25.0,"key":"FearPotion"},{"floor":27.0,"key":"PowerPotion"},{"floor":29.0,"key":"Regen Potion"},{"floor":31.0,"key":"Block Potion"},{"floor":35.0,"key":"Strength Potion"},{"floor":37.0,"key":"Ancient Potion"}],"is_trial":false,"path_per_floor":["M","M","?","M","M","R","E","R","T","?","E","M","?","E","R","B",null,"M","?","M","M","?","E","R","M","T","M","$","M","M","E","R","B",null,"M","?","M","M","$","E"],"character_chosen":"THE_SILENT","items_purchased":["Apotheosis","DollysMirror"],"campfire_rested":3,"item_purchase_floors":[28,39],"current_hp_per_floor":[69,69,69,69,67,67,49,49,49,49,49,40,26,13,34,29,75,70,70,68,50,50,18,40,29,29,14,14,14,9,3,25,21,75,40,65,44,29,29,0],"gold":425,"neow_bonus":"BOSS_RELIC","is_prod":false,"is_daily":false,"chose_seed":false,"campfire_upgraded":1,"win_rate":0,"timestamp":1551658932,"path_taken":["M","M","?","M","?","R","E","R","T","?","E","?","?","E","R","BOSS","M","?","M","?","?","E","R","M","T","M","$","?","M","E","R","BOSS","M","?","M","M","$","E"],"build_version":"2019-01-23","purchased_purges":2,"victory":false,"max_hp_per_floor":[70,70,70,70,70,70,70,70,70,70,70,70,70,70,70,70,75,75,75,75,75,75,75,75,75,75,75,75,75,75,75,75,75,75,75,81,81,87,87,87],"card_choices":[{"not_picked":["Underhanded Strike","Finisher","Dagger Throw"],"picked":"SKIP","floor":1.0},{"not_picked":["Terror","Backflip"],"picked":"Crippling Poison","floor":2.0},{"not_picked":["Outmaneuver","Poisoned Stab"],"picked":"Tools of the Trade","floor":4.0},{"not_picked":["Dagger Spray","Outmaneuver"],"picked":"Footwork","floor":5.0},{"not_picked":["Setup","Dagger Spray"],"picked":"Deflect","floor":7.0},{"not_picked":["Escape Plan","Unload"],"picked":"Cloak And Dagger","floor":11.0},{"not_picked":["Quick Slash","Prepared"],"picked":"Deadly Poison","floor":12.0},{"not_picked":["Dagger Throw","Phantasmal Killer","Setup"],"picked":"SKIP","floor":14.0},{"not_picked":["Unload","Venomology"],"picked":"Corpse Explosion","floor":16.0},{"not_picked":["Cloak And Dagger","Slice"],"picked":"Crippling Poison","floor":17.0},{"not_picked":["Quick Slash","Backflip","Leg Sweep"],"picked":"SKIP","floor":18.0},{"not_picked":["Deflect","Dagger Throw"],"picked":"Backstab","floor":20.0},{"not_picked":["PiercingWail","Deadly Poison"],"picked":"After Image","floor":21.0},{"not_picked":["Night Terror","Storm of Steel"],"picked":"Backstab","floor":23.0},{"not_picked":["Dagger Spray","Slice","Deadly Poison"],"picked":"SKIP","floor":25.0},{"not_picked":["Acrobatics","Dagger Throw+1"],"picked":"Malaise","floor":27.0},{"not_picked":["Crippling Poison","Dagger Spray"],"picked":"Escape Plan","floor":29.0},{"not_picked":["Underhanded Strike","Die Die Die"],"picked":"Deadly Poison","floor":30.0},{"not_picked":["Doppelganger","Unload","Outmaneuver+1"],"picked":"SKIP","floor":31.0},{"not_picked":["Night Terror","Wraith Form v2"],"picked":"Corpse Explosion","floor":33.0},{"not_picked":["Dodge and Roll+1","Blade Dance+1","Outmaneuver+1"],"picked":"SKIP","floor":35.0},{"not_picked":["Leg Sweep","Finisher"],"picked":"Infinite Blades+1","floor":37.0},{"not_picked":["Underhanded Strike+1","Outmaneuver+1"],"picked":"Escape Plan","floor":38.0}],"player_experience":240088,"relics_obtained":[{"floor":7.0,"key":"Vajra"},{"floor":11.0,"key":"MawBank"},{"floor":14.0,"key":"Lantern"},{"floor":23.0,"key":"Ginger"},{"floor":26.0,"key":"Darkstone Periapt"},{"floor":31.0,"key":"Pen Nib"}],"event_choices":[{"cards_removed":["Defend_G"],"damage_healed":0.0,"max_hp_gain":0.0,"max_hp_loss":0.0,"gold_gain":0.0,"event_name":"Purifier","player_choice":"Purged","floor":3.0,"gold_loss":0.0,"damage_taken":0.0},{"damage_healed":0.0,"max_hp_gain":0.0,"max_hp_loss":0.0,"gold_gain":0.0,"event_name":"Match and Keep!","player_choice":"2 cards matched","floor":10.0,"gold_loss":0.0,"damage_taken":0.0,"cards_obtained":["Finesse","Deflect"]},{"damage_healed":0.0,"max_hp_gain":0.0,"max_hp_loss":0.0,"gold_gain":0.0,"event_name":"Shining Light","player_choice":"Entered Light","floor":13.0,"gold_loss":0.0,"damage_taken":14.0,"cards_upgraded":["Neutralize","Defend_G"]},{"damage_healed":0.0,"max_hp_gain":0.0,"max_hp_loss":0.0,"gold_gain":100.0,"event_name":"The Joust","player_choice":"Bet on Murderer","floor":19.0,"gold_loss":50.0,"damage_taken":0.0},{"damage_healed":0.0,"max_hp_gain":0.0,"max_hp_loss":0.0,"gold_gain":0.0,"event_name":"N\u0027loth","player_choice":"Traded Relic","floor":22.0,"relics_lost":["Lantern"],"gold_loss":0.0,"damage_taken":0.0,"relics_obtained":["Nloth\u0027s Gift"]},{"damage_healed":19.0,"max_hp_gain":0.0,"max_hp_loss":0.0,"gold_gain":0.0,"event_name":"Winding Halls","player_choice":"Writhe","floor":36.0,"gold_loss":0.0,"damage_taken":0.0,"cards_obtained":["Writhe"]}],"is_beta":false,"boss_relics":[{"not_picked":["White Beast Statue","Orrery"],"picked":"Tiny House"},{"not_picked":["Velvet Choker","Runic Pyramid"],"picked":"Runic Dome"}],"items_purged_floors":[28,39],"is_endless":false,"potions_floor_spawned":[4,5,11,12,14,25,27,29,31,35,37],"killed_by":"Nemesis","ascension_level":1}