{"gold_per_floor":[362,362,362,312,332,332,257,268,268,196,214,239,239,272,272,372,372,392,139,139,139,155,155,170,186,262,262],"floor_reached":27,"playtime":996,"items_purged":["Defend_B","Hello World"],"score":246,"play_id":"d6fe453f-012a-4e3d-9e4f-55c6374b9575","local_time":"20190102090249","is_ascension_mode":false,"campfire_choices":[{"data":"Zap","floor":6,"key":"SMITH"},{"data":"White Noise","floor":13,"key":"SMITH"},{"floor":15,"key":"REST"},{"data":"Defragment","floor":23,"key":"SMITH"}],"neow_cost":"CURSE","seed_source_timestamp":1087976383032196,"circlet_count":0,"master_deck":["Strike_B","Strike_B","Strike_B","Defend_B","Defend_B","Defend_B","Zap+1","Dualcast","Go for the Eyes","Sweeping Beam","White Noise+1","Loop","Heatsinks","Defragment+1","All For One","Coolheaded+1","Steam+1","Gash","Machine Learning"],"relics":["Cracked Core","Blood Vial","Potion Belt","Darkstone Periapt","Inserter","Lantern","Blue Candle","Pear"],"potions_floor_usage":[16,25,27],"damage_taken":[{"damage":4,"enemies":"Small Slimes","floor":1,"turns":4},{"damage":0,"enemies":"Jaw Worm","floor":5,"turns":4},{"damage":0,"enemies":"Cultist","floor":8,"turns":3},{"damage":8,"enemies":"3 Louse","floor":11,"turns":2},{"damage":26,"enemies":"Lagavulin","floor":12,"turns":7},{"damage":26,"enemies":"3 Sentries","floor":14,"turns":5},{"damage":43,"enemies":"The Guardian","floor":16,"turns":9},{"damage":21,"enemies":"Shell Parasite","floor":18,"turns":7},{"damage":15,"enemies":"3 Byrds","floor":22,"turns":5},{"damage":25,"enemies":"Snake Plant","floor":24,"turns":6},{"damage":19,"enemies":"Centurion and Healer","floor":25,"turns":5},{"damage":21,"enemies":"Shelled Parasite and Fungi","floor":27,"turns":3}],"seed_played":"-7430164145266906809","potions_obtained":[{"floor":12,"key":"Weak Potion"},{"floor":16,"key":"Fire Potion"},{"floor":18,"key":"AttackPotion"},{"floor":25,"key":"PowerPotion"}],"is_trial":false,"path_per_floor":["M","?","?","?","M","R","$","M","T","$","M","E","R","E","R","B",null,"M","$","T","?","M","R","M","M","T","M"],"character_chosen":"DEFECT","items_purchased":["Loop","Lantern"],"campfire_rested":1,"item_purchase_floors":[10,19],"current_hp_per_floor":[71,76,76,76,76,76,76,76,76,76,70,46,46,22,46,5,80,59,59,59,59,46,46,23,6,16,0],"gold":262,"neow_bonus":"TWO_FIFTY_GOLD","is_prod":false,"is_daily":false,"chose_seed":false,"campfire_upgraded":3,"win_rate":0,"timestamp":1546387369,"path_taken":["M","?","?","?","M","R","$","M","T","?","M","E","R","E","R","BOSS","M","$","?","?","M","R","?","M","T","M"],"build_version":"2018-12-20","purchased_purges":2,"victory":false,"max_hp_per_floor":[75,80,80,80,80,80,80,80,80,80,80,80,80,80,80,80,80,80,80,80,80,80,80,80,80,90,90],"card_choices":[{"not_picked":["Force Field","Steam Power"],"picked":"Go for the Eyes","floor":1},{"not_picked":["Cold Snap","Hologram"],"picked":"Sweeping Beam","floor":5},{"not_picked":["Gash","Cold Snap"],"picked":"White Noise","floor":8},{"not_picked":["Fusion","Redo"],"picked":"Heatsinks","floor":11},{"not_picked":["Meteor Strike","Genetic Algorithm"],"picked":"Hello World","floor":12},{"not_picked":["Leap","Redo"],"picked":"Defragment","floor":14},{"not_picked":["Creative AI","Meteor Strike"],"picked":"All For One","floor":16},{"not_picked":["Leap","Rebound"],"picked":"Coolheaded+1","floor":18},{"not_picked":["Go for the Eyes","Stack+1"],"picked":"Steam+1","floor":22},{"not_picked":["Steam Power","Chaos"],"picked":"Gash","floor":24},{"not_picked":["Steam","Stack"],"picked":"Machine Learning","floor":25}],"player_experience":311714,"relics_obtained":[{"floor":9,"key":"Blood Vial"},{"floor":12,"key":"Potion Belt"},{"floor":14,"key":"Darkstone Periapt"},{"floor":20,"key":"Blue Candle"},{"floor":26,"key":"Pear"}],"event_choices":[{"damage_healed":0,"gold_gain":0,"player_choice":"Donut","damage_taken":0,"max_hp_gain":5,"max_hp_loss":0,"event_name":"Big Fish","floor":2,"gold_loss":0},{"cards_removed":["Regret"],"damage_healed":0,"gold_gain":0,"player_choice":"Forget","damage_taken":0,"max_hp_gain":0,"max_hp_loss":0,"event_name":"Living Wall","floor":3,"gold_loss":0},{"cards_removed":["Strike_B"],"damage_healed":0,"gold_gain":0,"player_choice":"Card Removal","damage_taken":0,"max_hp_gain":0,"max_hp_loss":0,"event_name":"The Cleric","floor":4,"gold_loss":50},{"damage_healed":0,"gold_gain":0,"player_choice":"Ignored","damage_taken":0,"max_hp_gain":0,"max_hp_loss":0,"event_name":"Ghosts","floor":21,"gold_loss":0}],"is_beta":false,"boss_relics":[{"not_picked":["Pandora\u0027s Box","Coffee Dripper"],"picked":"Inserter"}],"items_purged_floors":[7,19],"is_endless":false,"potions_floor_spawned":[12,16,18,25],"killed_by":"Shelled Parasite and Fungi","ascension_level":0}