{"gold_per_floor":[115,115,115,0,0,43,0,25,25,25,363,378,378,396,396,517,580,505,518,106,131,144,144,144],"floor_reached":24,"playtime":1567,"items_purged":["Strike_R"],"score":286,"play_id":"40e021c6-45ca-4244-9967-a013ecb02188","local_time":"20190309234619","is_ascension_mode":true,"campfire_choices":[{"data":"Carnage","floor":10,"key":"SMITH"},{"floor":15,"key":"REST"},{"floor":23,"key":"REST"}],"neow_cost":"NONE","seed_source_timestamp":27546668170988,"circlet_count":0,"master_deck":["Strike_R","Defend_R","Defend_R","Defend_R","Defend_R","Bash","Armaments","Metallicize","Carnage+1","Flame Barrier","Inflame","Limit Break+1","Warcry","Reaper","Entrench","Iron Wave+1","Metallicize","Finesse","Intimidate","Flame Barrier","Seeing Red"],"relics":["Burning Blood","Golden Idol","Pen Nib","Old Coin","Tiny House","Molten Egg 2"],"potions_floor_usage":[11,19,21,24,24],"damage_taken":[{"damage":13,"enemies":"Jaw Worm","floor":1,"turns":4},{"damage":37,"enemies":"Gremlin Nob","floor":6,"turns":5},{"damage":0,"enemies":"Small Slimes","floor":8,"turns":3},{"damage":9,"enemies":"3 Sentries","floor":11,"turns":8},{"damage":0,"enemies":"2 Louse","floor":12,"turns":3},{"damage":7,"enemies":"Exordium Wildlife","floor":14,"turns":7},{"damage":38,"enemies":"The Guardian","floor":16,"turns":13},{"damage":33,"enemies":"2 Thieves","floor":18,"turns":5},{"damage":28,"enemies":"Spheric Guardian","floor":19,"turns":7},{"damage":44,"enemies":"Snecko","floor":21,"turns":12},{"damage":33,"enemies":"Centurion and Healer","floor":22,"turns":18},{"damage":62,"enemies":"Book of Stabbing","floor":24,"turns":7}],"seed_played":"-949913231980369168","potions_obtained":[{"floor":1,"key":"Fire Potion"},{"floor":14,"key":"Ancient Potion"},{"floor":16,"key":"PowerPotion"},{"floor":17,"key":"LiquidBronze"},{"floor":19,"key":"Regen Potion"},{"floor":21,"key":"PowerPotion"}],"is_trial":false,"path_per_floor":["M","?","?","$","?","E","?","M","T","R","E","M","?","M","R","B",null,"M","M","$","M","M","R","E"],"character_chosen":"IRONCLAD","items_purchased":["Carnage","Finesse","Molten Egg 2","Intimidate"],"campfire_rested":2,"item_purchase_floors":[4,20,20,20],"current_hp_per_floor":[73,53,53,53,53,22,22,28,28,28,25,31,31,30,54,22,71,60,38,38,23,36,61,0],"gold":144,"neow_bonus":"REMOVE_CARD","is_prod":false,"is_daily":false,"chose_seed":false,"campfire_upgraded":1,"win_rate":0,"timestamp":1552193179,"path_taken":["M","?","?","$","?","E","?","?","T","R","E","M","?","M","R","BOSS","M","?","$","M","?","R","E"],"build_version":"2019-01-23","purchased_purges":1,"victory":false,"max_hp_per_floor":[80,80,80,80,80,80,80,80,80,80,80,80,80,80,80,80,85,85,85,85,85,85,85,85],"card_choices":[{"not_picked":["Entrench","Clash"],"picked":"Armaments","floor":1},{"not_picked":["Twin Strike","True Grit"],"picked":"Flame Barrier","floor":6},{"not_picked":["Power Through","Blood for Blood"],"picked":"Inflame","floor":8},{"not_picked":["Perfected Strike","Sword Boomerang"],"picked":"Limit Break","floor":11},{"not_picked":["Body Slam","Thunderclap","Heavy Blade"],"picked":"SKIP","floor":12},{"not_picked":["Carnage","True Grit"],"picked":"Warcry","floor":14},{"not_picked":["Offering","Brutality"],"picked":"Reaper","floor":16},{"not_picked":["Armaments","Dual Wield"],"picked":"Entrench","floor":17},{"not_picked":["Reckless Charge+1","Sever Soul"],"picked":"Iron Wave+1","floor":18},{"not_picked":["Havoc+1","Feel No Pain"],"picked":"Metallicize","floor":19},{"not_picked":["Dual Wield","Blood for Blood+1"],"picked":"Flame Barrier","floor":21},{"not_picked":["True Grit+1","Wild Strike+1"],"picked":"Seeing Red","floor":22}],"player_experience":283753,"relics_obtained":[{"floor":6,"key":"Pen Nib"},{"floor":11,"key":"Old Coin"}],"event_choices":[{"damage_healed":0,"gold_gain":0,"player_choice":"Take Damage","damage_taken":20,"relics_obtained":["Golden Idol"],"max_hp_gain":0,"max_hp_loss":0,"event_name":"Golden Idol","floor":2,"gold_loss":0},{"damage_healed":0,"gold_gain":0,"cards_transformed":["Strike_R"],"player_choice":"Change","damage_taken":0,"max_hp_gain":0,"max_hp_loss":0,"event_name":"Living Wall","floor":3,"gold_loss":0,"cards_obtained":["Metallicize"]},{"damage_healed":0,"gold_gain":0,"player_choice":"Ignored","damage_taken":0,"max_hp_gain":0,"max_hp_loss":0,"event_name":"Liars Game","floor":5,"gold_loss":0},{"damage_healed":0,"gold_gain":0,"player_choice":"Left Gold","damage_taken":0,"max_hp_gain":0,"max_hp_loss":0,"event_name":"World of Goop","floor":7,"gold_loss":43},{"cards_removed":["Strike_R"],"damage_healed":0,"gold_gain":0,"player_choice":"Purged","damage_taken":0,"max_hp_gain":0,"max_hp_loss":0,"event_name":"Purifier","floor":13,"gold_loss":0}],"is_beta":false,"boss_relics":[{"not_picked":["Snecko Eye","White Beast Statue"],"picked":"Tiny House"}],"items_purged_floors":[4],"is_endless":false,"potions_floor_spawned":[1,14,16,19,21],"killed_by":"Book of Stabbing","ascension_level":5}