{"gold_per_floor":[110,110,110,130,149,179,191,203,261,273,285],"floor_reached":11,"playtime":356,"items_purged":[],"score":124,"play_id":"fc1b8b2e-67a7-40aa-88f8-67aa36a8d00f","local_time":"20190309175952","is_ascension_mode":true,"campfire_choices":[{"floor":10,"key":"REST"}],"neow_cost":"NONE","seed_source_timestamp":582155154460259,"circlet_count":0,"master_deck":["AscendersBane","Defend_G","Defend_G","Defend_G","Defend_G","Defend_G","Strike_G","Strike_G","Strike_G","Strike_G","Survivor","Neutralize","Acrobatics","Skewer","Dagger Spray","Accuracy"],"relics":["Ring of the Snake","The Courier","MawBank","Bag of Marbles"],"potions_floor_usage":[6,11],"damage_taken":[{"damage":8,"enemies":"Jaw Worm","floor":1,"turns":5},{"damage":7,"enemies":"Cultist","floor":4,"turns":5},{"damage":3,"enemies":"Small Slimes","floor":5,"turns":4},{"damage":48,"enemies":"Gremlin Nob","floor":6,"turns":6},{"damage":27,"enemies":"3 Sentries","floor":11,"turns":9}],"seed_played":"8047058101498217080","potions_obtained":[{"floor":1,"key":"Weak Potion"},{"floor":6,"key":"AttackPotion"}],"is_trial":false,"path_per_floor":["M","?","T","M","M","E","?","$","T","R","E"],"character_chosen":"THE_SILENT","items_purchased":[],"campfire_rested":1,"item_purchase_floors":[],"current_hp_per_floor":[57,62,62,55,52,4,4,4,4,27,0],"gold":285,"neow_bonus":"TEN_PERCENT_HP_BONUS","is_prod":false,"is_daily":false,"chose_seed":false,"campfire_upgraded":0,"win_rate":0,"timestamp":1552175992,"path_taken":["M","?","?","?","M","E","?","$","T","R","E"],"build_version":"2019-01-23","purchased_purges":0,"victory":false,"max_hp_per_floor":[72,77,77,77,77,77,77,77,77,77,77],"card_choices":[{"not_picked":["Endless Agony","Prepared"],"picked":"Acrobatics","floor":1},{"not_picked":["Prepared","Calculated Gamble"],"picked":"Skewer","floor":4},{"not_picked":["Heel Hook","Prepared"],"picked":"Dagger Spray","floor":5},{"not_picked":["Heel Hook","Outmaneuver"],"picked":"Accuracy","floor":6}],"player_experience":606056,"relics_obtained":[{"floor":3,"key":"The Courier"},{"floor":6,"key":"MawBank"},{"floor":9,"key":"Bag of Marbles"}],"event_choices":[{"damage_healed":0,"gold_gain":0,"player_choice":"Donut","damage_taken":0,"max_hp_gain":5,"max_hp_loss":0,"event_name":"Big Fish","floor":2,"gold_loss":0},{"cards_removed":["Strike_G"],"damage_healed":0,"gold_gain":0,"player_choice":"Purged","damage_taken":0,"max_hp_gain":0,"max_hp_loss":0,"event_name":"Purifier","floor":7,"gold_loss":0}],"is_beta":false,"boss_relics":[],"items_purged_floors":[],"is_endless":false,"potions_floor_spawned":[1,6],"killed_by":"3 Sentries","ascension_level":15}