{"gold_per_floor":[110,121,135,152,152,184,184,202,229,5,32,32,32,32,32,136,136,154,170,260,55,71,71,97,15,40,40,52,52,82,82,82,187,187,198,198,198,198,210,242,242,275,298,313,345,165,165,565,565,565,565,565,113,142,142],"floor_reached":55,"playtime":3789,"items_purged":["Strike_G","Strike_G","Strike_G"],"score":1143,"play_id":"a32c9715-ee37-4dcf-8071-58db9d439a9f","local_time":"20190308013405","is_ascension_mode":true,"campfire_choices":[{"data":"Leg Sweep","floor":7,"key":"SMITH"},{"data":"Neutralize","floor":12,"key":"SMITH"},{"data":"Escape Plan","floor":15,"key":"SMITH"},{"data":"Footwork","floor":23,"key":"SMITH"},{"data":"Footwork","floor":27,"key":"SMITH"},{"data":"Dodge and Roll","floor":29,"key":"SMITH"},{"floor":32,"key":"REST"},{"data":"A Thousand Cuts","floor":41,"key":"SMITH"},{"floor":49,"key":"RECALL"},{"data":"Deadly Poison","floor":52,"key":"SMITH"}],"neow_cost":"NONE","seed_source_timestamp":1584784125763433,"circlet_count":0,"master_deck":["Defend_G+1","Defend_G","Defend_G","Defend_G+1","Defend_G","Strike_G","Survivor","Neutralize+1","Leg Sweep+1","Dagger Throw","Dagger Spray","Well Laid Plans","Deadly Poison+1","Escape Plan+1","Die Die Die","Blur+1","Dagger Spray","Madness","Footwork+1","Dodge and Roll+1","Footwork+1","Backflip+1","PiercingWail","A Thousand Cuts+1","Blade Dance+1","Madness","Madness","Outmaneuver","Envenom+1","Blade Dance+1","Noxious Fumes+1","Noxious Fumes+1","Calculated Gamble+1","Panache+1","Noxious Fumes+1","Poisoned Stab","Blade Dance","Crippling Poison+1"],"relics":["Ring of the Snake","Turnip","Oddly Smooth Stone","Boot","Bronze Scales","War Paint","Sozu","Omamori","Regal Pillow","Happy Flower","Runic Pyramid","Frozen Egg 2","PreservedInsect","Potion Belt","Orichalcum","Old Coin","Art of War"],"potions_floor_usage":[6,6,22],"damage_taken":[{"damage":6,"enemies":"Jaw Worm","floor":1,"turns":5},{"damage":0,"enemies":"2 Louse","floor":2,"turns":4},{"damage":9,"enemies":"Cultist","floor":3,"turns":7},{"damage":0,"enemies":"3 Louse","floor":4,"turns":4},{"damage":15,"enemies":"3 Sentries","floor":6,"turns":11},{"damage":1,"enemies":"Exordium Thugs","floor":8,"turns":5},{"damage":14,"enemies":"Gremlin Nob","floor":11,"turns":5},{"damage":0,"enemies":"The Guardian","floor":16,"turns":12},{"damage":0,"enemies":"3 Byrds","floor":18,"turns":3},{"damage":1,"enemies":"Spheric Guardian","floor":19,"turns":6},{"damage":0,"enemies":"Snake Plant","floor":22,"turns":5},{"damage":6,"enemies":"Book of Stabbing","floor":24,"turns":7},{"damage":0,"enemies":"Centurion and Healer","floor":28,"turns":10},{"damage":19,"enemies":"Slavers","floor":30,"turns":6},{"damage":0,"enemies":"Champ","floor":33,"turns":23},{"damage":0,"enemies":"3 Darklings","floor":35,"turns":3},{"damage":0,"enemies":"Orb Walker","floor":39,"turns":4},{"damage":0,"enemies":"Nemesis","floor":40,"turns":9},{"damage":4,"enemies":"Giant Head","floor":42,"turns":9},{"damage":3,"enemies":"4 Shapes","floor":44,"turns":10},{"damage":10,"enemies":"Reptomancer","floor":45,"turns":7},{"damage":0,"enemies":"Mind Bloom Boss Battle","floor":48,"turns":7},{"damage":35,"enemies":"Time Eater","floor":50,"turns":13},{"damage":41,"enemies":"Shield and Spear","floor":54,"turns":6},{"damage":29,"enemies":"The Heart","floor":55,"turns":2}],"seed_played":"-8879946132430788485","potions_obtained":[{"floor":2,"key":"SteroidPotion"},{"floor":3,"key":"Explosive Potion"},{"floor":6,"key":"SteroidPotion"},{"floor":8,"key":"Regen Potion"}],"is_trial":false,"path_per_floor":["M","M","M","M","?","E","R","M","T","$","E","R","$","?","R","B",null,"M","M","?","$","M","R","E","$","T","R","M","R","E","?","R","B",null,"M","T","?","?","M","E","R","E","T","M","E","$","?","?","R","B",null,"R","$","E","B"],"character_chosen":"THE_SILENT","items_purchased":["Bronze Scales","Escape Plan","Footwork","Dodge and Roll","Footwork","Noxious Fumes+1","Panache+1","Noxious Fumes+1","Poisoned Stab","Blade Dance"],"campfire_rested":1,"item_purchase_floors":[10,10,21,21,25,46,53,53,53,53],"current_hp_per_floor":[71,71,62,62,59,44,44,43,43,43,29,29,29,29,29,29,65,65,64,43,43,57,57,51,51,51,51,51,51,32,32,70,70,75,75,75,75,65,65,65,65,61,61,58,48,48,48,48,48,13,61,61,61,20,0],"gold":142,"neow_bonus":"TEN_PERCENT_HP_BONUS","is_prod":false,"is_daily":false,"chose_seed":false,"campfire_upgraded":8,"win_rate":0,"timestamp":1552026845,"path_taken":["M","M","M","M","?","E","R","M","T","$","E","R","$","?","R","BOSS","M","?","?","?","M","R","E","$","T","R","M","R","E","?","R","BOSS","M","?","?","?","M","E","R","E","T","M","E","$","?","?","R","BOSS","R","$","E","BOSS"],"build_version":"2019-01-23","purchased_purges":3,"victory":false,"max_hp_per_floor":[77,77,77,77,77,77,77,77,77,77,77,77,77,77,77,77,77,77,77,77,77,77,77,77,77,77,77,77,77,77,77,77,77,77,77,77,77,77,77,77,77,77,77,77,77,77,77,77,77,77,77,77,77,77,77],"card_choices":[{"not_picked":["Slice","Distraction"],"picked":"PiercingWail","floor":1},{"not_picked":["Infinite Blades","Caltrops"],"picked":"Leg Sweep","floor":2},{"not_picked":["Prepared","Deflect"],"picked":"Dagger Throw","floor":3},{"not_picked":["Phantasmal Killer","Sucker Punch"],"picked":"Dagger Spray","floor":4},{"not_picked":["Distraction","Outmaneuver"],"picked":"Well Laid Plans","floor":6},{"not_picked":["Infinite Blades","Prepared"],"picked":"Deadly Poison","floor":8},{"not_picked":["Venomology","Well Laid Plans","Accuracy"],"picked":"SKIP","floor":11},{"not_picked":["Wraith Form v2","Phantasmal Killer"],"picked":"Die Die Die","floor":16},{"not_picked":["Choke","Backflip+1"],"picked":"Blur","floor":18},{"not_picked":["Dagger Throw+1","Reflex+1"],"picked":"Dagger Spray","floor":19},{"not_picked":["Poisoned Stab","Dagger Spray","Masterful Stab"],"picked":"SKIP","floor":22},{"not_picked":["Dagger Throw","Endless Agony","Bouncing Flask+1"],"picked":"SKIP","floor":24},{"not_picked":["Grand Finale","Setup"],"picked":"Backflip+1","floor":28},{"not_picked":["Dodge and Roll","Blur"],"picked":"PiercingWail","floor":30},{"not_picked":["Malaise","Wraith Form v2"],"picked":"A Thousand Cuts","floor":33},{"not_picked":["Outmaneuver+1","All Out Attack+1"],"picked":"Blade Dance+1","floor":35},{"not_picked":["Predator+1","PiercingWail+1"],"picked":"Outmaneuver","floor":39},{"not_picked":["Bane+1","Backflip"],"picked":"Envenom+1","floor":40},{"not_picked":["Masterful Stab+1","Well Laid Plans+1"],"picked":"Blade Dance+1","floor":42},{"not_picked":["Dodge and Roll","Poisoned Stab+1","Leg Sweep"],"picked":"SKIP","floor":44},{"not_picked":["Blade Dance","Skewer"],"picked":"Noxious Fumes+1","floor":45},{"not_picked":["PiercingWail","Leg Sweep+1"],"picked":"Calculated Gamble+1","floor":48},{"not_picked":["PiercingWail","Dagger Spray+1"],"picked":"Crippling Poison+1","floor":54}],"player_experience":269208,"relics_obtained":[{"floor":6,"key":"Oddly Smooth Stone"},{"floor":9,"key":"Boot"},{"floor":11,"key":"War Paint"},{"floor":24,"key":"Omamori"},{"floor":26,"key":"Regal Pillow"},{"floor":30,"key":"Happy Flower"},{"floor":36,"key":"Frozen Egg 2"},{"floor":40,"key":"PreservedInsect"},{"floor":42,"key":"Potion Belt"},{"floor":45,"key":"Orichalcum"},{"floor":48,"key":"Old Coin"},{"floor":54,"key":"Art of War"}],"event_choices":[{"damage_healed":0,"gold_gain":0,"player_choice":"Success","damage_taken":3,"relics_obtained":["Turnip"],"max_hp_gain":0,"max_hp_loss":0,"event_name":"Scrap Ooze","floor":5,"gold_loss":0},{"cards_removed":["Strike_G"],"damage_healed":0,"gold_gain":0,"player_choice":"Offered Basic","damage_taken":0,"max_hp_gain":0,"max_hp_loss":0,"event_name":"Bonfire Elementals","floor":14,"gold_loss":0},{"damage_healed":0,"gold_gain":90,"player_choice":"CARD GOLD ","damage_taken":21,"max_hp_gain":0,"max_hp_loss":0,"event_name":"Knowing Skull","floor":20,"potions_obtained":[],"gold_loss":0,"cards_obtained":["Madness"]},{"damage_healed":0,"gold_gain":0,"player_choice":"Upgraded","damage_taken":0,"max_hp_gain":0,"max_hp_loss":0,"event_name":"Upgrade Shrine","floor":31,"gold_loss":0,"cards_upgraded":["Blur"]},{"damage_healed":0,"gold_gain":0,"player_choice":"Ignored","damage_taken":0,"max_hp_gain":0,"max_hp_loss":0,"event_name":"Tomb of Lord Red Mask","floor":37,"gold_loss":0},{"damage_healed":0,"gold_gain":0,"player_choice":"Embrace Madness","damage_taken":10,"max_hp_gain":0,"max_hp_loss":0,"event_name":"Winding Halls","floor":38,"gold_loss":0,"cards_obtained":["Madness","Madness"]},{"cards_removed":["PiercingWail"],"damage_healed":0,"gold_gain":0,"player_choice":"Removed Skill","damage_taken":0,"max_hp_gain":0,"max_hp_loss":0,"event_name":"Falling","floor":47,"gold_loss":0},{"damage_healed":0,"gold_gain":0,"player_choice":"Fight","damage_taken":0,"max_hp_gain":0,"max_hp_loss":0,"event_name":"MindBloom","floor":48,"gold_loss":0}],"is_beta":false,"boss_relics":[{"not_picked":["White Beast Statue","Lizard Tail"],"picked":"Sozu"},{"not_picked":["Runic Dome","Snecko Eye"],"picked":"Runic Pyramid"}],"items_purged_floors":[21,46,53],"is_endless":false,"potions_floor_spawned":[2,3,6,8,18,19,22,30,35,42,45],"killed_by":"The Heart","ascension_level":5}