{"path_per_floor":["M","?","M","?","M","R","M","E","T","E","$","E","$","?","R","B",null,"M","$","M","$","?","E","R","M","T","R","E","?","M","M","R","B",null,"M","?","?","M","?","R","M","?","T"],"character_chosen":"IRONCLAD","items_purchased":["True Grit","Whirlwind"],"gold_per_floor":[12,12,30,30,46,46,56,85,85,120,19,53,53,53,53,152,152,163,87,101,1,1,27,27,44,68,68,99,99,117,135,135,238,238,258,258,258,273,273,273,283,283,309],"floor_reached":44,"campfire_rested":1,"playtime":7464,"current_hp_per_floor":[80,80,80,62,68,68,65,50,50,73,73,62,62,62,62,51,87,87,87,87,87,87,70,70,46,46,46,21,50,51,41,82,67,87,76,66,66,61,61,67,66,66,66],"items_purged":["Strike_R","Defend_R"],"gold":309,"play_id":"13142b7b-7d13-4f82-a47f-5af2bd266bab","is_prod":false,"is_daily":false,"is_ascension_mode":true,"campfire_upgraded":5,"path_taken":["M","?","M","?","M","R","M","E","T","E","$","E","$","?","R","BOSS","M","$","M","$","?","E","R","M","T","R","E","?","?","M","R","BOSS","M","?","?","?","?","R","M","?","T","E"],"build_version":"2018-01-25-PROD2","purchased_purges":4,"victory":false,"master_deck":["Defend_R","Defend_R","Defend_R","Bash","Uppercut+1","Disarm","Shrug It Off","Metallicize","True Grit+1","Demon Form+1","Dual Wield+1","Whirlwind","Inflame","Juggernaut","Shockwave+1","Double Tap","Madness+1","Madness"],"max_hp_per_floor":[80,80,80,80,80,80,80,80,80,87,87,87,87,87,87,87,87,87,87,87,87,87,87,87,87,87,87,87,87,87,87,87,87,87,87,87,87,87,87,87,87,87,87],"relics":["Burning Blood","Prayer Wheel","Frozen Eye","Oddly Smooth Stone","Strawberry","Happy Flower","Mark of Pain","Centennial Puzzle","Bag of Preparation","Regal Pillow","Eternal Feather","Omamori"],"card_choices":[{"not_picked":["Brutality","Combust"],"picked":"Uppercut"},{"not_picked":["Anger","Uppercut"],"picked":"Disarm"},{"not_picked":["Sword Boomerang","Disarm"],"picked":"Shrug It Off"},{"not_picked":["Shrug It Off","Armaments"],"picked":"Metallicize"},{"not_picked":["Double Tap","Feed"],"picked":"Demon Form"},{"not_picked":["Rupture","Blood for Blood"],"picked":"Dual Wield"},{"not_picked":["Sword Boomerang","Cleave"],"picked":"Inflame"},{"not_picked":["Hemokinesis","Rage"],"picked":"Juggernaut"},{"not_picked":["Corruption","Anger"],"picked":"Shockwave"},{"not_picked":["Bludgeon","Dark Embrace"],"picked":"Double Tap"}],"player_experience":49803,"potions_floor_usage":[10,10,12,23,25,28,41,44],"damage_taken":[{"damage":2,"enemies":"Cultist","floor":1,"turns":5},{"damage":3,"enemies":"Jaw Worm","floor":3,"turns":4},{"damage":0,"enemies":"Small Slimes","floor":5,"turns":3},{"damage":9,"enemies":"Exordium Wildlife","floor":7,"turns":10},{"damage":21,"enemies":"Gremlin Nob","floor":8,"turns":5},{"damage":5,"enemies":"Lagavulin","floor":10,"turns":10},{"damage":17,"enemies":"3 Sentries","floor":12,"turns":12},{"damage":17,"enemies":"The Guardian","floor":16,"turns":13},{"damage":2,"enemies":"3 Byrds","floor":18,"turns":10},{"damage":2,"enemies":"Shell Parasite","floor":20,"turns":7},{"damage":23,"enemies":"Book of Stabbing","floor":23,"turns":7},{"damage":30,"enemies":"3 Cultists","floor":25,"turns":5},{"damage":31,"enemies":"Slavers","floor":28,"turns":7},{"damage":5,"enemies":"Snake Plant","floor":30,"turns":5},{"damage":16,"enemies":"Slaver and Parasite","floor":31,"turns":7},{"damage":21,"enemies":"Automaton","floor":33,"turns":10},{"damage":17,"enemies":"Orb Walker","floor":35,"turns":5},{"damage":11,"enemies":"3 Darklings","floor":38,"turns":6},{"damage":7,"enemies":"Maw","floor":41,"turns":6},{"damage":77,"enemies":"Nemesis","floor":44,"turns":9}],"event_choices":[{"event_name":"Liars Game","player_choice":"disagreed","floor":2,"damage_taken":0},{"event_name":"Scrap Ooze","player_choice":"success","floor":4,"damage_taken":18},{"event_name":"Living Wall","player_choice":"Forget","floor":14,"damage_taken":0},{"event_name":"Beggar","player_choice":"Ignored","floor":22,"damage_taken":0},{"event_name":"The Library","player_choice":"Heal","floor":29,"damage_taken":0},{"event_name":"Winding Halls","player_choice":"Embrace Madness","floor":36,"damage_taken":0},{"event_name":"Tomb of Lord Red Mask","player_choice":"Ignored","floor":37,"damage_taken":0},{"event_name":"Accursed Blacksmith","player_choice":"Ignore","floor":42,"damage_taken":0}],"boss_relics":[{"not_picked":["Astrolabe","Velvet Choker"],"picked":"Mark of Pain"},{"not_picked":["Orrery","Snecko Eye"],"picked":"Eternal Feather"}],"potions_floor_spawned":[1,3,10,12,23,25,30,35],"seed_played":"-4009977634418541980","killed_by":"Nemesis","ascension_level":1,"is_trial":false}