{"gold_per_floor":[112,131,206,216,32,62,62,76,76,2,20,20],"floor_reached":12,"playtime":1254,"items_purged":[],"score":160,"play_id":"c4845c7b-eacd-48a1-8aeb-a63a702db4bd","local_time":"20181108202906","is_ascension_mode":true,"campfire_choices":[{"floor":7,"key":"REST"}],"neow_cost":"CURSE","seed_source_timestamp":197790879337764,"circlet_count":0,"master_deck":["AscendersBane","Strike_R","Strike_R","Strike_R","Strike_R","Strike_R","Defend_R","Defend_R","Defend_R","Defend_R","Bash","Injury","Clothesline","Disarm","Sword Boomerang","Apotheosis","Shockwave","Shrug It Off"],"relics":["Burning Blood","Mummified Hand","Question Card","Matryoshka"],"potions_floor_usage":[6,6,12],"damage_taken":[{"damage":1,"enemies":"Small Slimes","floor":1,"turns":5},{"damage":3,"enemies":"Cultist","floor":2,"turns":4},{"damage":14,"enemies":"Jaw Worm","floor":4,"turns":5},{"damage":52,"enemies":"3 Sentries","floor":6,"turns":14},{"damage":8,"enemies":"2 Fungi Beasts","floor":8,"turns":4},{"damage":3,"enemies":"Looter","floor":11,"turns":4},{"damage":56,"enemies":"Gremlin Nob","floor":12,"turns":4}],"seed_played":"-5583122999983537755","potions_obtained":[{"floor":2,"key":"SkillPotion"},{"floor":4,"key":"AttackPotion"},{"floor":11,"key":"EssenceOfSteel"}],"is_trial":false,"path_per_floor":["M","M","?","M","$","E","R","M","T","?","M","E"],"character_chosen":"IRONCLAD","items_purchased":["Apotheosis"],"campfire_rested":1,"item_purchase_floors":[5],"current_hp_per_floor":[87,89,78,70,70,24,50,48,48,48,51,0],"gold":20,"neow_bonus":"TWENTY_PERCENT_HP_BONUS","is_prod":false,"is_daily":false,"chose_seed":false,"campfire_upgraded":0,"win_rate":0,"timestamp":1541701746,"path_taken":["M","M","?","M","$","E","R","M","T","?","?","E"],"build_version":"2018-11-07","purchased_purges":0,"victory":false,"max_hp_per_floor":[89,89,89,89,89,89,89,89,89,89,89,89],"card_choices":[{"not_picked":["Perfected Strike","Intimidate"],"picked":"Clothesline","floor":1},{"not_picked":["Ghostly Armor","Infernal Blade"],"picked":"Disarm","floor":2},{"not_picked":["Clothesline","Twin Strike"],"picked":"Sword Boomerang","floor":4},{"not_picked":["Pommel Strike","Pummel"],"picked":"Shockwave","floor":6},{"not_picked":["Twin Strike","Clothesline","Combust"],"picked":"SKIP","floor":8},{"not_picked":["Perfected Strike","Feel No Pain","True Grit"],"picked":"Shrug It Off","floor":11}],"player_experience":633946,"relics_obtained":[{"floor":6,"key":"Mummified Hand"},{"floor":9,"key":"Question Card"}],"event_choices":[{"damage_healed":0,"gold_gain":75,"player_choice":"Gather Gold","damage_taken":11,"max_hp_gain":0,"max_hp_loss":0,"event_name":"World of Goop","floor":3,"gold_loss":0},{"damage_healed":0,"gold_gain":0,"player_choice":"Paid Gold","damage_taken":0,"relics_obtained":["Matryoshka"],"max_hp_gain":0,"max_hp_loss":0,"event_name":"WeMeetAgain","floor":10,"gold_loss":74}],"is_beta":true,"boss_relics":[],"items_purged_floors":[],"is_endless":false,"potions_floor_spawned":[2,4,11],"killed_by":"Gremlin Nob","ascension_level":20}