{"gold_per_floor":[110,130,130,230,77,97,130,141,141,180,212,241,253,17,17,117,117,134,234,234,92,103,103,103],"floor_reached":24,"playtime":1308,"items_purged":["Strike_B","Strike_B","Strike_B"],"score":258,"play_id":"f10bf329-e115-40ef-966c-5dce8d543362","local_time":"20190307230248","is_ascension_mode":true,"campfire_choices":[{"floor":13,"key":"REST"},{"data":"Loop","floor":15,"key":"SMITH"},{"floor":23,"key":"REST"}],"neow_cost":"NONE","seed_source_timestamp":1578198781039038,"circlet_count":0,"master_deck":["Defend_B","Defend_B","Defend_B","Defend_B","Zap","Dualcast","Electrodynamics","Redo","Ball Lightning","Loop+1","Tempest","Leap","Chill","Leap","Steam","Reboot","Parasite","Conserve Battery","Core Surge+1","Decay"],"relics":["Cracked Core","Centennial Puzzle","MawBank","Shuriken","Omamori","Calling Bell","Boot","Molten Egg 2","Calipers","FossilizedHelix","The Courier"],"potions_floor_usage":[16,16,19,19,22],"damage_taken":[{"damage":0,"enemies":"Cultist","floor":1,"turns":4},{"damage":3,"enemies":"2 Louse","floor":2,"turns":3},{"damage":9,"enemies":"Small Slimes","floor":6,"turns":3},{"damage":30,"enemies":"Gremlin Nob","floor":7,"turns":4},{"damage":0,"enemies":"Gremlin Gang","floor":8,"turns":3},{"damage":5,"enemies":"3 Sentries","floor":10,"turns":4},{"damage":0,"enemies":"3 Louse","floor":11,"turns":3},{"damage":6,"enemies":"Looter","floor":12,"turns":3},{"damage":33,"enemies":"Hexaghost","floor":16,"turns":10},{"damage":8,"enemies":"Spheric Guardian","floor":18,"turns":5},{"damage":27,"enemies":"Colosseum Slavers","floor":19,"turns":3},{"damage":23,"enemies":"Colosseum Nobs","floor":19,"turns":5},{"damage":0,"enemies":"Chosen","floor":22,"turns":7},{"damage":27,"enemies":"Shelled Parasite and Fungi","floor":24,"turns":6}],"seed_played":"1063918561175445265","potions_obtained":[{"floor":1,"key":"Dexterity Potion"},{"floor":10,"key":"Weak Potion"},{"floor":11,"key":"Regen Potion"},{"floor":16,"key":"AttackPotion"}],"is_trial":false,"path_per_floor":["M","M","?","?","$","M","E","M","T","E","M","M","R","$","R","B",null,"M","?","?","$","M","R","M"],"character_chosen":"DEFECT","items_purchased":["Loop","Omamori","SpeedPotion"],"campfire_rested":2,"item_purchase_floors":[5,14,21],"current_hp_per_floor":[75,72,65,65,65,56,26,26,26,21,21,15,37,37,37,19,61,53,3,3,3,3,25,0],"gold":103,"neow_bonus":"ONE_RANDOM_RARE_CARD","is_prod":false,"is_daily":false,"chose_seed":false,"campfire_upgraded":1,"win_rate":0,"timestamp":1552017768,"path_taken":["M","?","?","?","$","M","E","M","T","E","M","?","R","$","R","BOSS","M","?","?","$","M","R","M"],"build_version":"2019-01-23","purchased_purges":3,"victory":false,"max_hp_per_floor":[75,75,75,75,75,75,75,75,75,75,75,75,75,75,75,75,75,75,75,75,75,75,75,75],"card_choices":[{"not_picked":["Aggregate","Conserve Battery"],"picked":"Redo","floor":1},{"not_picked":["Skim","Stack"],"picked":"Ball Lightning","floor":2},{"not_picked":["Heatsinks","Steam"],"picked":"Tempest","floor":6},{"not_picked":["Cold Snap","Hyperbeam"],"picked":"Leap","floor":7},{"not_picked":["Undo","Streamline"],"picked":"Chill","floor":8},{"not_picked":["Turbo","Ball Lightning"],"picked":"Leap","floor":10},{"not_picked":["Force Field","Hologram"],"picked":"Steam","floor":11},{"not_picked":["Beam Cell","Chaos","Skim"],"picked":"SKIP","floor":12},{"not_picked":["Biased Cognition","Rainbow"],"picked":"Reboot","floor":16},{"not_picked":["Scrape+1","Coolheaded"],"picked":"Conserve Battery","floor":18},{"not_picked":["Ball Lightning+1","Blizzard+1"],"picked":"Core Surge+1","floor":19},{"not_picked":["Ball Lightning+1","Static Discharge","Sweeping Beam+1"],"picked":"SKIP","floor":22}],"player_experience":263952,"relics_obtained":[{"floor":7,"key":"Centennial Puzzle"},{"floor":9,"key":"MawBank"},{"floor":10,"key":"Shuriken"},{"floor":17,"key":"Boot"},{"floor":17,"key":"Molten Egg 2"},{"floor":17,"key":"Calipers"},{"floor":19,"key":"FossilizedHelix"},{"floor":19,"key":"The Courier"}],"event_choices":[{"cards_removed":["Strike_B"],"damage_healed":0,"gold_gain":0,"player_choice":"Card Removal","damage_taken":7,"max_hp_gain":0,"max_hp_loss":0,"event_name":"Golden Wing","floor":3,"gold_loss":0},{"damage_healed":0,"gold_gain":100,"player_choice":"Pray","damage_taken":0,"max_hp_gain":0,"max_hp_loss":0,"event_name":"Golden Shrine","floor":4,"gold_loss":0},{"damage_healed":0,"gold_gain":0,"player_choice":"Fight","damage_taken":0,"max_hp_gain":0,"max_hp_loss":0,"event_name":"Colosseum","floor":19,"gold_loss":0},{"damage_healed":0,"gold_gain":0,"player_choice":"Fought Nobs","damage_taken":0,"max_hp_gain":0,"max_hp_loss":0,"event_name":"Colosseum","floor":19,"gold_loss":0},{"damage_healed":0,"gold_gain":0,"player_choice":"Smashed Altar","damage_taken":0,"max_hp_gain":0,"max_hp_loss":0,"event_name":"Forgotten Altar","floor":20,"gold_loss":0,"cards_obtained":["Decay"]}],"is_beta":false,"boss_relics":[{"not_picked":["Empty Cage","Pandora\u0027s Box"],"picked":"Calling Bell"}],"items_purged_floors":[5,14,21],"is_endless":false,"potions_floor_spawned":[1,10,11,16,19],"killed_by":"Shelled Parasite and Fungi","ascension_level":5}