{"gold_per_floor":[118,130,140,140,157,157,192,192,192,192,217,231,231,17,17,113,113,130,140,151,151,151,151,151,151],"floor_reached":25,"playtime":831,"items_purged":["Strike_R"],"score":314,"play_id":"9820a1c7-8ab0-48ab-8f3e-cf3dbc5313f6","local_time":"20190308222843","is_ascension_mode":true,"campfire_choices":[{"data":"Armaments","floor":6.0,"key":"SMITH"},{"data":"Bludgeon","floor":8.0,"key":"SMITH"},{"floor":10.0,"key":"REST"},{"data":"Bludgeon","floor":15,"key":"SMITH"},{"data":"True Grit","floor":24,"key":"SMITH"}],"neow_cost":"NONE","seed_source_timestamp":0,"circlet_count":0,"master_deck":["Strike_R","Strike_R","Strike_R","Strike_R","Defend_R","Defend_R","Defend_R","Defend_R+1","Bash","Bludgeon+1","Armaments+1","True Grit+1","Clothesline","Shockwave","Disarm","Second Wind","Bludgeon+1","Feed","Shrug It Off","Ghostly","Ghostly","Ghostly","Ghostly","Ghostly"],"special_seed":0,"relics":["Burning Blood","Red Skull","Ice Cream","Bottled Flame","Black Star","Pear"],"potions_floor_usage":[19,23,25,25],"damage_taken":[{"damage":3.0,"enemies":"Small Slimes","floor":1.0,"turns":2.0},{"damage":1.0,"enemies":"Cultist","floor":2.0,"turns":3.0},{"damage":12.0,"enemies":"Jaw Worm","floor":3.0,"turns":3.0},{"damage":16.0,"enemies":"Exordium Wildlife","floor":5.0,"turns":6.0},{"damage":26.0,"enemies":"Lagavulin","floor":7.0,"turns":7.0},{"damage":20.0,"enemies":"3 Sentries","floor":11.0,"turns":8.0},{"damage":11,"enemies":"Looter","floor":12,"turns":2},{"damage":15,"enemies":"Slime Boss","floor":16,"turns":7},{"damage":12,"enemies":"Chosen","floor":18,"turns":4},{"damage":16,"enemies":"Shell Parasite","floor":19,"turns":5},{"damage":8,"enemies":"Snecko","floor":20,"turns":5},{"damage":25,"enemies":"Book of Stabbing","floor":23,"turns":8},{"damage":32,"enemies":"Gremlin Leader","floor":25,"turns":7}],"seed_played":"-3821700482802393491","potions_obtained":[{"floor":2.0,"key":"Block Potion"},{"floor":5.0,"key":"SmokeBomb"},{"floor":12,"key":"Swift Potion"},{"floor":16,"key":"Energy Potion"},{"floor":19,"key":"Strength Potion"}],"is_trial":false,"path_per_floor":["M","M","M","?","M","R","E","R","T","R","E","M","?","$","R","B",null,"M","M","M","?","T","E","R","E"],"character_chosen":"IRONCLAD","items_purchased":["Bludgeon"],"campfire_rested":1,"item_purchase_floors":[14],"current_hp_per_floor":[80,80,74,74,64,64,44,44,44,68,54,49,49,49,49,40,70,64,54,52,40,50,31,31,0],"gold":151,"neow_bonus":"ONE_RANDOM_RARE_CARD","is_prod":false,"is_daily":false,"chose_seed":false,"campfire_upgraded":4,"win_rate":0,"timestamp":1552102123,"path_taken":["M","M","M","?","M","R","E","R","T","R","E","M","?","$","R","BOSS","M","M","M","?","?","E","R","E"],"build_version":"2019-01-23","purchased_purges":1,"victory":false,"max_hp_per_floor":[80,80,80,80,80,80,80,80,80,80,80,80,80,80,80,80,80,80,80,80,40,50,50,50,50],"card_choices":[{"not_picked":["True Grit","Shrug It Off"],"picked":"Armaments","floor":1.0},{"not_picked":["Pommel Strike","Burning Pact","Twin Strike"],"picked":"SKIP","floor":2.0},{"not_picked":["Pummel","Warcry"],"picked":"True Grit","floor":3.0},{"not_picked":["Clash","Iron Wave"],"picked":"Clothesline","floor":5.0},{"not_picked":["Fire Breathing","Perfected Strike"],"picked":"Shockwave","floor":7.0},{"not_picked":["Barricade","Body Slam"],"picked":"Disarm","floor":11},{"not_picked":["Cleave","Corruption"],"picked":"Second Wind","floor":12},{"not_picked":["Juggernaut","Dark Embrace"],"picked":"Feed","floor":16},{"not_picked":["Battle Trance+1","Wild Strike","Reckless Charge+1"],"picked":"SKIP","floor":18},{"not_picked":["Shockwave","Clothesline"],"picked":"Shrug It Off","floor":19},{"not_picked":["Carnage","Cleave+1","Rupture"],"picked":"SKIP","floor":20}],"player_experience":276133,"relics_obtained":[{"floor":7.0,"key":"Ice Cream"},{"floor":11,"key":"Bottled Flame"},{"floor":22,"key":"Pear"}],"event_choices":[{"damage_healed":0.0,"max_hp_gain":0.0,"max_hp_loss":0.0,"gold_gain":0.0,"event_name":"WeMeetAgain","player_choice":"Gave Potion","floor":4.0,"gold_loss":0.0,"damage_taken":0.0,"relics_obtained":["Red Skull"]},{"damage_healed":0,"gold_gain":0,"player_choice":"Grow","damage_taken":0,"max_hp_gain":0,"max_hp_loss":0,"event_name":"Living Wall","floor":13,"gold_loss":0,"cards_upgraded":["Defend_R"]},{"damage_healed":0,"gold_gain":0,"player_choice":"Became a Ghost","damage_taken":0,"max_hp_gain":0,"max_hp_loss":40,"event_name":"Ghosts","floor":21,"gold_loss":0,"cards_obtained":["Ghostly","Ghostly","Ghostly","Ghostly","Ghostly"]}],"is_beta":false,"boss_relics":[{"not_picked":["Runic Cube","White Beast Statue"],"picked":"Black Star"}],"items_purged_floors":[14],"is_endless":false,"potions_floor_spawned":[2,5,12,16,19],"killed_by":"Gremlin Leader","ascension_level":5}