{"gold_per_floor":[110,23,23,23,23,23,50,50,76,90,107,134,145,164,164,259,259,279,298,14,31,48,75,75,75,100,100,100,125,125,125,125,125],"floor_reached":33,"playtime":1515,"items_purged":["Strike_G"],"score":381,"play_id":"8b88f1b8-1db2-4e41-aad2-2440ea9cbae7","local_time":"20190315023332","is_ascension_mode":true,"campfire_choices":[{"data":"Footwork","floor":6,"key":"SMITH"},{"floor":8,"key":"REST"},{"floor":15,"key":"REST"},{"floor":25,"key":"REST"},{"floor":27,"key":"REST"},{"data":"Footwork","floor":32,"key":"SMITH"}],"neow_cost":"NONE","seed_source_timestamp":466036476246756,"circlet_count":0,"master_deck":["Defend_G","Defend_G","Defend_G","Defend_G","Defend_G","Strike_G","Strike_G","Survivor","Neutralize","Footwork+1","Cloak And Dagger","Infinite Blades","Bullet Time","Catalyst","Backstab","Deadly Poison","A Thousand Cuts","Blade Dance+1","Catalyst","Accuracy","Footwork+1","Burst"],"relics":["Ancient Tea Set","PreservedInsect","Dead Branch","Sozu","DollysMirror","Juzu Bracelet","Bag of Preparation","Snake Skull","Nloth\u0027s Gift"],"potions_floor_usage":[23],"damage_taken":[{"damage":0,"enemies":"Small Slimes","floor":1,"turns":3},{"damage":59,"enemies":"Lagavulin","floor":7,"turns":17},{"damage":0,"enemies":"2 Louse","floor":10,"turns":3},{"damage":0,"enemies":"Jaw Worm","floor":11,"turns":5},{"damage":21,"enemies":"3 Sentries","floor":12,"turns":9},{"damage":1,"enemies":"Exordium Thugs","floor":13,"turns":5},{"damage":0,"enemies":"3 Louse","floor":14,"turns":3},{"damage":11,"enemies":"The Guardian","floor":16,"turns":11},{"damage":4,"enemies":"3 Byrds","floor":18,"turns":5},{"damage":4,"enemies":"Chosen","floor":19,"turns":4},{"damage":24,"enemies":"Sentry and Sphere","floor":21,"turns":6},{"damage":4,"enemies":"3 Cultists","floor":22,"turns":4},{"damage":16,"enemies":"Gremlin Leader","floor":23,"turns":5},{"damage":14,"enemies":"Slavers","floor":29,"turns":3},{"damage":44,"enemies":"Automaton","floor":33,"turns":6}],"seed_played":"-5657395231818570382","potions_obtained":[{"floor":7,"key":"PowerPotion"},{"floor":13,"key":"Poison Potion"},{"floor":14,"key":"Poison Potion"},{"floor":16,"key":"SpeedPotion"}],"is_trial":false,"path_per_floor":["M","$","?","?","$","R","E","R","T","M","M","E","M","M","R","B",null,"M","M","$","M","M","E","?","R","T","R","?","E","?","?","R","B"],"character_chosen":"THE_SILENT","items_purchased":["Footwork","Cloak And Dagger","DollysMirror"],"campfire_rested":4,"item_purchase_floors":[2,2,20],"current_hp_per_floor":[70,70,70,63,63,63,4,27,27,27,27,6,5,5,28,17,62,58,54,54,30,26,10,10,33,33,56,56,42,42,42,42,0],"gold":125,"neow_bonus":"TEN_PERCENT_HP_BONUS","is_prod":false,"is_daily":false,"chose_seed":false,"campfire_upgraded":2,"win_rate":0,"timestamp":1552631612,"path_taken":["M","$","?","?","?","R","E","R","T","M","M","E","M","M","R","BOSS","M","M","$","M","M","E","?","R","T","R","?","E","?","?","R","BOSS"],"build_version":"2019-01-23","purchased_purges":1,"victory":false,"max_hp_per_floor":[77,77,77,77,77,77,77,77,77,77,77,77,77,77,77,77,77,77,77,77,77,77,77,77,77,77,77,77,77,77,77,77,77],"card_choices":[{"not_picked":["Outmaneuver","Setup","Slice"],"picked":"SKIP","floor":1},{"not_picked":["Blade Dance","Expertise","Acrobatics"],"picked":"SKIP","floor":7},{"not_picked":["Deflect","Quick Slash"],"picked":"Infinite Blades","floor":10},{"not_picked":["Backflip","Escape Plan"],"picked":"Bullet Time","floor":11},{"not_picked":["Escape Plan","Leg Sweep"],"picked":"Catalyst","floor":12},{"not_picked":["Underhanded Strike","Endless Agony"],"picked":"Backstab","floor":13},{"not_picked":["Deflect","Blade Dance"],"picked":"Deadly Poison","floor":14},{"not_picked":["Night Terror","Unload"],"picked":"A Thousand Cuts","floor":16},{"not_picked":["Dagger Throw","Finisher+1"],"picked":"Blade Dance+1","floor":18},{"not_picked":["Outmaneuver","Deadly Poison","Acrobatics"],"picked":"SKIP","floor":19},{"not_picked":["Prepared","Backflip"],"picked":"Accuracy","floor":21},{"not_picked":["Underhanded Strike","Crippling Poison"],"picked":"Footwork","floor":22},{"not_picked":["Deflect","Backflip"],"picked":"Burst","floor":23},{"not_picked":["Concentrate","Predator+1","Underhanded Strike+1"],"picked":"SKIP","floor":29}],"player_experience":296824,"relics_obtained":[{"floor":7,"key":"Ancient Tea Set"},{"floor":9,"key":"PreservedInsect"},{"floor":12,"key":"Dead Branch"},{"floor":23,"key":"Juzu Bracelet"},{"floor":26,"key":"Bag of Preparation"},{"floor":29,"key":"Snake Skull"}],"event_choices":[{"damage_healed":0,"gold_gain":0,"player_choice":"Ignored","damage_taken":0,"max_hp_gain":0,"max_hp_loss":0,"event_name":"Liars Game","floor":3,"gold_loss":0},{"cards_removed":["Strike_G"],"damage_healed":0,"gold_gain":0,"player_choice":"Card Removal","damage_taken":7,"max_hp_gain":0,"max_hp_loss":0,"event_name":"Golden Wing","floor":4,"gold_loss":0},{"damage_healed":0,"gold_gain":0,"player_choice":"Ignored","damage_taken":0,"max_hp_gain":0,"max_hp_loss":0,"event_name":"Cursed Tome","floor":24,"gold_loss":0},{"cards_removed":["Strike_G"],"damage_healed":0,"gold_gain":0,"player_choice":"Offered Basic","damage_taken":0,"max_hp_gain":0,"max_hp_loss":0,"event_name":"Bonfire Elementals","floor":28,"gold_loss":0},{"damage_healed":0,"gold_gain":0,"player_choice":"Ignored","damage_taken":0,"max_hp_gain":0,"max_hp_loss":0,"event_name":"The Mausoleum","floor":30,"gold_loss":0},{"damage_healed":0,"gold_gain":0,"player_choice":"Traded Relic","damage_taken":0,"relics_obtained":["Nloth\u0027s Gift"],"max_hp_gain":0,"max_hp_loss":0,"event_name":"N\u0027loth","floor":31,"relics_lost":["Ring of the Snake"],"gold_loss":0}],"is_beta":false,"boss_relics":[{"not_picked":["Busted Crown","Astrolabe"],"picked":"Sozu"}],"items_purged_floors":[20],"is_endless":false,"potions_floor_spawned":[7,13,14,16,18,22,29],"killed_by":"Automaton","ascension_level":6}