{"gold_per_floor":[113,113,263,276,18,18,34,34,34,34,52,68,103,103,103,103],"floor_reached":16,"playtime":931,"items_purged":[],"score":200,"play_id":"f2f3fa92-b11e-4991-9171-0f06876c5b00","local_time":"20190113155109","is_ascension_mode":true,"campfire_choices":[{"data":"Panache","floor":6,"key":"SMITH"},{"floor":8,"key":"REST"},{"data":"Neutralize","floor":15,"key":"SMITH"}],"neow_cost":"CURSE","seed_source_timestamp":355071964686905,"circlet_count":0,"master_deck":["AscendersBane","Defend_G","Defend_G","Defend_G","Defend_G","Defend_G","Strike_G","Strike_G","Strike_G","Strike_G","Strike_G","Survivor","Neutralize+1","Blade Dance","Doubt","Dodge and Roll","Panache+1","Blade Dance","Well Laid Plans","Blur","Acrobatics"],"relics":["Ring of the Snake","Mercury Hourglass","Dodecahedron","Boot"],"potions_floor_usage":[13,16],"damage_taken":[{"damage":11,"enemies":"Jaw Worm","floor":1,"turns":5},{"damage":0,"enemies":"Small Slimes","floor":4,"turns":3},{"damage":1,"enemies":"Cultist","floor":7,"turns":3},{"damage":3,"enemies":"Blue Slaver","floor":11,"turns":2},{"damage":12,"enemies":"Exordium Thugs","floor":12,"turns":5},{"damage":36,"enemies":"Gremlin Nob","floor":13,"turns":4},{"damage":22,"enemies":"Hexaghost","floor":16,"turns":9}],"seed_played":"-157076947550069805","potions_obtained":[{"floor":4,"key":"Fire Potion"},{"floor":7,"key":"SpeedPotion"},{"floor":14,"key":"FairyPotion"}],"is_trial":false,"path_per_floor":["M","?","?","M","$","R","M","R","T","?","M","M","E","?","R","B"],"character_chosen":"THE_SILENT","items_purchased":["Panache","Blade Dance"],"campfire_rested":1,"item_purchase_floors":[5,5],"current_hp_per_floor":[60,34,34,34,34,34,33,56,56,56,53,41,5,5,5,0],"gold":103,"neow_bonus":"TWENTY_PERCENT_HP_BONUS","is_prod":false,"is_daily":false,"chose_seed":false,"campfire_upgraded":2,"win_rate":0,"timestamp":1547387469,"path_taken":["M","?","?","M","$","R","M","R","T","?","?","M","E","?","R","BOSS"],"build_version":"2019-01-10","purchased_purges":0,"victory":false,"max_hp_per_floor":[78,78,78,78,78,78,78,78,78,78,78,78,78,78,78,78],"card_choices":[{"not_picked":["Accuracy","Bane"],"picked":"Blade Dance","floor":1},{"not_picked":["Acrobatics","Underhanded Strike"],"picked":"Dodge and Roll","floor":4},{"not_picked":["Sucker Punch","Slice"],"picked":"Well Laid Plans","floor":7},{"not_picked":["Dagger Spray","Catalyst","Skewer"],"picked":"SKIP","floor":11},{"not_picked":["Setup","Deadly Poison"],"picked":"Blur","floor":12},{"not_picked":["Endless Agony","Riddle With Holes"],"picked":"Acrobatics","floor":13}],"player_experience":669226,"relics_obtained":[{"floor":9,"key":"Dodecahedron"},{"floor":13,"key":"Boot"}],"event_choices":[{"damage_healed":0,"gold_gain":0,"player_choice":"Success","damage_taken":26,"relics_obtained":["Mercury Hourglass"],"max_hp_gain":0,"max_hp_loss":0,"event_name":"Scrap Ooze","floor":2,"gold_loss":0},{"damage_healed":0,"gold_gain":150,"player_choice":"AGREE","damage_taken":0,"max_hp_gain":0,"max_hp_loss":0,"event_name":"Liars Game","floor":3,"gold_loss":0,"cards_obtained":["Doubt"]},{"cards_removed":["Normality"],"damage_healed":0,"gold_gain":0,"player_choice":"Purged","damage_taken":0,"max_hp_gain":0,"max_hp_loss":0,"event_name":"Purifier","floor":10,"gold_loss":0},{"damage_healed":0,"gold_gain":0,"player_choice":"Got Potions","damage_taken":0,"max_hp_gain":0,"max_hp_loss":0,"event_name":"Lab","floor":14,"gold_loss":0}],"is_beta":true,"boss_relics":[],"items_purged_floors":[],"is_endless":false,"potions_floor_spawned":[4,7],"killed_by":"Hexaghost","ascension_level":20}