{"gold_per_floor":[111,126,126,126,126,158,158,190,214,226,226,260,270,285,285,386,386,399,414,414],"floor_reached":20,"playtime":646,"items_purged":[],"score":243,"play_id":"3004ca9c-33ac-4385-9f90-fbc704e468c4","local_time":"20190306233933","is_ascension_mode":true,"campfire_choices":[{"data":"Darkness","floor":7,"key":"SMITH"},{"floor":11,"key":"REST"},{"floor":15,"key":"REST"}],"neow_cost":"NONE","seed_source_timestamp":1494667425080025,"circlet_count":0,"master_deck":["Strike_B","Strike_B","Strike_B","Strike_B","Defend_B","Defend_B","Defend_B","Defend_B","Zap","Dualcast+1","Conserve Battery","Darkness+1","Storm+1","Streamline","BootSequence","Leap","Coolheaded","Buffer+1","Doom and Gloom","Static Discharge+1"],"relics":["Cracked Core","Frozen Egg 2","Lantern","Smiling Mask","Potion Belt","Eternal Feather"],"potions_floor_usage":[16,20],"damage_taken":[{"damage":0,"enemies":"Small Slimes","floor":1,"turns":3},{"damage":2,"enemies":"Jaw Worm","floor":2,"turns":3},{"damage":18,"enemies":"Lagavulin","floor":6,"turns":5},{"damage":41,"enemies":"3 Sentries","floor":8,"turns":7},{"damage":0,"enemies":"2 Louse","floor":10,"turns":2},{"damage":31,"enemies":"Gremlin Nob","floor":12,"turns":4},{"damage":0,"enemies":"Looter","floor":13,"turns":3},{"damage":0,"enemies":"Blue Slaver","floor":14,"turns":4},{"damage":13,"enemies":"Slime Boss","floor":16,"turns":7},{"damage":34,"enemies":"3 Byrds","floor":18,"turns":7},{"damage":19,"enemies":"2 Thieves","floor":19,"turns":4},{"damage":13,"enemies":"Snake Plant","floor":20,"turns":4}],"seed_played":"7966333437139959883","potions_obtained":[{"floor":2,"key":"Ancient Potion"},{"floor":10,"key":"PowerPotion"},{"floor":13,"key":"GamblersBrew"},{"floor":14,"key":"Ancient Potion"}],"is_trial":false,"path_per_floor":["M","M","?","T","?","E","R","E","T","M","R","E","M","M","R","B",null,"M","M","M"],"character_chosen":"DEFECT","items_purchased":[],"campfire_rested":2,"item_purchase_floors":[],"current_hp_per_floor":[75,73,73,73,78,60,60,19,19,19,43,12,12,12,36,23,66,32,13,0],"gold":414,"neow_bonus":"UPGRADE_CARD","is_prod":false,"is_daily":false,"chose_seed":false,"campfire_upgraded":1,"win_rate":0,"timestamp":1551933573,"path_taken":["M","M","?","?","?","E","R","E","T","M","R","E","M","M","R","BOSS","M","M","M"],"build_version":"2019-01-23","purchased_purges":0,"victory":false,"max_hp_per_floor":[75,75,75,75,80,80,80,80,80,80,80,80,80,80,80,80,80,80,80,80],"card_choices":[{"not_picked":["Barrage","Ball Lightning"],"picked":"Conserve Battery","floor":1},{"not_picked":["Go for the Eyes","All For One"],"picked":"Darkness","floor":2},{"not_picked":["Gash","Rebound"],"picked":"Storm","floor":6},{"not_picked":["Ball Lightning","Turbo"],"picked":"Streamline","floor":8},{"not_picked":["Coolheaded","Leap"],"picked":"BootSequence","floor":10},{"not_picked":["Melter","Beam Cell","Hyperbeam"],"picked":"SKIP","floor":12},{"not_picked":["Steam","Scrape"],"picked":"Leap","floor":13},{"not_picked":["Compile Driver","Sweeping Beam"],"picked":"Coolheaded","floor":14},{"not_picked":["Fission","All For One"],"picked":"Buffer+1","floor":16},{"not_picked":["Reprogram","Rebound"],"picked":"Doom and Gloom","floor":18},{"not_picked":["Redo","Consume"],"picked":"Static Discharge+1","floor":19}],"player_experience":256632,"relics_obtained":[{"floor":6,"key":"Frozen Egg 2"},{"floor":8,"key":"Lantern"},{"floor":9,"key":"Smiling Mask"},{"floor":12,"key":"Potion Belt"}],"event_choices":[{"damage_healed":0,"gold_gain":0,"player_choice":"Ignored","damage_taken":0,"max_hp_gain":0,"max_hp_loss":0,"event_name":"Liars Game","floor":3,"gold_loss":0},{"damage_healed":0,"gold_gain":0,"player_choice":"Donut","damage_taken":0,"max_hp_gain":5,"max_hp_loss":0,"event_name":"Big Fish","floor":5,"gold_loss":0}],"is_beta":false,"boss_relics":[{"not_picked":["Busted Crown","Snecko Eye"],"picked":"Eternal Feather"}],"items_purged_floors":[],"is_endless":false,"potions_floor_spawned":[2,10,13,14],"killed_by":"Snake Plant","ascension_level":5}