{"gold_per_floor":[115,128,128,144,164,164,66,141,141,141,160,171,171,181,181,276,276,286,162,176,123,173,173,187,187,212,127,127,152,178,190,190,288,288,304,404,423,423,435,435,310,310],"floor_reached":42,"playtime":3466,"items_purged":["Dualcast","Glacier","Rebound"],"score":508,"play_id":"d115f49f-fade-445d-a488-a48fb9be00fd","local_time":"20190203151403","is_ascension_mode":false,"campfire_choices":[{"data":"Coolheaded","floor":6.0,"key":"SMITH"},{"data":"Coolheaded","floor":15.0,"key":"SMITH"},{"data":"Creative AI","floor":23.0,"key":"SMITH"},{"data":"Defragment","floor":28.0,"key":"SMITH"},{"floor":32.0,"key":"REST"}],"neow_cost":"NONE","seed_source_timestamp":0,"circlet_count":0,"master_deck":["Zap","Hello World+1","Sweeping Beam+1","Melter","Go for the Eyes","BootSequence","Coolheaded+1","Beam Cell","BootSequence","Coolheaded+1","Go for the Eyes","Creative AI+1","Go for the Eyes","Beam Cell+1","Gash","Turbo","Defragment+1","Leap+1","Seek","Go for the Eyes+1","Beam Cell","Gash","Beam Cell","FTL"],"special_seed":0,"relics":["Pandora\u0027s Box","Prayer Wheel","Black Star","Ancient Tea Set","Darkstone Periapt","Boot","Centennial Puzzle","Question Card","Fusion Hammer","Unceasing Top"],"potions_floor_usage":[],"damage_taken":[{"damage":1.0,"enemies":"Cultist","floor":1.0,"turns":4.0},{"damage":0.0,"enemies":"2 Louse","floor":2.0,"turns":2.0},{"damage":0.0,"enemies":"Jaw Worm","floor":4.0,"turns":4.0},{"damage":14.0,"enemies":"Gremlin Gang","floor":5.0,"turns":3.0},{"damage":7.0,"enemies":"Blue Slaver","floor":11.0,"turns":3.0},{"damage":0.0,"enemies":"3 Louse","floor":12.0,"turns":2.0},{"damage":0.0,"enemies":"Looter","floor":14.0,"turns":3.0},{"damage":0.0,"enemies":"Hexaghost","floor":16.0,"turns":9.0},{"damage":11.0,"enemies":"Shell Parasite","floor":18.0,"turns":4.0},{"damage":8.0,"enemies":"2 Thieves","floor":20.0,"turns":4.0},{"damage":10.0,"enemies":"Centurion and Healer","floor":24.0,"turns":5.0},{"damage":39.0,"enemies":"Book of Stabbing","floor":30.0,"turns":5.0},{"damage":1.0,"enemies":"Snake Plant","floor":31.0,"turns":4.0},{"damage":5.0,"enemies":"Champ","floor":33.0,"turns":13.0},{"damage":20,"enemies":"3 Darklings","floor":35,"turns":4},{"damage":31,"enemies":"Mind Bloom Boss Battle","floor":36,"turns":7},{"damage":5,"enemies":"3 Shapes","floor":37,"turns":6},{"damage":17,"enemies":"Sphere and 2 Shapes","floor":39,"turns":4},{"damage":14,"enemies":"Spire Growth","floor":42,"turns":2}],"seed_played":"-5662412728131226078","potions_obtained":[{"floor":3.0,"key":"Weak Potion"},{"floor":3.0,"key":"Weak Potion"},{"floor":3.0,"key":"EssenceOfSteel"},{"floor":11.0,"key":"Strength Potion"},{"floor":18.0,"key":"FairyPotion"},{"floor":35,"key":"SpeedPotion"}],"is_trial":false,"path_per_floor":["M","M","?","M","M","R","$","?","T","?","M","M","?","M","R","B",null,"M","$","M","$","?","R","M","?","T","?","R","T","E","M","R","B",null,"M","?","M","?","M","?","$","M"],"character_chosen":"DEFECT","items_purchased":["Coolheaded","Go for the Eyes","Gash"],"campfire_rested":1,"item_purchase_floors":[7,19,21],"current_hp_per_floor":[74,74,74,74,60,60,60,49,49,34,27,27,24,24,24,24,75,64,64,56,56,56,56,46,46,46,46,46,46,7,6,28,23,75,55,24,19,19,2,2,2,0],"gold":310,"neow_bonus":"BOSS_RELIC","is_prod":false,"is_daily":false,"chose_seed":false,"campfire_upgraded":4,"win_rate":0,"timestamp":1549224843,"path_taken":["M","M","?","M","?","R","$","?","T","?","M","M","?","M","R","BOSS","M","$","M","$","?","R","?","?","T","?","R","?","E","M","R","BOSS","M","?","M","?","M","?","$","?"],"build_version":"2019-01-23","purchased_purges":3,"victory":false,"max_hp_per_floor":[75,75,75,75,75,75,75,75,75,75,75,75,75,75,75,75,75,75,75,75,75,75,75,75,75,75,75,75,75,75,75,75,75,75,75,75,75,75,75,75,75,75],"card_choices":[{"not_picked":["Hologram","Rebound"],"picked":"Coolheaded","floor":1.0},{"not_picked":["Storm","Rebound","Doom and Gloom"],"picked":"SKIP","floor":2.0},{"not_picked":["Compile Driver","Leap"],"picked":"Beam Cell","floor":4.0},{"not_picked":["Genetic Algorithm","Biased Cognition"],"picked":"BootSequence","floor":5.0},{"not_picked":["Steam","Cold Snap","Rebound"],"picked":"SKIP","floor":11.0},{"not_picked":["Consume","Rip and Tear"],"picked":"Go for the Eyes","floor":12.0},{"not_picked":["Redo","Consume","Conserve Battery"],"picked":"SKIP","floor":14.0},{"not_picked":["Streamline","Sweeping Beam","Coolheaded"],"picked":"SKIP","floor":14.0},{"not_picked":["Multi-Cast","Biased Cognition"],"picked":"Creative AI","floor":16.0},{"not_picked":["Force Field","Redo+1","Ball Lightning+1"],"picked":"SKIP","floor":18.0},{"not_picked":["Conserve Battery","Sweeping Beam+1","Streamline+1"],"picked":"SKIP","floor":18.0},{"not_picked":["Steam","Auto Shields"],"picked":"Beam Cell+1","floor":20.0},{"not_picked":["Sweeping Beam","Aggregate","Recycle"],"picked":"SKIP","floor":20.0},{"not_picked":["Hologram","Hello World"],"picked":"Turbo","floor":24.0},{"not_picked":["Doom and Gloom","Ball Lightning+1"],"picked":"Defragment","floor":24.0},{"not_picked":["Consume","Redo"],"picked":"Leap+1","floor":30.0},{"not_picked":["Turbo","Stack","Blizzard"],"picked":"FTL","floor":31.0},{"not_picked":["Melter+1","Coolheaded","Hologram","Heatsinks+1"],"picked":"SKIP","floor":31.0},{"not_picked":["Multi-Cast","Hyperbeam","Electrodynamics"],"picked":"Seek","floor":33.0},{"not_picked":["Lockon","Tempest","Stack"],"picked":"Go for the Eyes+1","floor":35},{"not_picked":["Redo","Melter","Compile Driver"],"picked":"Beam Cell","floor":35},{"not_picked":["Conserve Battery+1","Redo","Heatsinks+1"],"picked":"Gash","floor":37},{"not_picked":["Leap","Double Energy+1","Sunder"],"picked":"Beam Cell","floor":37},{"not_picked":["Compile Driver+1","Loop+1","Ball Lightning"],"picked":"FTL","floor":39},{"not_picked":["Hologram","Static Discharge+1","Compile Driver","Meteor Strike"],"picked":"SKIP","floor":39}],"player_experience":145892,"relics_obtained":[{"floor":26.0,"key":"Ancient Tea Set"},{"floor":29.0,"key":"Boot"},{"floor":30.0,"key":"Centennial Puzzle"},{"floor":30.0,"key":"Question Card"},{"floor":36,"key":"Unceasing Top"}],"event_choices":[{"damage_healed":0.0,"max_hp_gain":0.0,"max_hp_loss":0.0,"gold_gain":0.0,"event_name":"Lab","player_choice":"Got Potions","floor":3.0,"gold_loss":0.0,"damage_taken":0.0},{"damage_healed":0.0,"max_hp_gain":0.0,"max_hp_loss":0.0,"gold_gain":75.0,"event_name":"World of Goop","player_choice":"Gather Gold","floor":8.0,"gold_loss":0.0,"damage_taken":11.0},{"damage_healed":0.0,"max_hp_gain":0.0,"max_hp_loss":0.0,"gold_gain":0.0,"event_name":"Shining Light","player_choice":"Entered Light","floor":10.0,"gold_loss":0.0,"damage_taken":15.0,"cards_upgraded":["Hello World","Sweeping Beam"]},{"damage_healed":0.0,"max_hp_gain":0.0,"max_hp_loss":0.0,"gold_gain":0.0,"event_name":"Scrap Ooze","player_choice":"Success","floor":13.0,"gold_loss":0.0,"damage_taken":3.0,"relics_obtained":["Prayer Wheel"]},{"damage_healed":0.0,"max_hp_gain":0.0,"max_hp_loss":0.0,"gold_gain":100.0,"event_name":"The Joust","player_choice":"Bet on Murderer","floor":22.0,"gold_loss":50.0,"damage_taken":0.0},{"cards_removed":["Tempest"],"damage_healed":0.0,"max_hp_gain":0.0,"max_hp_loss":0.0,"gold_gain":0.0,"event_name":"Back to Basics","player_choice":"Elegance","floor":25.0,"gold_loss":0.0,"damage_taken":0.0},{"damage_healed":0.0,"max_hp_gain":0.0,"max_hp_loss":0.0,"gold_gain":0.0,"event_name":"Addict","player_choice":"Obtained Relic","floor":27.0,"gold_loss":85.0,"damage_taken":0.0,"relics_obtained":["Darkstone Periapt"]},{"damage_healed":0,"gold_gain":0,"player_choice":"Fight","damage_taken":0,"max_hp_gain":0,"max_hp_loss":0,"event_name":"MindBloom","floor":36,"gold_loss":0},{"damage_healed":0,"gold_gain":0,"player_choice":"Ignored","damage_taken":0,"max_hp_gain":0,"max_hp_loss":0,"event_name":"Tomb of Lord Red Mask","floor":38,"gold_loss":0},{"cards_removed":["FTL"],"damage_healed":0,"gold_gain":0,"player_choice":"Removed Attack","damage_taken":0,"max_hp_gain":0,"max_hp_loss":0,"event_name":"Falling","floor":40,"gold_loss":0}],"is_beta":false,"boss_relics":[{"not_picked":["Lizard Tail","Runic Pyramid"],"picked":"Black Star"},{"not_picked":["Coffee Dripper","Inserter"],"picked":"Fusion Hammer"}],"items_purged_floors":[7,19,41],"is_endless":false,"potions_floor_spawned":[11,12,18,35],"killed_by":"Spire Growth","ascension_level":0}