{"gold_per_floor":[110,127,143,218,5,40,40,69,69,81,114,129,129,155,155,253,253,271,287,287,287,137,137,154,180,204,237,237,263,2,13,13,112,112,131,141,161,236,32,63,63,88,88,100,147,179,0,26,38,50],"floor_reached":51,"playtime":5855,"items_purged":["Shame"],"score":1093,"play_id":"5aa198a9-edb4-4cdc-9d52-5bb660a06c1a","local_time":"20190106122841","is_ascension_mode":true,"campfire_choices":[{"floor":7.0,"key":"REST"},{"floor":15,"key":"REST"},{"data":"A Thousand Cuts","floor":23,"key":"SMITH"},{"floor":28,"key":"REST"},{"data":"A Thousand Cuts","floor":32,"key":"SMITH"},{"floor":41,"key":"REST"},{"floor":44,"key":"REST"},{"floor":49,"key":"REST"}],"neow_cost":"NONE","seed_source_timestamp":0,"circlet_count":0,"master_deck":["Defend_G","Defend_G","Defend_G","Defend_G","Defend_G","Strike_G","Strike_G","Strike_G","Strike_G","Strike_G","Survivor","Neutralize","Crippling Poison","Backstab","Flying Knee","Footwork","Predator","Acrobatics","A Thousand Cuts+1","Backflip","Concentrate","Cloak And Dagger","Reflex","Calculated Gamble","Glass Knife+1","Footwork+1","Finisher+1","A Thousand Cuts+1","Backflip","Backstab","Envenom","Footwork+1","Backflip+1","Night Terror","Reflex+1","Reflex+1","All Out Attack+1","Expertise+1","Footwork+1","Reflex+1","Infinite Blades+1","Parasite","Noxious Fumes+1","Noxious Fumes+1","Escape Plan+1"],"special_seed":0,"relics":["Ring of the Serpent","Bag of Preparation","Dream Catcher","Regal Pillow","Ice Cream","Dodecahedron","Nunchaku","Boot","Bronze Scales","PreservedInsect","Smiling Mask","Lantern","Sundial","Happy Flower","Frozen Egg 2","Fusion Hammer","HandDrill","Juzu Bracelet","Snake Skull","MawBank","Strawberry","Red Mask"],"potions_floor_usage":[19,35,37,37,37,40,50],"damage_taken":[{"damage":0.0,"enemies":"Jaw Worm","floor":1.0,"turns":5.0},{"damage":1.0,"enemies":"Small Slimes","floor":2.0,"turns":3.0},{"damage":0.0,"enemies":"Cultist","floor":3.0,"turns":4.0},{"damage":42.0,"enemies":"Lagavulin","floor":6.0,"turns":7.0},{"damage":12.0,"enemies":"Gremlin Nob","floor":8.0,"turns":4.0},{"damage":6.0,"enemies":"2 Fungi Beasts","floor":10.0,"turns":3.0},{"damage":9.0,"enemies":"Lagavulin","floor":11.0,"turns":9.0},{"damage":0.0,"enemies":"Gremlin Gang","floor":12.0,"turns":2.0},{"damage":8.0,"enemies":"Gremlin Nob","floor":14.0,"turns":4.0},{"damage":14,"enemies":"Slime Boss","floor":16,"turns":9},{"damage":10,"enemies":"Shell Parasite","floor":18,"turns":3},{"damage":0,"enemies":"Spheric Guardian","floor":19,"turns":4},{"damage":20,"enemies":"3 Cultists","floor":24,"turns":5},{"damage":0,"enemies":"Gremlin Leader","floor":25,"turns":4},{"damage":5,"enemies":"Book of Stabbing","floor":27,"turns":3},{"damage":0,"enemies":"Gremlin Leader","floor":29,"turns":3},{"damage":9,"enemies":"Chosen and Byrds","floor":31,"turns":4},{"damage":41,"enemies":"Automaton","floor":33,"turns":9},{"damage":2,"enemies":"Orb Walker","floor":35,"turns":2},{"damage":11,"enemies":"3 Shapes","floor":36,"turns":4},{"damage":0,"enemies":"Jaw Worm Horde","floor":37,"turns":4},{"damage":18,"enemies":"Reptomancer","floor":40,"turns":2},{"damage":25,"enemies":"Nemesis","floor":42,"turns":6},{"damage":0,"enemies":"Giant Head","floor":45,"turns":5},{"damage":0,"enemies":"Writhing Mass","floor":46,"turns":3},{"damage":0,"enemies":"Sphere and 2 Shapes","floor":48,"turns":4},{"damage":33,"enemies":"Time Eater","floor":50,"turns":10}],"seed_played":"-3383460009673687196","potions_obtained":[{"floor":1.0,"key":"LiquidBronze"},{"floor":2.0,"key":"Weak Potion"},{"floor":12.0,"key":"Weak Potion"},{"floor":18,"key":"Block Potion"},{"floor":27,"key":"Poison Potion"},{"floor":31,"key":"Fire Potion"},{"floor":33,"key":"PowerPotion"},{"floor":36,"key":"Fire Potion"},{"floor":37,"key":"SkillPotion"},{"floor":42,"key":"GhostInAJar"}],"is_trial":false,"path_per_floor":["M","M","M","?","$","E","R","E","T","M","E","M","?","E","R","B",null,"M","M","?","?","$","R","M","E","T","E","R","E","$","M","R","B",null,"M","M","M","?","$","E","R","E","T","R","E","M","?","M","R","B",null],"character_chosen":"THE_SILENT","items_purchased":["Footwork","Dream Catcher","A Thousand Cuts","Frozen Egg 2","HandDrill"],"campfire_rested":6,"item_purchase_floors":[5,5,22,30,39],"current_hp_per_floor":[70,69,69,58,58,16,52,40,40,34,25,25,25,17,53,39,70,60,60,60,60,60,60,40,40,40,35,70,70,70,61,61,20,70,68,57,57,50,50,32,68,43,43,70,77,77,77,77,77,44],"gold":62,"neow_bonus":"RANDOM_COMMON_RELIC","is_prod":false,"is_daily":false,"chose_seed":false,"campfire_upgraded":2,"win_rate":0,"timestamp":1546806521,"path_taken":["M","M","M","?","$","E","R","E","T","M","E","M","?","E","R","BOSS","M","M","?","?","$","R","M","E","T","E","R","E","$","?","R","BOSS","M","M","?","?","$","E","R","E","T","R","E","M","?","M","R","BOSS"],"build_version":"2019-01-03v4","purchased_purges":1,"victory":true,"max_hp_per_floor":[70,70,70,70,70,70,70,70,70,70,70,70,70,70,70,70,70,70,70,70,70,70,70,70,70,70,70,70,70,70,70,70,70,70,70,70,70,70,70,70,70,70,70,70,77,77,77,77,77,77],"card_choices":[{"not_picked":["Blur","Bane"],"picked":"Crippling Poison","floor":1.0},{"not_picked":["Accuracy","Leg Sweep"],"picked":"Backstab","floor":2.0},{"not_picked":["Blade Dance","Prepared"],"picked":"Flying Knee","floor":3.0},{"not_picked":["Tactician","Acrobatics"],"picked":"Predator","floor":6.0},{"not_picked":["Outmaneuver","Tactician"],"picked":"Acrobatics","floor":7.0},{"not_picked":["Terror","Deadly Poison"],"picked":"A Thousand Cuts","floor":8.0},{"not_picked":["Acrobatics","Riddle With Holes"],"picked":"Backflip","floor":10.0},{"not_picked":["Flying Knee","Bane"],"picked":"Concentrate","floor":11.0},{"not_picked":["Dodge and Roll","Outmaneuver"],"picked":"Cloak And Dagger","floor":12.0},{"not_picked":["Acrobatics","Flying Knee"],"picked":"Reflex","floor":14.0},{"not_picked":["Slice","Prepared"],"picked":"Calculated Gamble","floor":15},{"not_picked":["Unload","Venomology"],"picked":"Glass Knife","floor":16},{"not_picked":["All Out Attack","Bane"],"picked":"Footwork+1","floor":18},{"not_picked":["Underhanded Strike","Flying Knee"],"picked":"Finisher+1","floor":19},{"not_picked":["Outmaneuver+1","Dagger Throw"],"picked":"Backflip","floor":24},{"not_picked":["Flying Knee+1","Acrobatics"],"picked":"Backstab","floor":25},{"not_picked":["Deadly Poison","Blade Dance"],"picked":"Envenom","floor":27},{"not_picked":["Adrenaline","Endless Agony"],"picked":"Footwork+1","floor":29},{"not_picked":["Crippling Poison","Distraction"],"picked":"Backflip+1","floor":31},{"not_picked":["Bullet Time","Grand Finale"],"picked":"Night Terror","floor":33},{"not_picked":["Bane+1","Blade Dance"],"picked":"Reflex+1","floor":35},{"not_picked":["Prepared","Deflect"],"picked":"Reflex+1","floor":36},{"not_picked":["Expertise+1","Dash"],"picked":"All Out Attack+1","floor":37},{"not_picked":["Skewer","Poisoned Stab"],"picked":"Expertise+1","floor":40},{"not_picked":["Setup","Terror+1"],"picked":"Footwork+1","floor":41},{"not_picked":["Flying Knee+1","Dagger Throw"],"picked":"Reflex+1","floor":42},{"not_picked":["Sucker Punch","Blur+1"],"picked":"Infinite Blades+1","floor":44},{"not_picked":["Dodge and Roll","Acrobatics","Eviscerate+1"],"picked":"SKIP","floor":45},{"not_picked":["Masterful Stab+1","PiercingWail+1"],"picked":"Noxious Fumes+1","floor":46},{"not_picked":["Underhanded Strike","Backflip"],"picked":"Noxious Fumes+1","floor":48},{"not_picked":["Dodge and Roll","Deflect"],"picked":"Escape Plan+1","floor":49}],"player_experience":162734,"relics_obtained":[{"floor":6.0,"key":"Regal Pillow"},{"floor":8.0,"key":"Ice Cream"},{"floor":9.0,"key":"Dodecahedron"},{"floor":11.0,"key":"Nunchaku"},{"floor":14.0,"key":"Bronze Scales"},{"floor":25,"key":"Smiling Mask"},{"floor":26,"key":"Lantern"},{"floor":27,"key":"Sundial"},{"floor":29,"key":"Happy Flower"},{"floor":40,"key":"Juzu Bracelet"},{"floor":42,"key":"Snake Skull"},{"floor":43,"key":"MawBank"},{"floor":45,"key":"Strawberry"}],"event_choices":[{"damage_healed":0.0,"max_hp_gain":0.0,"max_hp_loss":0.0,"gold_gain":75.0,"event_name":"World of Goop","player_choice":"Gather Gold","floor":4.0,"gold_loss":0.0,"damage_taken":11.0},{"damage_healed":0.0,"max_hp_gain":0.0,"max_hp_loss":0.0,"gold_gain":0.0,"event_name":"WeMeetAgain","player_choice":"Gave Potion","floor":13.0,"gold_loss":0.0,"damage_taken":0.0,"relics_obtained":["Boot"]},{"damage_healed":0,"gold_gain":0,"player_choice":"Stole Relic","damage_taken":0,"relics_obtained":["PreservedInsect"],"max_hp_gain":0,"max_hp_loss":0,"event_name":"Addict","floor":20,"gold_loss":0,"cards_obtained":["Shame"]},{"damage_healed":0,"gold_gain":0,"player_choice":"Forge","damage_taken":0,"max_hp_gain":0,"max_hp_loss":0,"event_name":"Accursed Blacksmith","floor":21,"gold_loss":0,"cards_upgraded":["Glass Knife"]},{"damage_healed":0,"gold_gain":75,"player_choice":"Touch","damage_taken":7,"max_hp_gain":0,"max_hp_loss":0,"event_name":"FaceTrader","floor":38,"gold_loss":0},{"damage_healed":0,"gold_gain":0,"player_choice":"Paid","damage_taken":0,"relics_obtained":["Red Mask"],"max_hp_gain":0,"max_hp_loss":0,"event_name":"Tomb of Lord Red Mask","floor":47,"gold_loss":191}],"is_beta":false,"boss_relics":[{"not_picked":["White Beast Statue","Cursed Key"],"picked":"Ring of the Serpent"},{"not_picked":["Calling Bell","Velvet Choker"],"picked":"Fusion Hammer"}],"items_purged_floors":[22],"is_endless":false,"potions_floor_spawned":[1,2,12,18,27,31,33,36,37,42],"ascension_level":4}