{"gold_per_floor":[367,367,377,222,232,232,232,232,232,242,273,273,49,49,49,151,151,168,168,182,201,116,150,150,185,238,238,238,238,257,284,284,381,381,400,28,43,58,58,88,88,88],"floor_reached":42,"playtime":1715,"items_purged":["Defend_B"],"score":506,"play_id":"5a57712c-b90b-48b3-9141-776853262611","local_time":"20190102013349","is_ascension_mode":true,"campfire_choices":[{"data":"Zap","floor":6,"key":"SMITH"},{"floor":8,"key":"REST"},{"floor":15,"key":"REST"},{"floor":24,"key":"REST"},{"data":"Storm","floor":27,"key":"SMITH"},{"floor":29,"key":"REST"},{"floor":32,"key":"REST"},{"floor":41,"key":"REST"}],"neow_cost":"PERCENT_DAMAGE","seed_source_timestamp":1060317735892376,"circlet_count":0,"master_deck":["Strike_B+1","Strike_B","Strike_B","Defend_B+1","Defend_B","Defend_B+1","Zap+1","Dualcast+1","Ball Lightning+1","Sweeping Beam+1","Loop","Conserve Battery+1","Sunder","Go for the Eyes","Lockon","Core Surge","Parasite","Doubt","Clumsy","Cold Snap","Loop","Hello World","Storm+1","Melter+1","Electrodynamics","Turbo","Double Energy+1","Loop","FTL","Heatsinks","Amplify"],"relics":["Cracked Core","Mummified Hand","Meat on the Bone","PreservedInsect","Oddly Smooth Stone","Calling Bell","Dream Catcher","Matryoshka","Ginger","Darkstone Periapt","Whetstone","Cables","Potion Belt","War Paint","Dead Branch","Inserter","Du-Vu Doll","Dodecahedron"],"potions_floor_usage":[11,16,21,31,31,38,40],"damage_taken":[{"damage":8,"enemies":"Jaw Worm","floor":1,"turns":3},{"damage":2,"enemies":"2 Louse","floor":3,"turns":2},{"damage":12,"enemies":"Small Slimes","floor":5,"turns":3},{"damage":3,"enemies":"Looter","floor":10,"turns":3},{"damage":11,"enemies":"Lagavulin","floor":11,"turns":4},{"damage":15,"enemies":"Hexaghost","floor":16,"turns":6},{"damage":2,"enemies":"Chosen","floor":18,"turns":4},{"damage":22,"enemies":"Spheric Guardian","floor":20,"turns":4},{"damage":30,"enemies":"3 Cultists","floor":21,"turns":5},{"damage":30,"enemies":"Book of Stabbing","floor":23,"turns":6},{"damage":14,"enemies":"Gremlin Leader","floor":25,"turns":6},{"damage":10,"enemies":"Snake Plant","floor":30,"turns":2},{"damage":17,"enemies":"Book of Stabbing","floor":31,"turns":4},{"damage":61,"enemies":"Champ","floor":33,"turns":10},{"damage":26,"enemies":"3 Darklings","floor":35,"turns":5},{"damage":4,"enemies":"Orb Walker","floor":37,"turns":3},{"damage":29,"enemies":"Sphere and 2 Shapes","floor":38,"turns":4},{"damage":13,"enemies":"Giant Head","floor":40,"turns":4},{"damage":49,"enemies":"Reptomancer","floor":42,"turns":2}],"seed_played":"3000700155048571579","potions_obtained":[{"floor":1,"key":"GamblersBrew"},{"floor":10,"key":"Swift Potion"},{"floor":11,"key":"FocusPotion"},{"floor":20,"key":"SkillPotion"},{"floor":30,"key":"SkillPotion"},{"floor":31,"key":"Fire Potion"},{"floor":33,"key":"PowerPotion"},{"floor":35,"key":"EssenceOfSteel"},{"floor":37,"key":"SteroidPotion"}],"is_trial":false,"path_per_floor":["M","?","M","$","M","R","?","R","T","M","E","?","$","?","R","B",null,"M","?","M","M","?","E","R","E","T","R","?","R","M","E","R","B",null,"M","$","M","M","?","E","R","E"],"character_chosen":"DEFECT","items_purchased":["Loop","Lockon","Oddly Smooth Stone","Du-Vu Doll","Loop"],"campfire_rested":6,"item_purchase_floors":[4,13,13,36,36],"current_hp_per_floor":[46,46,44,44,32,32,17,39,39,36,25,22,22,22,44,41,75,73,73,51,33,33,15,37,35,35,35,35,57,47,42,64,15,75,49,49,45,28,28,27,49,0],"gold":88,"neow_bonus":"TWO_FIFTY_GOLD","is_prod":false,"is_daily":false,"chose_seed":false,"campfire_upgraded":2,"win_rate":0,"timestamp":1546360429,"path_taken":["M","?","M","$","M","R","?","R","T","M","E","?","?","?","R","BOSS","M","?","M","?","?","E","R","E","T","R","?","R","M","E","R","BOSS","M","$","?","M","?","E","R","E"],"build_version":"2018-12-20","purchased_purges":1,"victory":false,"max_hp_per_floor":[75,75,75,75,75,75,75,75,75,75,75,75,75,75,75,75,75,75,75,75,75,75,75,75,75,75,75,75,75,75,75,75,75,75,75,75,75,75,75,75,75,75],"card_choices":[{"not_picked":["Gash","Redo"],"picked":"Ball Lightning","floor":1},{"not_picked":["Barrage","Recycle"],"picked":"Sweeping Beam","floor":3},{"not_picked":["Blizzard","Heatsinks"],"picked":"Conserve Battery","floor":5},{"not_picked":["Coolheaded","Barrage"],"picked":"Sunder","floor":10},{"not_picked":["Fusion","Sweeping Beam"],"picked":"Go for the Eyes","floor":11},{"not_picked":["Meteor Strike","Reboot"],"picked":"Core Surge","floor":16},{"not_picked":["Rebound","Compile Driver"],"picked":"Cold Snap","floor":18},{"not_picked":["Streamline","Sweeping Beam","Compile Driver"],"picked":"SKIP","floor":20},{"not_picked":["Stack","Hyperbeam"],"picked":"Hello World","floor":21},{"not_picked":["Melter","Barrage+1"],"picked":"Storm","floor":23},{"not_picked":["Consume","Doom and Gloom"],"picked":"Melter+1","floor":25},{"not_picked":["Darkness","Steam+1"],"picked":"Electrodynamics","floor":29},{"not_picked":["Go for the Eyes+1","Barrage+1"],"picked":"Turbo","floor":30},{"not_picked":["Go for the Eyes","Consume+1","Stack"],"picked":"SKIP","floor":31},{"not_picked":["Rebound","Go for the Eyes"],"picked":"Double Energy+1","floor":32},{"not_picked":["Beam Cell+1","Leap","Undo"],"picked":"SKIP","floor":35},{"not_picked":["Leap","Coolheaded"],"picked":"FTL","floor":37},{"not_picked":["Gash","Chaos+1"],"picked":"Heatsinks","floor":38},{"not_picked":["Go for the Eyes","Sweeping Beam","Rip and Tear"],"picked":"SKIP","floor":40},{"not_picked":["Barrage","Turbo"],"picked":"Amplify","floor":41}],"player_experience":284441,"relics_obtained":[{"floor":9,"key":"Mummified Hand"},{"floor":11,"key":"Meat on the Bone"},{"floor":17,"key":"Dream Catcher"},{"floor":17,"key":"Matryoshka"},{"floor":17,"key":"Ginger"},{"floor":23,"key":"Whetstone"},{"floor":25,"key":"Cables"},{"floor":26,"key":"Potion Belt"},{"floor":26,"key":"War Paint"},{"floor":31,"key":"Dead Branch"},{"floor":40,"key":"Dodecahedron"}],"event_choices":[{"cards_removed":["Strike_B"],"damage_healed":0,"gold_gain":0,"player_choice":"Forget","damage_taken":0,"max_hp_gain":0,"max_hp_loss":0,"event_name":"Living Wall","floor":2,"gold_loss":0},{"damage_healed":0,"gold_gain":0,"player_choice":"Entered Light","damage_taken":15,"max_hp_gain":0,"max_hp_loss":0,"event_name":"Shining Light","floor":7,"gold_loss":0,"cards_upgraded":["Ball Lightning","Defend_B"]},{"damage_healed":0,"gold_gain":0,"player_choice":"Success","damage_taken":3,"relics_obtained":["PreservedInsect"],"max_hp_gain":0,"max_hp_loss":0,"event_name":"Scrap Ooze","floor":12,"gold_loss":0},{"damage_healed":0,"gold_gain":0,"player_choice":"Ignored","damage_taken":0,"max_hp_gain":0,"max_hp_loss":0,"event_name":"Liars Game","floor":14,"gold_loss":0},{"damage_healed":0,"gold_gain":0,"player_choice":"1 cards matched","damage_taken":0,"max_hp_gain":0,"max_hp_loss":0,"event_name":"Match and Keep!","floor":19,"gold_loss":0,"cards_obtained":["Loop"]},{"damage_healed":0,"gold_gain":0,"player_choice":"Obtained Relic","damage_taken":0,"relics_obtained":["Darkstone Periapt"],"max_hp_gain":0,"max_hp_loss":0,"event_name":"Addict","floor":22,"gold_loss":85},{"damage_healed":0,"gold_gain":0,"player_choice":"Forge","damage_taken":0,"max_hp_gain":0,"max_hp_loss":0,"event_name":"Accursed Blacksmith","floor":28,"gold_loss":0,"cards_upgraded":["Dualcast"]},{"damage_healed":0,"gold_gain":0,"player_choice":"Ignored","damage_taken":0,"max_hp_gain":0,"max_hp_loss":0,"event_name":"Mysterious Sphere","floor":39,"gold_loss":0}],"is_beta":false,"boss_relics":[{"not_picked":["Runic Pyramid","Runic Dome"],"picked":"Calling Bell"},{"not_picked":["Pandora\u0027s Box","Velvet Choker"],"picked":"Inserter"}],"items_purged_floors":[4],"is_endless":false,"potions_floor_spawned":[1,10,11,20,30,31,33,35,37],"killed_by":"Reptomancer","ascension_level":1}