{"gold_per_floor":[110,110,128,141,66,66,78,78,78,97,109,109,134,84,84,189,189,114,124,124,223,223,242,107,120,120,38,38,49,49,68,68,164,164,177,177,177,177,177,177,197,197,248,264,70,70,82,100,100,100],"floor_reached":50,"playtime":4363,"items_purged":["Strike_B","Strike_B","Barrage"],"score":442,"play_id":"09f00609-e672-4af9-ab9f-7da2ec378a00","local_time":"20190206001748","is_ascension_mode":false,"campfire_choices":[{"data":"Go for the Eyes","floor":6,"key":"SMITH"},{"data":"Zap","floor":8,"key":"SMITH"},{"data":"Dualcast","floor":12,"key":"SMITH"},{"data":"Lockon","floor":15,"key":"SMITH"},{"data":"Defragment","floor":30,"key":"SMITH"},{"data":"Scrape","floor":32,"key":"SMITH"},{"data":"Chrysalis","floor":40,"key":"SMITH"},{"data":"Machine Learning","floor":42,"key":"SMITH"},{"data":"Scrape","floor":46,"key":"SMITH"},{"floor":49,"key":"REST"}],"neow_cost":"NONE","seed_source_timestamp":43818407634564,"circlet_count":0,"master_deck":["Defend_B+1","Defend_B+1","Defend_B+1","Defend_B+1","Zap+1","Dualcast+1","Self Repair","Lockon+1","Go for the Eyes+1","Turbo","Reprogram","Gash","Hologram","All For One","Scrape+1","Defragment+1","Gash","Machine Learning+1","Beam Cell","Chrysalis+1","Madness","Madness","Streamline","Scrape+1","Parasite","Gash"],"relics":["FrozenCore","Bottled Tornado","Bottled Lightning","Vajra","Black Star","Regal Pillow"],"potions_floor_usage":[16,19,23,33,33,48,50,50,50],"damage_taken":[{"damage":0,"enemies":"2 Louse","floor":1,"turns":3},{"damage":17,"enemies":"Jaw Worm","floor":3,"turns":4},{"damage":1,"enemies":"Small Slimes","floor":4,"turns":3},{"damage":2,"enemies":"Blue Slaver","floor":7,"turns":5},{"damage":11,"enemies":"3 Louse","floor":10,"turns":3},{"damage":5,"enemies":"Looter","floor":11,"turns":3},{"damage":8,"enemies":"Lagavulin","floor":13,"turns":6},{"damage":51,"enemies":"The Guardian","floor":16,"turns":11},{"damage":21,"enemies":"2 Thieves","floor":18,"turns":5},{"damage":10,"enemies":"Chosen","floor":19,"turns":7},{"damage":1,"enemies":"Snecko","floor":23,"turns":5},{"damage":19,"enemies":"Chosen and Byrds","floor":25,"turns":7},{"damage":10,"enemies":"Sentry and Sphere","floor":29,"turns":6},{"damage":3,"enemies":"Snake Plant","floor":31,"turns":6},{"damage":8,"enemies":"Champ","floor":33,"turns":13},{"damage":16,"enemies":"3 Darklings","floor":35,"turns":5},{"damage":15,"enemies":"Orb Walker","floor":41,"turns":5},{"damage":35,"enemies":"Jaw Worm Horde","floor":44,"turns":7},{"damage":13,"enemies":"Writhing Mass","floor":47,"turns":6},{"damage":9,"enemies":"Spire Growth","floor":48,"turns":6},{"damage":63,"enemies":"Time Eater","floor":50,"turns":14}],"seed_played":"-414917165092009841","potions_obtained":[{"floor":3,"key":"Poison Potion"},{"floor":7,"key":"Poison Potion"},{"floor":10,"key":"Swift Potion"},{"floor":16,"key":"Block Potion"},{"floor":23,"key":"Weak Potion"},{"floor":31,"key":"FocusPotion"},{"floor":35,"key":"SkillPotion"},{"floor":44,"key":"SpeedPotion"},{"floor":48,"key":"Ancient Potion"}],"is_trial":false,"path_per_floor":["?","?","?","?","?","?","?","?","?","?","$","M"],"character_chosen":"DEFECT","items_purchased":["Scrape","Defragment","Scrape"],"campfire_rested":1,"item_purchase_floors":[24,27,45],"current_hp_per_floor":[75,80,70,76,76,76,80,80,80,76,78,78,77,77,77,33,80,66,63,63,63,63,69,69,57,57,57,57,54,54,58,58,57,80,71,71,71,71,61,61,53,53,53,25,25,25,19,17,56,0],"gold":100,"neow_bonus":"REMOVE_CARD","is_prod":false,"is_daily":false,"chose_seed":false,"campfire_upgraded":9,"win_rate":0,"timestamp":1549430268,"path_taken":["M","?","M","M","$","R","M","R","T","M","M","R","E","?","R","BOSS","M","M","?","?","?","M","$","M","T","$","?","M","R","M","R","BOSS","M","?","?","?","?","R","M","R","T","M","?","R","?","M","R","BOSS"],"build_version":"2019-01-23","purchased_purges":3,"victory":false,"max_hp_per_floor":[75,80,80,80,80,80,80,80,80,80,80,80,80,80,80,80,80,80,80,80,80,80,80,80,80,80,80,80,80,80,80,80,80,80,80,80,80,80,80,80,80,80,80,80,80,80,80,80,80,80],"card_choices":[{"not_picked":["Stack","Coolheaded"],"picked":"Self Repair","floor":1},{"not_picked":["Chaos","Ball Lightning"],"picked":"Lockon","floor":3},{"not_picked":["White Noise","FTL"],"picked":"Go for the Eyes","floor":4},{"not_picked":["Chill","Double Energy"],"picked":"Turbo","floor":7},{"not_picked":["Storm","Defragment"],"picked":"Reprogram","floor":10},{"not_picked":["Compile Driver","Sweeping Beam","Rebound"],"picked":"SKIP","floor":11},{"not_picked":["Conserve Battery","Reinforced Body"],"picked":"Gash","floor":13},{"not_picked":["Lockon","Tempest"],"picked":"Hologram","floor":18},{"not_picked":["Stack","Steam"],"picked":"Barrage","floor":19},{"not_picked":["White Noise","Rebound+1","Steam"],"picked":"SKIP","floor":23},{"not_picked":["Steam","Go for the Eyes","Leap"],"picked":"SKIP","floor":25},{"not_picked":["Beam Cell","Conserve Battery"],"picked":"Gash","floor":29},{"not_picked":["Conserve Battery","Double Energy","Reboot"],"picked":"SKIP","floor":31},{"not_picked":["Rainbow","Buffer"],"picked":"Machine Learning","floor":33},{"not_picked":["Conserve Battery","Redo+1"],"picked":"Beam Cell","floor":35},{"not_picked":["Blind","PanicButton"],"picked":"Chrysalis","floor":36},{"not_picked":["Genetic Algorithm","Recycle","Steam+1"],"picked":"SKIP","floor":41},{"not_picked":["Coolheaded+1","Stack+1"],"picked":"Streamline","floor":44},{"not_picked":["Doom and Gloom+1","Coolheaded","Compile Driver"],"picked":"SKIP","floor":47},{"not_picked":["Leap","Redo+1"],"picked":"Gash","floor":48}],"player_experience":101492,"relics_obtained":[{"floor":9,"key":"Bottled Tornado"},{"floor":13,"key":"Bottled Lightning"},{"floor":26,"key":"Vajra"},{"floor":43,"key":"Regal Pillow"}],"event_choices":[{"damage_healed":0,"gold_gain":0,"player_choice":"Donut","damage_taken":0,"max_hp_gain":5,"max_hp_loss":0,"event_name":"Big Fish","floor":2,"gold_loss":0},{"cards_removed":["Strike_B"],"damage_healed":0,"gold_gain":0,"player_choice":"Card Removal","damage_taken":0,"max_hp_gain":0,"max_hp_loss":0,"event_name":"The Cleric","floor":14,"gold_loss":50},{"damage_healed":0,"gold_gain":0,"player_choice":"Ignored","damage_taken":0,"max_hp_gain":0,"max_hp_loss":0,"event_name":"The Mausoleum","floor":20,"gold_loss":0},{"damage_healed":0,"gold_gain":99,"player_choice":"Stole From Cult","damage_taken":0,"max_hp_gain":0,"max_hp_loss":0,"event_name":"Nest","floor":21,"gold_loss":0},{"damage_healed":0,"gold_gain":0,"player_choice":"Read","damage_taken":0,"max_hp_gain":0,"max_hp_loss":0,"event_name":"The Library","floor":22,"gold_loss":0,"cards_obtained":["All For One"]},{"damage_healed":0,"gold_gain":0,"player_choice":"Simplicity","damage_taken":0,"max_hp_gain":0,"max_hp_loss":0,"event_name":"Back to Basics","floor":28,"gold_loss":0,"cards_upgraded":["Defend_B","Defend_B","Defend_B","Defend_B"]},{"damage_healed":0,"gold_gain":0,"player_choice":"Memory 1","damage_taken":0,"max_hp_gain":0,"max_hp_loss":0,"event_name":"SensoryStone","floor":36,"gold_loss":0},{"damage_healed":0,"gold_gain":0,"player_choice":"Ignored","damage_taken":0,"max_hp_gain":0,"max_hp_loss":0,"event_name":"Mysterious Sphere","floor":37,"gold_loss":0},{"damage_healed":0,"gold_gain":0,"player_choice":"Ignored","damage_taken":0,"max_hp_gain":0,"max_hp_loss":0,"event_name":"Tomb of Lord Red Mask","floor":38,"gold_loss":0},{"damage_healed":0,"gold_gain":0,"player_choice":"Embrace Madness","damage_taken":10,"max_hp_gain":0,"max_hp_loss":0,"event_name":"Winding Halls","floor":39,"gold_loss":0,"cards_obtained":["Madness","Madness"]}],"is_beta":false,"boss_relics":[{"not_picked":["Tiny House","Cursed Key"],"picked":"FrozenCore"},{"not_picked":["White Beast Statue","Snecko Eye"],"picked":"Black Star"}],"items_purged_floors":[5,24,45],"is_endless":false,"potions_floor_spawned":[3,7,10,16,23,31,35,44,48],"killed_by":"Time Eater","ascension_level":0}