{"gold_per_floor":[117,127,139,153,153,153,484,484,484,505,526,526,486],"floor_reached":13,"playtime":718,"items_purged":[],"score":174,"play_id":"df18f150-71a8-4564-8add-1b4faff6360a","local_time":"20190311220437","is_ascension_mode":true,"campfire_choices":[{"floor":6,"key":"REST"},{"floor":8,"key":"REST"}],"neow_cost":"CURSE","seed_source_timestamp":423490705363811,"circlet_count":0,"master_deck":["AscendersBane","Strike_R","Strike_R","Strike_R","Defend_R","Defend_R","Defend_R","Defend_R","Bash","Writhe","Searing Blow","Exhume","Body Slam","Shrug It Off","Armaments","True Grit","Reaper","Cleave","Entrench","Thunderclap","Flex"],"relics":["Burning Blood","Golden Idol","Old Coin","Prayer Wheel"],"potions_floor_usage":[4,7,13,13],"damage_taken":[{"damage":12,"enemies":"2 Louse","floor":1,"turns":3},{"damage":16,"enemies":"Small Slimes","floor":2,"turns":6},{"damage":22,"enemies":"Cultist","floor":3,"turns":6},{"damage":36,"enemies":"Gremlin Gang","floor":4,"turns":6},{"damage":30,"enemies":"Lagavulin","floor":7,"turns":7},{"damage":22,"enemies":"Large Slime","floor":10,"turns":8},{"damage":11,"enemies":"2 Fungi Beasts","floor":11,"turns":4},{"damage":31,"enemies":"Exordium Thugs","floor":13,"turns":2}],"seed_played":"2993334674848301271","potions_obtained":[{"floor":1,"key":"FairyPotion"},{"floor":3,"key":"LiquidBronze"},{"floor":4,"key":"PowerPotion"},{"floor":12,"key":"PowerPotion"},{"floor":12,"key":"Swift Potion"}],"is_trial":false,"path_per_floor":["M","M","M","M","?","R","E","R","T","M","M","?","M"],"character_chosen":"IRONCLAD","items_purchased":[],"campfire_rested":2,"item_purchase_floors":[],"current_hp_per_floor":[62,52,36,13,13,33,9,29,29,13,12,12,0],"gold":486,"neow_bonus":"TRANSFORM_TWO_CARDS","is_prod":false,"is_daily":false,"chose_seed":false,"campfire_upgraded":0,"win_rate":0,"timestamp":1552363477,"path_taken":["M","M","M","M","?","R","E","R","T","M","M","?","M"],"build_version":"2019-01-23","purchased_purges":0,"victory":false,"max_hp_per_floor":[75,75,75,75,68,68,68,68,68,68,68,68,68],"card_choices":[{"not_picked":["Pommel Strike","Heavy Blade"],"picked":"Body Slam","floor":1},{"not_picked":["Clothesline","Rampage"],"picked":"Shrug It Off","floor":2},{"not_picked":["Twin Strike","Body Slam"],"picked":"Armaments","floor":3},{"not_picked":["Dual Wield","Iron Wave"],"picked":"True Grit","floor":4},{"not_picked":["Armaments","Warcry"],"picked":"Reaper","floor":7},{"not_picked":["Perfected Strike","Iron Wave"],"picked":"Cleave","floor":10},{"not_picked":["Havoc","Sword Boomerang"],"picked":"Entrench","floor":10},{"not_picked":["Bloodletting","Wild Strike"],"picked":"Thunderclap","floor":11},{"not_picked":["Carnage","Brutality"],"picked":"Flex","floor":11}],"player_experience":1393417,"relics_obtained":[{"floor":7,"key":"Old Coin"},{"floor":9,"key":"Prayer Wheel"}],"event_choices":[{"damage_healed":0,"gold_gain":0,"player_choice":"Lose Max HP","damage_taken":0,"relics_obtained":["Golden Idol"],"max_hp_gain":0,"max_hp_loss":7,"event_name":"Golden Idol","floor":5,"gold_loss":0},{"damage_healed":0,"gold_gain":0,"player_choice":"Got Potions","damage_taken":0,"max_hp_gain":0,"max_hp_loss":0,"event_name":"Lab","floor":12,"gold_loss":0}],"is_beta":false,"boss_relics":[],"items_purged_floors":[],"is_endless":false,"potions_floor_spawned":[1,3,4],"killed_by":"Exordium Thugs","ascension_level":20}