{"gold_per_floor":[116,131,144,144,144,144,159,159,159,177,196,229,229,256,256,327,327,298,6,20,20,20,20,30,30],"floor_reached":25,"playtime":2349,"items_purged":[],"score":426,"play_id":"87bd0a3b-cd6c-4f06-8ca9-18535e91094f","local_time":"20190111230844","is_ascension_mode":true,"campfire_choices":[{"data":"Footwork","floor":6,"key":"SMITH"},{"floor":8,"key":"REST"},{"floor":15,"key":"REST"},{"floor":23,"key":"REST"}],"neow_cost":"NONE","seed_source_timestamp":207096149110055,"circlet_count":0,"master_deck":["AscendersBane","Defend_G","Defend_G","Defend_G","Defend_G","Defend_G","Strike_G","Strike_G","Strike_G","Survivor","Neutralize","Blur","Footwork+1","Tools of the Trade","Outmaneuver","Dagger Throw","Sucker Punch","Predator","Dodge and Roll","Well Laid Plans","Quick Slash","Doppelganger","Acrobatics","Blade Dance","Corpse Explosion","Slice","Accuracy","Choke+1","RitualDagger","Decay","Blade Dance"],"relics":["Orrery","Ninja Scroll","Dodecahedron","Kunai","Mummified Hand","Runic Pyramid","Membership Card"],"potions_floor_usage":[14,14,24,25],"damage_taken":[{"damage":0,"enemies":"Jaw Worm","floor":1,"turns":6},{"damage":1,"enemies":"2 Louse","floor":2,"turns":5},{"damage":0,"enemies":"Small Slimes","floor":3,"turns":4},{"damage":0,"enemies":"Looter","floor":7,"turns":4},{"damage":17,"enemies":"Exordium Thugs","floor":10,"turns":8},{"damage":0,"enemies":"Blue Slaver","floor":11,"turns":5},{"damage":6,"enemies":"3 Sentries","floor":12,"turns":11},{"damage":20,"enemies":"Gremlin Nob","floor":14,"turns":4},{"damage":3,"enemies":"The Guardian","floor":16,"turns":19},{"damage":22,"enemies":"2 Thieves","floor":18,"turns":4},{"damage":12,"enemies":"Shell Parasite","floor":20,"turns":8},{"damage":14,"enemies":"Snake Plant","floor":24,"turns":6},{"damage":25,"enemies":"Gremlin Leader","floor":25,"turns":2}],"seed_played":"-2253756975113282139","potions_obtained":[{"floor":2,"key":"Poison Potion"},{"floor":10,"key":"Fire Potion"},{"floor":11,"key":"EssenceOfSteel"},{"floor":14,"key":"SkillPotion"}],"is_trial":false,"path_per_floor":["M","M","M","?","?","R","M","R","T","M","M","E","?","E","R","B",null,"M","$","M","?","?","R","M","E"],"character_chosen":"THE_SILENT","items_purchased":["Membership Card","Accuracy","SkillPotion"],"campfire_rested":3,"item_purchase_floors":[19,19,19],"current_hp_per_floor":[59,58,58,51,33,33,33,52,52,35,35,29,29,9,28,25,56,34,34,22,16,16,35,21,0],"gold":30,"neow_bonus":"BOSS_RELIC","is_prod":false,"is_daily":false,"chose_seed":false,"campfire_upgraded":1,"win_rate":0,"timestamp":1547240924,"path_taken":["M","M","M","?","?","R","M","R","T","?","M","E","?","E","R","BOSS","M","$","M","?","?","R","?","E"],"build_version":"2019-01-10","purchased_purges":0,"victory":false,"max_hp_per_floor":[66,66,66,66,66,66,66,66,66,66,66,66,66,66,66,66,66,66,66,66,66,66,66,66,66],"card_choices":[{"not_picked":["Dodge and Roll","Blade Dance"],"picked":"Blur","floor":0},{"not_picked":["Endless Agony","Acrobatics"],"picked":"Footwork","floor":0},{"not_picked":["Terror","Dagger Spray"],"picked":"Tools of the Trade","floor":0},{"not_picked":["Quick Slash","Bane"],"picked":"Outmaneuver","floor":0},{"not_picked":["Flying Knee","Dodge and Roll"],"picked":"Dagger Throw","floor":0},{"not_picked":["Calculated Gamble","Bane"],"picked":"Sucker Punch","floor":1},{"not_picked":["Sucker Punch","Slice"],"picked":"Predator","floor":2},{"not_picked":["Blade Dance","Flechettes"],"picked":"Dodge and Roll","floor":3},{"not_picked":["Flying Knee","Acrobatics"],"picked":"Well Laid Plans","floor":7},{"not_picked":["PiercingWail","Slice"],"picked":"Quick Slash","floor":10},{"not_picked":["Slice","Sucker Punch"],"picked":"Doppelganger","floor":11},{"not_picked":["Blade Dance","Well Laid Plans"],"picked":"Acrobatics","floor":12},{"not_picked":["Endless Agony","Flying Knee"],"picked":"Blade Dance","floor":14},{"not_picked":["Bullet Time","Phantasmal Killer"],"picked":"Corpse Explosion","floor":16},{"not_picked":["Expertise+1","Acrobatics"],"picked":"Slice","floor":18},{"not_picked":["Dash","Masterful Stab"],"picked":"Choke+1","floor":20},{"not_picked":["Footwork","Backflip"],"picked":"Blade Dance","floor":24}],"player_experience":666877,"relics_obtained":[{"floor":9,"key":"Dodecahedron"},{"floor":12,"key":"Kunai"},{"floor":14,"key":"Mummified Hand"}],"event_choices":[{"cards_removed":["Strike_G"],"damage_healed":0,"gold_gain":0,"player_choice":"Card Removal","damage_taken":7,"max_hp_gain":0,"max_hp_loss":0,"event_name":"Golden Wing","floor":4,"gold_loss":0},{"damage_healed":0,"gold_gain":0,"player_choice":"Success","damage_taken":18,"relics_obtained":["Ninja Scroll"],"max_hp_gain":0,"max_hp_loss":0,"event_name":"Scrap Ooze","floor":5,"gold_loss":0},{"cards_removed":["Strike_G"],"damage_healed":0,"gold_gain":0,"player_choice":"Forget","damage_taken":0,"max_hp_gain":0,"max_hp_loss":0,"event_name":"Living Wall","floor":13,"gold_loss":0},{"damage_healed":0,"gold_gain":0,"player_choice":"Joined the Cult","damage_taken":6,"max_hp_gain":0,"max_hp_loss":0,"event_name":"Nest","floor":21,"gold_loss":0,"cards_obtained":["RitualDagger"]},{"damage_healed":0,"gold_gain":0,"player_choice":"Cursed","damage_taken":0,"max_hp_gain":0,"max_hp_loss":0,"event_name":"Wheel of Change","floor":22,"gold_loss":0,"cards_obtained":["Decay"]}],"is_beta":true,"boss_relics":[{"not_picked":["Astrolabe","Philosopher\u0027s Stone"],"picked":"Runic Pyramid"}],"items_purged_floors":[],"is_endless":false,"potions_floor_spawned":[2,10,11,14],"killed_by":"Gremlin Leader","ascension_level":20}