{"gold_per_floor":[116,136,136,147,147,174,190,253,253,263,40,90,160,176,176,278,278,293,343,361,411,424,449,515,565,590,590,669,701,701,730,730,827,827,844,894,194,205,223,258,273,323,323,336,336,386,386,447,447,447,447,447,82,114,114],"floor_reached":56,"playtime":5654,"items_purged":["Strike_G","Strike_G","Strike_G"],"score":1316,"play_id":"91bfb4ce-e6c2-4d62-8cc4-4e982f3868d5","local_time":"20190131160449","is_ascension_mode":false,"campfire_choices":[{"floor":15.0,"key":"REST"},{"floor":27.0,"key":"REST"},{"floor":30.0,"key":"REST"},{"floor":32.0,"key":"REST"},{"floor":45.0,"key":"RECALL"},{"floor":47.0,"key":"REST"},{"floor":49.0,"key":"REST"},{"floor":52,"key":"REST"}],"neow_cost":"NONE","seed_source_timestamp":0,"circlet_count":0,"master_deck":["Defend_G","Defend_G","Defend_G","Defend_G","Defend_G","Strike_G+1","Strike_G","Survivor+1","Neutralize","Crippling Poison","Terror","Tactician","Deflect","Flechettes","Catalyst+1","Crippling Poison+1","Corpse Explosion+1","Escape Plan+1","Distraction+1","Venomology+1","Backflip+1","Writhe","Footwork+1","Flying Knee+1","Dodge and Roll+1","Noxious Fumes+1","Flying Knee+1","Deadly Poison+1","Expertise+1","PiercingWail+1","Madness+1","Madness+1","Poisoned Stab+1","Deep Breath+1","Secret Technique+1","PiercingWail+1","Dodge and Roll+1","Escape Plan+1","Deflect+1","Bouncing Flask+1","Backflip+1","Catalyst+1","Crippling Poison+1","Leg Sweep+1"],"special_seed":0,"relics":["Ring of the Snake","NeowsBlessing","SsserpentHead","Boot","Toxic Egg 2","Fusion Hammer","Molten Egg 2","Kunai","Red Mask","Ice Cream","Unceasing Top","White Beast Statue","Calipers","Ninja Scroll","Frozen Egg 2","Art of War"],"potions_floor_usage":[54,55,55,55,55],"damage_taken":[{"damage":0.0,"enemies":"Small Slimes","floor":1.0,"turns":1.0},{"damage":0.0,"enemies":"2 Louse","floor":2.0,"turns":1.0},{"damage":0.0,"enemies":"Cultist","floor":4.0,"turns":1.0},{"damage":37.0,"enemies":"3 Sentries","floor":6.0,"turns":17.0},{"damage":5.0,"enemies":"Blue Slaver","floor":7.0,"turns":4.0},{"damage":1.0,"enemies":"Red Slaver","floor":8.0,"turns":4.0},{"damage":1.0,"enemies":"2 Fungi Beasts","floor":10.0,"turns":3.0},{"damage":9.0,"enemies":"Blue Slaver","floor":13.0,"turns":3.0},{"damage":1.0,"enemies":"Exordium Thugs","floor":14.0,"turns":5.0},{"damage":7.0,"enemies":"Hexaghost","floor":16.0,"turns":6.0},{"damage":0.0,"enemies":"3 Byrds","floor":18.0,"turns":2.0},{"damage":5.0,"enemies":"Spheric Guardian","floor":20.0,"turns":3.0},{"damage":3.0,"enemies":"Cultist and Chosen","floor":22.0,"turns":4.0},{"damage":15.0,"enemies":"Book of Stabbing","floor":23.0,"turns":5.0},{"damage":0.0,"enemies":"Snecko","floor":24.0,"turns":5.0},{"damage":23.0,"enemies":"Masked Bandits","floor":28.0,"turns":3.0},{"damage":10.0,"enemies":"Slavers","floor":29.0,"turns":4.0},{"damage":13.0,"enemies":"Book of Stabbing","floor":31.0,"turns":4.0},{"damage":0.0,"enemies":"Automaton","floor":33.0,"turns":9.0},{"damage":31.0,"enemies":"3 Shapes","floor":35.0,"turns":5.0},{"damage":0.0,"enemies":"Orb Walker","floor":38.0,"turns":4.0},{"damage":0.0,"enemies":"3 Darklings","floor":39.0,"turns":4.0},{"damage":22.0,"enemies":"Nemesis","floor":40.0,"turns":5.0},{"damage":3.0,"enemies":"Spire Growth","floor":41.0,"turns":3.0},{"damage":0.0,"enemies":"4 Shapes","floor":44.0,"turns":3.0},{"damage":2.0,"enemies":"3 Darklings","floor":48.0,"turns":4.0},{"damage":32.0,"enemies":"Awakened One","floor":50.0,"turns":14.0},{"damage":0,"enemies":"Shield and Spear","floor":54,"turns":4},{"damage":58,"enemies":"The Heart","floor":55,"turns":10}],"seed_played":"-8743688548598198118","potions_obtained":[{"floor":7.0,"key":"SteroidPotion"},{"floor":13.0,"key":"Poison Potion"},{"floor":14.0,"key":"Ancient Potion"},{"floor":24.0,"key":"Regen Potion"},{"floor":28.0,"key":"Explosive Potion"},{"floor":31.0,"key":"EssenceOfSteel"},{"floor":33.0,"key":"Dexterity Potion"},{"floor":35.0,"key":"Swift Potion"},{"floor":38.0,"key":"Block Potion"},{"floor":39.0,"key":"SteroidPotion"},{"floor":40.0,"key":"SkillPotion"},{"floor":41.0,"key":"GhostInAJar"},{"floor":44.0,"key":"FearPotion"},{"floor":48.0,"key":"SteroidPotion"}],"is_trial":false,"path_per_floor":["M","M","?","M","?","E","M","M","T","M","$","?","M","M","R","B",null,"M","?","M","?","M","E","M","?","T","R","?","E","R","E","R","B",null,"M","?","$","M","M","E","M","?","T","M","R","?","R","M","R","B",null,"R","$","E","B",null],"character_chosen":"THE_SILENT","items_purchased":["Corpse Explosion+1","Poisoned Stab+1","Calipers","Deep Breath+1","Secret Technique+1","Catalyst+1","Crippling Poison+1","GhostInAJar","PowerPotion"],"campfire_rested":7,"item_purchase_floors":[11,37,37,37,37,53,53,53,53],"current_hp_per_floor":[70,70,56,56,56,19,14,13,13,12,12,12,3,2,23,16,70,70,70,65,65,62,47,47,34,34,56,42,32,54,41,63,63,75,44,35,35,35,35,13,10,10,10,10,10,10,32,30,52,35,75,75,75,75,17],"gold":114,"neow_bonus":"THREE_ENEMY_KILL","is_prod":false,"is_daily":false,"chose_seed":false,"campfire_upgraded":0,"win_rate":0,"timestamp":1548968689,"path_taken":["M","M","?","M","?","E","M","?","T","M","$","?","?","M","R","BOSS","M","?","M","?","M","E","?","?","T","R","?","E","R","E","R","BOSS","M","?","$","M","M","E","M","?","T","M","R","?","R","?","R","BOSS","R","$","E","BOSS"],"build_version":"2019-01-23","purchased_purges":3,"victory":true,"max_hp_per_floor":[70,70,70,70,70,70,70,70,70,70,70,70,70,70,70,70,70,70,70,70,70,70,70,70,75,75,75,75,75,75,75,75,75,75,75,75,75,75,75,75,75,75,75,75,75,75,75,75,75,75,75,75,75,75,75],"card_choices":[{"not_picked":["Dagger Spray","Quick Slash"],"picked":"Crippling Poison","floor":1.0},{"not_picked":["Dagger Spray","Eviscerate"],"picked":"Terror","floor":2.0},{"not_picked":["Terror","Dagger Spray"],"picked":"Tactician","floor":4.0},{"not_picked":["Skewer","Dash"],"picked":"Deflect","floor":6.0},{"not_picked":["Cloak And Dagger","Tactician"],"picked":"Flechettes","floor":7.0},{"not_picked":["Reflex","Prepared"],"picked":"Catalyst","floor":8.0},{"not_picked":["Dagger Throw","Blade Dance+1"],"picked":"Crippling Poison+1","floor":10.0},{"not_picked":["Tools of the Trade","Deflect+1"],"picked":"Escape Plan+1","floor":13.0},{"not_picked":["Backflip+1","Quick Slash"],"picked":"Distraction+1","floor":14.0},{"not_picked":["Bullet Time+1","Glass Knife"],"picked":"Venomology+1","floor":16.0},{"not_picked":["Outmaneuver+1","Skewer"],"picked":"Backflip+1","floor":18.0},{"not_picked":["Blade Dance+1","Dodge and Roll+1"],"picked":"Footwork+1","floor":20.0},{"not_picked":["Outmaneuver+1","Terror+1"],"picked":"Flying Knee+1","floor":22.0},{"not_picked":["Footwork+1","Flechettes+1"],"picked":"Dodge and Roll+1","floor":23.0},{"not_picked":["Bane+1","Storm of Steel+1"],"picked":"Noxious Fumes","floor":24.0},{"not_picked":["Outmaneuver+1","Blade Dance+1"],"picked":"Flying Knee+1","floor":28.0},{"not_picked":["Corpse Explosion+1","Flechettes+1"],"picked":"Deadly Poison+1","floor":29.0},{"not_picked":["Outmaneuver+1","Underhanded Strike+1"],"picked":"Expertise+1","floor":31.0},{"not_picked":["Venomology+1","Unload+1"],"picked":"Envenom","floor":33.0},{"not_picked":["Slice+1","Calculated Gamble+1"],"picked":"PiercingWail+1","floor":35.0},{"not_picked":["Sucker Punch+1","Choke+1"],"picked":"PiercingWail+1","floor":38.0},{"not_picked":["Dagger Throw+1","Cloak And Dagger+1"],"picked":"Dodge and Roll+1","floor":39.0},{"not_picked":["Caltrops+1","Blade Dance+1"],"picked":"Escape Plan+1","floor":40.0},{"not_picked":["Caltrops","All Out Attack+1"],"picked":"Deflect+1","floor":41.0},{"not_picked":["Deadly Poison+1","Outmaneuver+1"],"picked":"Bouncing Flask+1","floor":44.0},{"not_picked":["Dagger Spray+1","Slice+1"],"picked":"Backflip+1","floor":48.0},{"not_picked":["Finisher+1","Underhanded Strike+1"],"picked":"Leg Sweep+1","floor":54}],"player_experience":119843,"relics_obtained":[{"floor":6.0,"key":"Boot"},{"floor":9.0,"key":"Toxic Egg 2"},{"floor":23.0,"key":"Kunai"},{"floor":28.0,"key":"Red Mask"},{"floor":29.0,"key":"Ice Cream"},{"floor":31.0,"key":"Unceasing Top"},{"floor":40.0,"key":"Ninja Scroll"},{"floor":43.0,"key":"Frozen Egg 2"},{"floor":54,"key":"Art of War"}],"event_choices":[{"damage_healed":0.0,"max_hp_gain":0.0,"max_hp_loss":0.0,"gold_gain":0.0,"event_name":"Shining Light","player_choice":"Entered Light","floor":3.0,"gold_loss":0.0,"damage_taken":14.0,"cards_upgraded":["Survivor","Strike_G"]},{"damage_healed":0.0,"max_hp_gain":0.0,"max_hp_loss":0.0,"gold_gain":0.0,"event_name":"FaceTrader","player_choice":"Trade","floor":5.0,"gold_loss":0.0,"damage_taken":0.0,"relics_obtained":["SsserpentHead"]},{"damage_healed":0.0,"max_hp_gain":0.0,"max_hp_loss":0.0,"gold_gain":0.0,"event_name":"Accursed Blacksmith","player_choice":"Forge","floor":12.0,"gold_loss":0.0,"damage_taken":0.0,"cards_upgraded":["Catalyst"]},{"damage_healed":0.0,"max_hp_gain":0.0,"max_hp_loss":0.0,"gold_gain":0.0,"event_name":"The Mausoleum","player_choice":"Opened","floor":19.0,"gold_loss":0.0,"damage_taken":0.0,"relics_obtained":["Molten Egg 2"],"cards_obtained":["Writhe"]},{"damage_healed":0.0,"max_hp_gain":0.0,"max_hp_loss":0.0,"gold_gain":0.0,"event_name":"Ghosts","player_choice":"Ignored","floor":21.0,"gold_loss":0.0,"damage_taken":0.0},{"damage_healed":0.0,"max_hp_gain":5.0,"max_hp_loss":0.0,"gold_gain":0.0,"event_name":"Forgotten Altar","player_choice":"Shed Blood","floor":25.0,"gold_loss":0.0,"damage_taken":18.0},{"damage_healed":0.0,"max_hp_gain":0.0,"max_hp_loss":0.0,"gold_gain":0.0,"event_name":"Masked Bandits","player_choice":"Fought Bandits","floor":28.0,"gold_loss":0.0,"damage_taken":0.0},{"damage_healed":0.0,"max_hp_gain":0.0,"max_hp_loss":0.0,"gold_gain":0.0,"event_name":"Winding Halls","player_choice":"Embrace Madness","floor":36.0,"gold_loss":0.0,"damage_taken":9.0,"cards_obtained":["Madness","Madness"]},{"cards_removed":["Envenom"],"damage_healed":0.0,"max_hp_gain":0.0,"max_hp_loss":0.0,"gold_gain":0.0,"event_name":"Falling","player_choice":"Removed Power","floor":42.0,"gold_loss":0.0,"damage_taken":0.0},{"damage_healed":0.0,"max_hp_gain":0.0,"max_hp_loss":0.0,"gold_gain":0.0,"event_name":"Upgrade Shrine","player_choice":"Upgraded","floor":46.0,"gold_loss":0.0,"damage_taken":0.0,"cards_upgraded":["Noxious Fumes"]}],"is_beta":false,"boss_relics":[{"not_picked":["Eternal Feather","Ring of the Serpent"],"picked":"Fusion Hammer"},{"not_picked":["Philosopher\u0027s Stone","Busted Crown"],"picked":"White Beast Statue"}],"items_purged_floors":[11,37,53],"is_endless":false,"potions_floor_spawned":[7,13,14,24,28,31,33,35,38,39,40,41,44,48,54],"ascension_level":0}