{"gold_per_floor":[110,130,144,94,112,140,140,159,185,185,185,185,198,217,217,294,294,305,321,321],"floor_reached":20,"playtime":1727,"items_purged":[],"score":303,"play_id":"5d412a63-25bf-45a6-9f47-ed2f2120b4bc","local_time":"20190209184709","is_ascension_mode":true,"campfire_choices":[{"data":"Cloak And Dagger","floor":7,"key":"SMITH"},{"data":"Neutralize","floor":10,"key":"SMITH"},{"floor":15,"key":"REST"}],"neow_cost":"PERCENT_DAMAGE","seed_source_timestamp":24170395961923,"circlet_count":0,"master_deck":["AscendersBane","Defend_G","Defend_G","Defend_G","Defend_G","Defend_G","Strike_G","Strike_G","Strike_G","Survivor","Neutralize+1","Trip","Deep Breath","Dagger Throw","Infinite Blades","Slice","Cloak And Dagger+1","Pain","Backstab","Backflip","Burst","Backflip","All Out Attack+1"],"relics":["Ring of the Snake","Bag of Preparation","Smiling Mask","WarpedTongs","WristBlade"],"potions_floor_usage":[6,6,16,19],"damage_taken":[{"damage":0,"enemies":"Small Slimes","floor":1,"turns":2},{"damage":0,"enemies":"2 Louse","floor":2,"turns":3},{"damage":0,"enemies":"Cultist","floor":3,"turns":3},{"damage":1,"enemies":"Looter","floor":5,"turns":3},{"damage":19,"enemies":"3 Sentries","floor":6,"turns":8},{"damage":0,"enemies":"Red Slaver","floor":8,"turns":3},{"damage":0,"enemies":"Blue Slaver","floor":13,"turns":2},{"damage":0,"enemies":"Exordium Thugs","floor":14,"turns":2},{"damage":30,"enemies":"Hexaghost","floor":16,"turns":12},{"damage":18,"enemies":"Spheric Guardian","floor":18,"turns":3},{"damage":7,"enemies":"3 Byrds","floor":19,"turns":6},{"damage":15,"enemies":"Centurion and Healer","floor":20,"turns":3}],"seed_played":"2825139207085639978","potions_obtained":[{"floor":2,"key":"Strength Potion"},{"floor":3,"key":"Fire Potion"},{"floor":13,"key":"Dexterity Potion"},{"floor":18,"key":"AttackPotion"}],"is_trial":false,"path_per_floor":["M","M","M","?","M","E","R","M","T","R","?","?","M","M","R","B",null,"M","M","M"],"character_chosen":"THE_SILENT","items_purchased":[],"campfire_rested":1,"item_purchase_floors":[],"current_hp_per_floor":[44,44,44,44,43,24,24,24,24,24,17,17,17,17,36,6,51,33,26,11],"gold":321,"neow_bonus":"RANDOM_COLORLESS_2","is_prod":false,"is_daily":false,"chose_seed":false,"campfire_upgraded":2,"win_rate":0,"timestamp":1549766829,"path_taken":["M","M","M","?","M","E","R","M","T","R","?","?","M","M","R","BOSS","M","M","M"],"build_version":"2019-01-23","purchased_purges":0,"victory":false,"max_hp_per_floor":[66,66,66,66,66,66,66,66,66,66,66,66,66,66,66,66,66,66,66,66],"card_choices":[{"not_picked":["Bane","Blur","Deadly Poison"],"picked":"SKIP","floor":1},{"not_picked":["Acrobatics","Deadly Poison"],"picked":"Dagger Throw","floor":2},{"not_picked":["Crippling Poison","Dodge and Roll"],"picked":"Infinite Blades","floor":3},{"not_picked":["Bane","Caltrops"],"picked":"Slice","floor":5},{"not_picked":["Phantasmal Killer","Deadly Poison"],"picked":"Cloak And Dagger","floor":6},{"not_picked":["Dagger Throw","Deadly Poison","Outmaneuver"],"picked":"SKIP","floor":8},{"not_picked":["Dagger Throw","Deadly Poison","Outmaneuver"],"picked":"SKIP","floor":8},{"not_picked":["Endless Agony","Deadly Poison"],"picked":"Backstab","floor":13},{"not_picked":["Quick Slash","Crippling Poison"],"picked":"Backflip","floor":14},{"not_picked":["Die Die Die","Grand Finale"],"picked":"Burst","floor":16},{"not_picked":["Noxious Fumes","Crippling Poison"],"picked":"Backflip","floor":18},{"not_picked":["Poisoned Stab","Riddle With Holes"],"picked":"All Out Attack+1","floor":19}],"player_experience":446893,"relics_obtained":[{"floor":6,"key":"Bag of Preparation"},{"floor":9,"key":"Smiling Mask"}],"event_choices":[{"cards_removed":["Strike_G"],"damage_healed":0,"gold_gain":0,"player_choice":"Card Removal","damage_taken":0,"max_hp_gain":0,"max_hp_loss":0,"event_name":"The Cleric","floor":4,"gold_loss":50},{"cards_removed":["Strike_G"],"damage_healed":0,"gold_gain":0,"player_choice":"Card Removal","damage_taken":7,"max_hp_gain":0,"max_hp_loss":0,"event_name":"Golden Wing","floor":11,"gold_loss":0},{"damage_healed":0,"gold_gain":0,"player_choice":"Rummage","damage_taken":0,"relics_obtained":["WarpedTongs"],"max_hp_gain":0,"max_hp_loss":0,"event_name":"Accursed Blacksmith","floor":12,"gold_loss":0,"cards_obtained":["Pain"]}],"is_beta":false,"boss_relics":[{"not_picked":["Busted Crown","Velvet Choker"],"picked":"WristBlade"}],"items_purged_floors":[],"is_endless":false,"potions_floor_spawned":[2,3,5,13,18],"killed_by":"Centurion and Healer","ascension_level":14}