{"gold_per_floor":[116,127,127,143,156,156,2,31,81,97,97,110,139,152,152,152],"floor_reached":16,"playtime":1114,"items_purged":["Strike_R"],"score":114,"play_id":"07e19fde-d545-4cc3-ab52-9714367c9f8c","local_time":"20190211203455","is_ascension_mode":false,"campfire_choices":[{"floor":6,"key":"RECALL"},{"data":"Corruption","floor":11,"key":"SMITH"},{"data":"Flame Barrier","floor":15,"key":"SMITH"}],"neow_cost":"NONE","seed_source_timestamp":476254950803865,"circlet_count":0,"master_deck":["Strike_R","Strike_R","Strike_R","Strike_R","Defend_R","Defend_R","Defend_R","Defend_R","Bash","Pummel","Clothesline","Panacea","Disarm","Corruption+1","Shockwave","Uppercut","Spot Weakness","Flame Barrier+1"],"relics":["Burning Blood","NeowsBlessing","Blue Candle","Juzu Bracelet"],"potions_floor_usage":[8,10,12,13],"damage_taken":[{"damage":0,"enemies":"Jaw Worm","floor":1,"turns":1},{"damage":0,"enemies":"Cultist","floor":2,"turns":1},{"damage":0,"enemies":"Small Slimes","floor":4,"turns":1},{"damage":17,"enemies":"3 Louse","floor":5,"turns":3},{"damage":12,"enemies":"Gremlin Nob","floor":8,"turns":3},{"damage":20,"enemies":"Gremlin Gang","floor":10,"turns":6},{"damage":4,"enemies":"2 Fungi Beasts","floor":12,"turns":2},{"damage":31,"enemies":"Lagavulin","floor":13,"turns":8},{"damage":0,"enemies":"Blue Slaver","floor":14,"turns":3},{"damage":35,"enemies":"Hexaghost","floor":16,"turns":13}],"seed_played":"1384074917525491865","potions_obtained":[{"floor":1,"key":"Weak Potion"},{"floor":2,"key":"EssenceOfSteel"},{"floor":5,"key":"SteroidPotion"},{"floor":10,"key":"AttackPotion"}],"is_trial":false,"path_per_floor":["M","M","?","M","M","R","$","E","T","M","R","M","E","M","R","B"],"character_chosen":"IRONCLAD","items_purchased":["Shockwave"],"campfire_rested":0,"item_purchase_floors":[7],"current_hp_per_floor":[80,80,80,80,69,69,69,63,63,49,49,51,26,32,32,0],"gold":152,"neow_bonus":"THREE_ENEMY_KILL","is_prod":false,"is_daily":false,"chose_seed":false,"campfire_upgraded":2,"win_rate":0,"timestamp":1549935295,"path_taken":["M","M","?","M","?","R","$","E","T","?","R","M","E","M","R","BOSS"],"build_version":"2019-01-23","purchased_purges":1,"victory":false,"max_hp_per_floor":[80,80,80,80,80,80,80,80,80,80,80,80,80,80,80,80],"card_choices":[{"not_picked":["Bloodletting","Flex"],"picked":"Pummel","floor":1},{"not_picked":["Rampage","Perfected Strike"],"picked":"Clothesline","floor":2},{"not_picked":["Body Slam","Flex"],"picked":"Disarm","floor":4},{"not_picked":["Havoc","Seeing Red"],"picked":"Corruption","floor":5},{"not_picked":["Berserk","Anger"],"picked":"Uppercut","floor":8},{"not_picked":["Rage","Flex"],"picked":"Spot Weakness","floor":10},{"not_picked":["Flex","Dual Wield","Sword Boomerang"],"picked":"SKIP","floor":12},{"not_picked":["Battle Trance","Clash"],"picked":"Flame Barrier","floor":13},{"not_picked":["Rampage","Warcry","Anger"],"picked":"SKIP","floor":14}],"player_experience":192883,"relics_obtained":[{"floor":8,"key":"Blue Candle"},{"floor":13,"key":"Juzu Bracelet"}],"event_choices":[{"damage_healed":0,"gold_gain":0,"player_choice":"1 cards matched","damage_taken":0,"max_hp_gain":0,"max_hp_loss":0,"event_name":"Match and Keep!","floor":3,"gold_loss":0,"cards_obtained":["Panacea"]}],"is_beta":false,"boss_relics":[],"items_purged_floors":[7],"is_endless":false,"potions_floor_spawned":[1,2,5,10],"killed_by":"Hexaghost","ascension_level":0}