{"gold_per_floor":[115,190,190,16,34,63,63,63,110,130,130,148,173,189,189,189],"floor_reached":16,"playtime":1269,"items_purged":[],"score":220,"play_id":"2021ca8e-1ba5-4064-bf76-365f96ad1c44","local_time":"20181113185430","is_ascension_mode":true,"campfire_choices":[{"data":"Whirlwind","floor":7.0,"key":"SMITH"},{"data":"Flame Barrier","floor":15.0,"key":"SMITH"}],"neow_cost":"NONE","seed_source_timestamp":0,"circlet_count":0,"master_deck":["AscendersBane","Strike_R","Strike_R","Strike_R","Strike_R","Defend_R","Defend_R","Defend_R","Defend_R","Bash","Juggernaut","Flame Barrier+1","Whirlwind+1","Metallicize","Reckless Charge","Flame Barrier","Shrug It Off","Dual Wield","Feel No Pain","Dark Embrace"],"special_seed":0,"relics":["Burning Blood","Dream Catcher","Bag of Marbles","PreservedInsect","Smiling Mask"],"potions_floor_usage":[16],"damage_taken":[{"damage":11.0,"enemies":"Small Slimes","floor":1.0,"turns":5.0},{"damage":9.0,"enemies":"Jaw Worm","floor":5.0,"turns":5.0},{"damage":19.0,"enemies":"3 Sentries","floor":6.0,"turns":5.0},{"damage":0.0,"enemies":"2 Louse","floor":10.0,"turns":2.0},{"damage":1.0,"enemies":"Exordium Thugs","floor":12.0,"turns":5.0},{"damage":25.0,"enemies":"Gremlin Nob","floor":13.0,"turns":4.0},{"damage":15.0,"enemies":"Exordium Wildlife","floor":14.0,"turns":4.0},{"damage":23,"enemies":"The Guardian","floor":16,"turns":2}],"seed_played":"-1343989150213937252","potions_obtained":[{"floor":1.0,"key":"Strength Potion"},{"floor":5.0,"key":"GamblersBrew"},{"floor":12.0,"key":"FearPotion"},{"floor":13.0,"key":"SpeedPotion"}],"is_trial":false,"path_per_floor":["M","?","?","$","M","E","R","?","T","M","?","M","E","M","R","B"],"character_chosen":"IRONCLAD","items_purchased":["Whirlwind","Metallicize"],"campfire_rested":0,"item_purchase_floors":[4,4],"current_hp_per_floor":[63,52,57,57,54,41,41,36,36,42,42,47,28,19,19,0],"gold":189,"neow_bonus":"ONE_RANDOM_RARE_CARD","is_prod":false,"is_daily":false,"chose_seed":false,"campfire_upgraded":2,"win_rate":0,"timestamp":1542128070,"path_taken":["M","?","?","?","M","E","R","?","T","M","?","M","E","M","R","BOSS"],"build_version":"2018-11-12","purchased_purges":0,"victory":false,"max_hp_per_floor":[75,75,80,80,80,80,80,80,80,80,80,80,80,80,80,80],"card_choices":[{"not_picked":["Spot Weakness","Battle Trance"],"picked":"Flame Barrier","floor":1.0},{"not_picked":["Heavy Blade","Body Slam"],"picked":"Reckless Charge","floor":5.0},{"not_picked":["Clash","Rampage"],"picked":"Flame Barrier","floor":6.0},{"not_picked":["Flex","Clothesline"],"picked":"Shrug It Off","floor":10.0},{"not_picked":["Cleave","Combust"],"picked":"Dual Wield","floor":12.0},{"not_picked":["Armaments","Cleave"],"picked":"Feel No Pain","floor":13.0},{"not_picked":["Anger","Whirlwind"],"picked":"Dark Embrace","floor":14.0}],"player_experience":643022,"relics_obtained":[{"floor":6.0,"key":"Dream Catcher"},{"floor":9.0,"key":"PreservedInsect"},{"floor":13.0,"key":"Smiling Mask"}],"event_choices":[{"damage_healed":0.0,"max_hp_gain":0.0,"max_hp_loss":0.0,"gold_gain":75.0,"event_name":"World of Goop","player_choice":"Gather Gold","floor":2.0,"gold_loss":0.0,"damage_taken":11.0},{"damage_healed":0.0,"max_hp_gain":5.0,"max_hp_loss":0.0,"gold_gain":0.0,"event_name":"Big Fish","player_choice":"Donut","floor":3.0,"gold_loss":0.0,"damage_taken":0.0},{"damage_healed":0.0,"max_hp_gain":0.0,"max_hp_loss":0.0,"gold_gain":0.0,"event_name":"Scrap Ooze","player_choice":"Success","floor":8.0,"gold_loss":0.0,"damage_taken":5.0,"relics_obtained":["Bag of Marbles"]},{"cards_removed":["Strike_R"],"damage_healed":0.0,"max_hp_gain":0.0,"max_hp_loss":0.0,"gold_gain":0.0,"event_name":"Purifier","player_choice":"Purged","floor":11.0,"gold_loss":0.0,"damage_taken":0.0}],"is_beta":true,"boss_relics":[],"items_purged_floors":[],"is_endless":false,"potions_floor_spawned":[1,5,12,13],"killed_by":"The Guardian","ascension_level":20}