{"gold_per_floor":[113,113,113,130,305,305,340,290,314,330,342,376,395,405,405,506,506,523,523,57,57,57,57,57],"floor_reached":24,"playtime":861,"items_purged":["Strike_R"],"score":316,"play_id":"e8c9fe2f-9310-4b8a-82de-d5c94e34659c","local_time":"20190318023400","is_ascension_mode":true,"campfire_choices":[{"data":"Rampage","floor":6,"key":"SMITH"},{"data":"Barricade","floor":15,"key":"SMITH"},{"data":"Body Slam","floor":23,"key":"SMITH"}],"neow_cost":"TEN_PERCENT_HP_LOSS","seed_source_timestamp":341524728060177,"circlet_count":0,"master_deck":["AscendersBane","Strike_R","Strike_R","Strike_R+1","Defend_R","Defend_R","Defend_R","Defend_R","Bash","Immolate","Thunderclap","Rampage+1","Pommel Strike+1","Flame Barrier","Body Slam+1","Barricade+1","Shrug It Off","Uppercut","Feed","Inflame","Blind","True Grit"],"relics":["Black Blood","Gambling Chip","Thread and Needle","Whetstone","Blood Vial","Gremlin Horn"],"potions_floor_usage":[14,18,24,24],"damage_taken":[{"damage":9,"enemies":"2 Louse","floor":1,"turns":3},{"damage":0,"enemies":"Small Slimes","floor":4,"turns":1},{"damage":28,"enemies":"Gremlin Nob","floor":7,"turns":4},{"damage":3,"enemies":"Jaw Worm","floor":10,"turns":2},{"damage":1,"enemies":"Exordium Thugs","floor":11,"turns":5},{"damage":11,"enemies":"3 Sentries","floor":12,"turns":6},{"damage":0,"enemies":"3 Louse","floor":13,"turns":1},{"damage":0,"enemies":"Looter","floor":14,"turns":1},{"damage":53,"enemies":"The Guardian","floor":16,"turns":16},{"damage":32,"enemies":"Shell Parasite","floor":18,"turns":6},{"damage":67,"enemies":"Masked Bandits","floor":24,"turns":4}],"seed_played":"-2934494047285269342","potions_obtained":[{"floor":10,"key":"Swift Potion"},{"floor":12,"key":"AttackPotion"},{"floor":14,"key":"SteroidPotion"},{"floor":18,"key":"SkillPotion"}],"is_trial":false,"path_per_floor":["M","?","?","M","?","R","E","?","T","M","M","E","M","M","R","B",null,"M","?","$","$","?","R","?"],"character_chosen":"IRONCLAD","items_purchased":["Gremlin Horn","Blind","True Grit"],"campfire_rested":0,"item_purchase_floors":[20,20,20],"current_hp_per_floor":[69,66,66,72,72,72,50,50,50,53,58,53,61,69,69,24,60,43,75,75,75,61,61,0],"gold":57,"neow_bonus":"THREE_RARE_CARDS","is_prod":false,"is_daily":false,"chose_seed":false,"campfire_upgraded":3,"win_rate":0,"timestamp":1552844040,"path_taken":["M","?","?","M","?","R","E","?","T","M","M","E","M","M","R","BOSS","M","?","?","$","?","R","?"],"build_version":"2019-01-23","purchased_purges":1,"victory":false,"max_hp_per_floor":[72,72,72,72,72,72,72,72,72,72,72,72,72,72,72,72,72,75,75,75,75,80,80,83],"card_choices":[{"not_picked":["Berserk","Exhume"],"picked":"Immolate","floor":0},{"not_picked":["Havoc","Ghostly Armor"],"picked":"Thunderclap","floor":1},{"not_picked":["Havoc","Sever Soul"],"picked":"Rampage","floor":4},{"not_picked":["Iron Wave","Armaments"],"picked":"Pommel Strike","floor":7},{"not_picked":["True Grit","Havoc"],"picked":"Flame Barrier","floor":10},{"not_picked":["Rage","Pommel Strike"],"picked":"Body Slam","floor":11},{"not_picked":["Clothesline","Shockwave"],"picked":"Barricade","floor":12},{"not_picked":["Whirlwind","Fire Breathing"],"picked":"Shrug It Off","floor":13},{"not_picked":["Body Slam","Cleave"],"picked":"Uppercut","floor":14},{"not_picked":["Brutality","Fiend Fire"],"picked":"Feed","floor":16},{"not_picked":["Pommel Strike","Feel No Pain+1"],"picked":"Inflame","floor":18}],"player_experience":551021,"relics_obtained":[{"floor":7,"key":"Thread and Needle"},{"floor":9,"key":"Whetstone"},{"floor":12,"key":"Blood Vial"}],"event_choices":[{"damage_healed":0,"gold_gain":0,"player_choice":"Success","damage_taken":3,"relics_obtained":["Gambling Chip"],"max_hp_gain":0,"max_hp_loss":0,"event_name":"Scrap Ooze","floor":2,"gold_loss":0},{"damage_healed":0,"gold_gain":0,"cards_transformed":["Strike_R"],"player_choice":"Change","damage_taken":0,"max_hp_gain":0,"max_hp_loss":0,"event_name":"Living Wall","floor":3,"gold_loss":0,"cards_obtained":["Bloodletting"]},{"damage_healed":0,"gold_gain":175,"player_choice":"AGREE","damage_taken":0,"max_hp_gain":0,"max_hp_loss":0,"event_name":"Liars Game","floor":5,"gold_loss":0,"cards_obtained":["Doubt"]},{"cards_removed":["Doubt"],"damage_healed":0,"gold_gain":0,"player_choice":"Card Removal","damage_taken":0,"max_hp_gain":0,"max_hp_loss":0,"event_name":"The Cleric","floor":8,"gold_loss":50},{"cards_removed":["Bloodletting"],"damage_healed":32,"gold_gain":0,"player_choice":"Offered Uncommon","damage_taken":0,"max_hp_gain":0,"max_hp_loss":0,"event_name":"Bonfire Elementals","floor":19,"gold_loss":0},{"damage_healed":0,"gold_gain":0,"player_choice":"Shed Blood","damage_taken":19,"max_hp_gain":5,"max_hp_loss":0,"event_name":"Forgotten Altar","floor":22,"gold_loss":0},{"damage_healed":0,"gold_gain":0,"player_choice":"Fought Bandits","damage_taken":0,"max_hp_gain":0,"max_hp_loss":0,"event_name":"Masked Bandits","floor":24,"gold_loss":0}],"is_beta":false,"boss_relics":[{"not_picked":["Calling Bell","Runic Pyramid"],"picked":"Black Blood"}],"items_purged_floors":[20],"is_endless":false,"potions_floor_spawned":[10,12,14,18],"killed_by":"Masked Bandits","ascension_level":11}