{"gold_per_floor":[119,119,119,139,156,188,204,215,215,274,274],"floor_reached":11,"playtime":640,"items_purged":[],"score":75,"play_id":"02fc57a2-7de9-469b-bad7-263b225905db","local_time":"20190202173732","is_ascension_mode":false,"campfire_choices":[],"neow_cost":"NONE","seed_source_timestamp":119631383381585,"circlet_count":0,"master_deck":["Strike_B","Strike_B","Strike_B","Strike_B","Defend_B","Defend_B","Defend_B","Defend_B","Zap","Dualcast","Beam Cell","Redo","Self Repair","Machine Learning","Ball Lightning","Streamline","Sweeping Beam","Go for the Eyes","Electrodynamics","Reprogram","Self Repair"],"relics":["Orrery","Pen Nib"],"potions_floor_usage":[],"damage_taken":[{"damage":5,"enemies":"Small Slimes","floor":1,"turns":3},{"damage":10,"enemies":"Jaw Worm","floor":4,"turns":4},{"damage":1,"enemies":"2 Louse","floor":5,"turns":2},{"damage":39,"enemies":"Lagavulin","floor":6,"turns":6},{"damage":25,"enemies":"Exordium Wildlife","floor":7,"turns":4},{"damage":13,"enemies":"Blue Slaver","floor":8,"turns":4},{"damage":30,"enemies":"Exordium Thugs","floor":11,"turns":4}],"seed_played":"2210551898672736077","potions_obtained":[{"floor":4,"key":"FocusPotion"},{"floor":8,"key":"Energy Potion"}],"is_trial":false,"path_per_floor":["M","?","?","M","M","E","M","M","T","?","M"],"character_chosen":"DEFECT","items_purchased":[],"campfire_rested":0,"item_purchase_floors":[],"current_hp_per_floor":[75,80,80,77,80,48,30,24,24,24,0],"gold":274,"neow_bonus":"BOSS_RELIC","is_prod":false,"is_daily":false,"chose_seed":false,"campfire_upgraded":0,"win_rate":0,"timestamp":1549147052,"path_taken":["M","?","?","M","M","E","M","M","T","?","M"],"build_version":"2019-01-23","purchased_purges":0,"victory":false,"max_hp_per_floor":[75,80,80,80,80,80,80,80,80,80,80],"card_choices":[{"not_picked":["Cold Snap","Compile Driver"],"picked":"Beam Cell","floor":0},{"not_picked":["Compile Driver","Turbo"],"picked":"Redo","floor":0},{"not_picked":["Fusion","Sweeping Beam"],"picked":"Self Repair","floor":0},{"not_picked":["Stack","Compile Driver"],"picked":"Machine Learning","floor":0},{"not_picked":["Leap","Steam"],"picked":"Ball Lightning","floor":0},{"not_picked":["Lockon","Leap"],"picked":"Streamline","floor":1},{"not_picked":["Barrage","Turbo"],"picked":"Sweeping Beam","floor":4},{"not_picked":["Stack","Conserve Battery"],"picked":"Go for the Eyes","floor":5},{"not_picked":["Tempest","Coolheaded"],"picked":"Electrodynamics","floor":6},{"not_picked":["Cold Snap","Barrage"],"picked":"Reprogram","floor":7},{"not_picked":["Steam","Reinforced Body"],"picked":"Self Repair","floor":8}],"player_experience":135016,"relics_obtained":[{"floor":6,"key":"Pen Nib"}],"event_choices":[{"damage_healed":0,"gold_gain":0,"player_choice":"Donut","damage_taken":0,"max_hp_gain":5,"max_hp_loss":0,"event_name":"Big Fish","floor":2,"gold_loss":0},{"damage_healed":0,"gold_gain":0,"player_choice":"Ignored","damage_taken":0,"max_hp_gain":0,"max_hp_loss":0,"event_name":"Liars Game","floor":3,"gold_loss":0},{"damage_healed":0,"gold_gain":59,"player_choice":"Gained Gold","damage_taken":0,"max_hp_gain":0,"max_hp_loss":0,"event_name":"Golden Wing","floor":10,"gold_loss":0}],"is_beta":false,"boss_relics":[],"items_purged_floors":[],"is_endless":false,"potions_floor_spawned":[4,8],"killed_by":"Exordium Thugs","ascension_level":0}