{"gold_per_floor":[115,134,99,249,266,266,286,286,363,380,380,408,443,443],"floor_reached":14,"playtime":963,"items_purged":[],"score":180,"play_id":"9606b441-455e-488e-860e-6ec48fe10d81","local_time":"20190114005524","is_ascension_mode":true,"campfire_choices":[{"data":"1","floor":6,"key":"LIFT"},{"data":"2","floor":8,"key":"LIFT"}],"neow_cost":"CURSE","seed_source_timestamp":387698300184260,"circlet_count":0,"master_deck":["AscendersBane","Defend_G","Defend_G","Defend_G","Defend_G","Defend_G","Strike_G","Strike_G","Strike_G","Strike_G","Strike_G","Survivor","Neutralize","Decay","Blur","Crippling Poison","Doubt","Cloak And Dagger","Tactician","Concentrate","Injury","Terror","Footwork"],"relics":["Ring of the Snake","Girya","Mummified Hand","Golden Idol","Odd Mushroom","Potion Belt"],"potions_floor_usage":[10,12,13],"damage_taken":[{"damage":4,"enemies":"2 Louse","floor":1,"turns":4},{"damage":20,"enemies":"Jaw Worm","floor":2,"turns":7},{"damage":5,"enemies":"Small Slimes","floor":5,"turns":5},{"damage":6,"enemies":"Looter","floor":7,"turns":4},{"damage":0,"enemies":"Exordium Wildlife","floor":10,"turns":4},{"damage":9,"enemies":"The Mushroom Lair","floor":12,"turns":5},{"damage":37,"enemies":"3 Sentries","floor":13,"turns":13},{"damage":8,"enemies":"3 Louse","floor":14,"turns":3}],"seed_played":"4625606455512176394","potions_obtained":[{"floor":1,"key":"AttackPotion"},{"floor":7,"key":"Regen Potion"},{"floor":12,"key":"Explosive Potion"}],"is_trial":false,"path_per_floor":["M","M","?","?","M","R","M","R","T","M","?","?","E","M"],"character_chosen":"THE_SILENT","items_purchased":[],"campfire_rested":0,"item_purchase_floors":[],"current_hp_per_floor":[55,35,51,51,46,46,40,40,40,49,49,40,3,0],"gold":443,"neow_bonus":"ONE_RARE_RELIC","is_prod":false,"is_daily":false,"chose_seed":false,"campfire_upgraded":0,"win_rate":0,"timestamp":1547420124,"path_taken":["M","M","?","?","M","R","M","R","T","?","?","?","E","M"],"build_version":"2019-01-10","purchased_purges":0,"victory":false,"max_hp_per_floor":[66,66,66,66,66,66,66,66,66,66,66,66,66,66],"card_choices":[{"not_picked":["Bane","Prepared"],"picked":"Blur","floor":1},{"not_picked":["Poisoned Stab","Acrobatics"],"picked":"Crippling Poison","floor":2},{"not_picked":["Skewer","Backflip"],"picked":"Cloak And Dagger","floor":5},{"not_picked":["Sucker Punch","Deflect"],"picked":"Tactician","floor":7},{"not_picked":["Quick Slash","Riddle With Holes"],"picked":"Concentrate","floor":10},{"not_picked":["Accuracy","Prepared"],"picked":"Terror","floor":12},{"not_picked":["Catalyst","Sucker Punch"],"picked":"Footwork","floor":13}],"player_experience":670291,"relics_obtained":[{"floor":9,"key":"Mummified Hand"},{"floor":12,"key":"Odd Mushroom"},{"floor":13,"key":"Potion Belt"}],"event_choices":[{"damage_healed":16,"gold_gain":0,"player_choice":"Healed","damage_taken":0,"max_hp_gain":0,"max_hp_loss":0,"event_name":"The Cleric","floor":3,"gold_loss":35},{"damage_healed":0,"gold_gain":150,"player_choice":"AGREE","damage_taken":0,"max_hp_gain":0,"max_hp_loss":0,"event_name":"Liars Game","floor":4,"gold_loss":0,"cards_obtained":["Doubt"]},{"damage_healed":0,"gold_gain":0,"player_choice":"Take Wound","damage_taken":0,"relics_obtained":["Golden Idol"],"max_hp_gain":0,"max_hp_loss":0,"event_name":"Golden Idol","floor":11,"gold_loss":0,"cards_obtained":["Injury"]},{"damage_healed":0,"gold_gain":0,"player_choice":"Fought Mushrooms","damage_taken":0,"max_hp_gain":0,"max_hp_loss":0,"event_name":"Mushrooms","floor":12,"gold_loss":0}],"is_beta":true,"boss_relics":[],"items_purged_floors":[],"is_endless":false,"potions_floor_spawned":[1,7,12],"killed_by":"3 Louse","ascension_level":20}