{"gold_per_floor":[117,137,137,154,166,196,196,209,262,279,289,289,302,332,332,429,429,447,460,478,478,148,158,58,58,58,58,78,94,110,137,137,137],"floor_reached":33,"playtime":3480,"items_purged":["Strike_B","Strike_B"],"score":285,"play_id":"5f7e24ed-ea3a-4ff3-a16a-0b68adf8baca","local_time":"20190316164848","is_ascension_mode":false,"campfire_choices":[{"data":"Zap","floor":7,"key":"SMITH"},{"data":"Defragment","floor":15,"key":"SMITH"},{"floor":25,"key":"RECALL"},{"floor":27,"key":"REST"},{"data":"Creative AI","floor":32,"key":"SMITH"}],"neow_cost":"NONE","seed_source_timestamp":253131278535694,"circlet_count":0,"master_deck":["Strike_B","Strike_B","Defend_B","Defend_B","Defend_B","Defend_B","Zap+1","Dualcast","Doom and Gloom+1","Auto Shields","Ball Lightning","Compile Driver","Loop","Gash","Leap","Self Repair+1","Defragment+1","Electrodynamics","Streamline+1","Undo+1","Genetic Algorithm+1","Redo","FTL","Creative AI+1","Biased Cognition"],"relics":["Cracked Core","Ice Cream","Bag of Preparation","Question Card","Potion Belt","Philosopher\u0027s Stone","Letter Opener","Smiling Mask"],"potions_floor_usage":[6,16,18,31,31,33,33,33],"damage_taken":[{"damage":0,"enemies":"2 Louse","floor":1,"turns":2},{"damage":0,"enemies":"Small Slimes","floor":2,"turns":2},{"damage":0,"enemies":"Cultist","floor":4,"turns":4},{"damage":11,"enemies":"Exordium Thugs","floor":5,"turns":6},{"damage":12,"enemies":"Lagavulin","floor":6,"turns":7},{"damage":2,"enemies":"Blue Slaver","floor":8,"turns":3},{"damage":0,"enemies":"Looter","floor":10,"turns":3},{"damage":3,"enemies":"3 Louse","floor":11,"turns":3},{"damage":1,"enemies":"Exordium Wildlife","floor":13,"turns":3},{"damage":13,"enemies":"Gremlin Nob","floor":14,"turns":5},{"damage":28,"enemies":"Slime Boss","floor":16,"turns":8},{"damage":23,"enemies":"2 Thieves","floor":18,"turns":3},{"damage":20,"enemies":"Shell Parasite","floor":19,"turns":4},{"damage":24,"enemies":"Snake Plant","floor":20,"turns":3},{"damage":22,"enemies":"Shelled Parasite and Fungi","floor":23,"turns":5},{"damage":1,"enemies":"Cultist and Chosen","floor":28,"turns":4},{"damage":18,"enemies":"3 Cultists","floor":29,"turns":5},{"damage":5,"enemies":"Centurion and Healer","floor":30,"turns":4},{"damage":14,"enemies":"Slavers","floor":31,"turns":5},{"damage":61,"enemies":"Champ","floor":33,"turns":12}],"seed_played":"3757479210243846157","potions_obtained":[{"floor":2,"key":"Strength Potion"},{"floor":4,"key":"EssenceOfSteel"},{"floor":5,"key":"Fire Potion"},{"floor":13,"key":"EssenceOfSteel"},{"floor":16,"key":"GamblersBrew"},{"floor":19,"key":"FocusPotion"},{"floor":20,"key":"Block Potion"},{"floor":29,"key":"SkillPotion"}],"is_trial":false,"path_per_floor":["M","M","?","M","M","E","R","M","T","M","M","?","M","E","R","B",null,"M","M","M","?","$","M","$","R","T","R","M","M","M","E","R","B"],"character_chosen":"DEFECT","items_purchased":["Letter Opener"],"campfire_rested":1,"item_purchase_floors":[22],"current_hp_per_floor":[82,82,82,82,71,59,59,57,57,57,54,51,50,44,44,16,82,66,53,36,36,36,24,24,24,24,48,47,39,44,40,40,0],"gold":137,"neow_bonus":"TEN_PERCENT_HP_BONUS","is_prod":false,"is_daily":false,"chose_seed":false,"campfire_upgraded":3,"win_rate":0,"timestamp":1552772928,"path_taken":["M","M","?","M","M","E","R","M","T","M","M","?","M","E","R","BOSS","M","M","M","?","$","M","$","R","T","R","?","M","M","E","R","BOSS"],"build_version":"2019-01-23","purchased_purges":2,"victory":false,"max_hp_per_floor":[82,82,82,82,82,82,82,82,82,82,82,82,82,82,82,82,82,82,82,82,82,82,82,82,82,82,82,82,82,82,82,82,82],"card_choices":[{"not_picked":["Turbo","Tempest"],"picked":"Doom and Gloom","floor":1},{"not_picked":["Steam","Beam Cell"],"picked":"Auto Shields","floor":2},{"not_picked":["Rebound","Gash"],"picked":"Ball Lightning","floor":4},{"not_picked":["Reprogram","Barrage","Scrape"],"picked":"SKIP","floor":5},{"not_picked":["Reprogram","Barrage","Scrape"],"picked":"SKIP","floor":5},{"not_picked":["Reprogram","Barrage","Scrape"],"picked":"SKIP","floor":5},{"not_picked":["Fusion","Multi-Cast"],"picked":"Compile Driver","floor":6},{"not_picked":["Barrage","Rebound"],"picked":"Loop","floor":8},{"not_picked":["Compile Driver","Sweeping Beam"],"picked":"Gash","floor":10},{"not_picked":["Reboot","Compile Driver"],"picked":"Leap","floor":11},{"not_picked":["Redo","Beam Cell","Reprogram"],"picked":"Self Repair","floor":13},{"not_picked":["Leap","Heatsinks","Beam Cell"],"picked":"Defragment","floor":14},{"not_picked":["Seek","Machine Learning","All For One"],"picked":"Electrodynamics","floor":16},{"not_picked":["Auto Shields+1","Sweeping Beam+1","Beam Cell"],"picked":"Streamline+1","floor":18},{"not_picked":["Beam Cell","Chaos","Rebound","Darkness"],"picked":"SKIP","floor":19},{"not_picked":["Steam","Redo","Loop"],"picked":"Undo+1","floor":20},{"not_picked":["Barrage","Coolheaded","Beam Cell"],"picked":"Genetic Algorithm+1","floor":23},{"not_picked":["Coolheaded","Steam Power+1","Loop"],"picked":"Redo","floor":28},{"not_picked":["Steam","Stack","Auto Shields"],"picked":"FTL","floor":29},{"not_picked":["Genetic Algorithm","Compile Driver","Static Discharge"],"picked":"Creative AI","floor":30},{"not_picked":["Redo","All For One","Cold Snap+1"],"picked":"Biased Cognition","floor":31}],"player_experience":31728,"relics_obtained":[{"floor":6,"key":"Ice Cream"},{"floor":9,"key":"Bag of Preparation"},{"floor":14,"key":"Potion Belt"},{"floor":31,"key":"Smiling Mask"}],"event_choices":[{"damage_healed":0,"gold_gain":0,"player_choice":"Grow","damage_taken":0,"max_hp_gain":0,"max_hp_loss":0,"event_name":"Living Wall","floor":3,"gold_loss":0,"cards_upgraded":["Doom and Gloom"]},{"damage_healed":0,"gold_gain":0,"player_choice":"Success","damage_taken":3,"relics_obtained":["Question Card"],"max_hp_gain":0,"max_hp_loss":0,"event_name":"Scrap Ooze","floor":12,"gold_loss":0},{"damage_healed":0,"gold_gain":0,"player_choice":"Upgraded","damage_taken":0,"max_hp_gain":0,"max_hp_loss":0,"event_name":"Upgrade Shrine","floor":21,"gold_loss":0,"cards_upgraded":["Self Repair"]}],"is_beta":false,"boss_relics":[{"not_picked":["Calling Bell","Coffee Dripper"],"picked":"Philosopher\u0027s Stone"}],"items_purged_floors":[22,24],"is_endless":false,"potions_floor_spawned":[2,4,5,13,16,19,20,29],"killed_by":"Champ","ascension_level":0}