{"gold_per_floor":[112,125,142,156,41,69,69,102,128,162,175,175,191,191,191,290,290,301,320,52,71,71,82,82,97,142,142],"floor_reached":27,"playtime":1939,"items_purged":["Defend_R"],"score":261,"play_id":"5bb8b291-3cf6-4aff-b7a1-c4800312dfd3","local_time":"20190131165101","is_ascension_mode":true,"campfire_choices":[{"data":"Bash","floor":7,"key":"SMITH"},{"floor":12,"key":"REST"},{"data":"Heavy Blade","floor":15,"key":"SMITH"},{"floor":24,"key":"REST"}],"neow_cost":"NONE","seed_source_timestamp":24303138988252,"circlet_count":0,"master_deck":["Strike_R","Strike_R","Strike_R","Defend_R","Defend_R","Defend_R","Bash+1","Cleave","Inflame","Inflame","Dual Wield","Evolve","Heavy Blade+1","Barricade","Dropkick"],"relics":["Burning Blood","Omamori","Potion Belt","Boot","PreservedInsect","Runic Pyramid","Lee\u0027s Waffle","Blood Vial"],"potions_floor_usage":[6,8,8,8,11,16,16],"damage_taken":[{"damage":3,"enemies":"Jaw Worm","floor":1,"turns":4},{"damage":1,"enemies":"Cultist","floor":2,"turns":4},{"damage":3,"enemies":"Small Slimes","floor":3,"turns":3},{"damage":7,"enemies":"2 Fungi Beasts","floor":4,"turns":3},{"damage":26,"enemies":"Lagavulin","floor":6,"turns":7},{"damage":14,"enemies":"Gremlin Nob","floor":8,"turns":3},{"damage":26,"enemies":"Lagavulin","floor":10,"turns":7},{"damage":3,"enemies":"Large Slime","floor":11,"turns":5},{"damage":8,"enemies":"Red Slaver","floor":13,"turns":4},{"damage":52,"enemies":"Hexaghost","floor":16,"turns":5},{"damage":43,"enemies":"3 Byrds","floor":18,"turns":6},{"damage":28,"enemies":"Spheric Guardian","floor":19,"turns":4},{"damage":47,"enemies":"3 Cultists","floor":21,"turns":5},{"damage":43,"enemies":"Snake Plant","floor":23,"turns":3},{"damage":18,"enemies":"Snecko","floor":25,"turns":4},{"damage":41,"enemies":"Centurion and Healer","floor":27,"turns":4}],"seed_played":"6945612777544148604","potions_obtained":[{"floor":1,"key":"EntropicBrew"},{"floor":3,"key":"Strength Potion"},{"floor":4,"key":"Regen Potion"},{"floor":10,"key":"AttackPotion"},{"floor":21,"key":"Ancient Potion"},{"floor":25,"key":"Dexterity Potion"}],"is_trial":false,"path_per_floor":["?","M"],"character_chosen":"IRONCLAD","items_purchased":["Evolve","Dropkick","Lee\u0027s Waffle"],"campfire_rested":2,"item_purchase_floors":[5,20,20],"current_hp_per_floor":[80,80,80,79,79,68,68,60,60,40,43,67,65,65,65,19,80,43,21,87,46,46,9,35,23,23,0],"gold":142,"neow_bonus":"TRANSFORM_CARD","is_prod":false,"is_daily":false,"chose_seed":false,"campfire_upgraded":2,"win_rate":0,"timestamp":1548971461,"path_taken":["M","M","M","M","$","E","R","E","T","E","M","R","M","?","R","BOSS","M","?","$","M","$","M","R","M","T","M"],"build_version":"2019-01-23","purchased_purges":1,"victory":false,"max_hp_per_floor":[80,80,80,80,80,80,80,80,80,80,80,80,80,80,80,80,80,80,80,87,87,87,87,87,87,87,87],"card_choices":[{"not_picked":["Entrench","Heavy Blade"],"picked":"Inflame","floor":1},{"not_picked":["Havoc","True Grit","Blood for Blood"],"picked":"SKIP","floor":2},{"not_picked":["Headbutt","Shockwave"],"picked":"Inflame","floor":3},{"not_picked":["Dropkick","Spot Weakness"],"picked":"Dual Wield","floor":4},{"not_picked":["Bloodletting","Rage","Searing Blow"],"picked":"SKIP","floor":6},{"not_picked":["Havoc","Perfected Strike","Second Wind"],"picked":"SKIP","floor":8},{"not_picked":["Ghostly Armor","Demon Form","Carnage"],"picked":"SKIP","floor":10},{"not_picked":["Perfected Strike","Clothesline","Whirlwind"],"picked":"SKIP","floor":11},{"not_picked":["Sword Boomerang","Headbutt"],"picked":"Heavy Blade","floor":13},{"not_picked":["Feed","Impervious"],"picked":"Barricade","floor":16},{"not_picked":["Clash+1","Reckless Charge","Wild Strike"],"picked":"SKIP","floor":18},{"not_picked":["Headbutt+1","Flex+1","Clash"],"picked":"SKIP","floor":19},{"not_picked":["Twin Strike","Cleave","Headbutt"],"picked":"SKIP","floor":21},{"not_picked":["Perfected Strike","True Grit","Warcry"],"picked":"SKIP","floor":23},{"not_picked":["Heavy Blade","Cleave","Headbutt"],"picked":"SKIP","floor":25}],"player_experience":33664,"relics_obtained":[{"floor":6,"key":"Omamori"},{"floor":8,"key":"Potion Belt"},{"floor":9,"key":"Boot"},{"floor":10,"key":"PreservedInsect"},{"floor":26,"key":"Blood Vial"}],"event_choices":[{"cards_removed":["Strike_R"],"damage_healed":0,"gold_gain":0,"player_choice":"Purged","damage_taken":0,"max_hp_gain":0,"max_hp_loss":0,"event_name":"Purifier","floor":14,"gold_loss":0}],"is_beta":false,"boss_relics":[{"not_picked":["Lizard Tail","Black Blood"],"picked":"Runic Pyramid"}],"items_purged_floors":[5],"is_endless":false,"potions_floor_spawned":[1,3,4,10,21,25],"killed_by":"Centurion and Healer","ascension_level":2}