{"gold_per_floor":[112,131,144,144,164,198,218,218,218,218,218,234,269,283,283,361,361,380,380,400,116,116],"floor_reached":22,"playtime":2297,"items_purged":["Strike_R"],"score":396,"play_id":"b890f15a-2aa3-462f-bd43-f9f764004204","local_time":"20181114165653","is_ascension_mode":true,"campfire_choices":[{"floor":10.0,"key":"REST"},{"data":"Armaments","floor":15.0,"key":"SMITH"}],"neow_cost":"NONE","seed_source_timestamp":0,"circlet_count":0,"master_deck":["AscendersBane","Strike_R","Strike_R","Strike_R","Defend_R","Defend_R","Defend_R","Defend_R","Bash","Armaments+1","Dual Wield","Whirlwind","Headbutt","Reaper","Flex","Inflame","Barricade","Entrench","Feed","Shockwave","Shrug It Off","Mayhem"],"special_seed":0,"relics":["Burning Blood","Shuriken","Self Forming Clay","Darkstone Periapt","Mark of Pain","FaceOfCleric"],"potions_floor_usage":[16,20,22],"damage_taken":[{"damage":16.0,"enemies":"Jaw Worm","floor":1.0,"turns":5.0},{"damage":9.0,"enemies":"Cultist","floor":2.0,"turns":5.0},{"damage":6.0,"enemies":"2 Louse","floor":3.0,"turns":3.0},{"damage":7.0,"enemies":"Looter","floor":5.0,"turns":4.0},{"damage":35.0,"enemies":"3 Sentries","floor":6.0,"turns":5.0},{"damage":19.0,"enemies":"Exordium Thugs","floor":7.0,"turns":5.0},{"damage":21.0,"enemies":"Lots of Slimes","floor":12.0,"turns":4.0},{"damage":20.0,"enemies":"Lagavulin","floor":13.0,"turns":6.0},{"damage":8.0,"enemies":"3 Louse","floor":14.0,"turns":3.0},{"damage":12,"enemies":"Hexaghost","floor":16,"turns":18},{"damage":25,"enemies":"2 Thieves","floor":18,"turns":5},{"damage":22,"enemies":"Shell Parasite","floor":20,"turns":12},{"damage":45,"enemies":"Sentry and Sphere","floor":22,"turns":10}],"seed_played":"7827271812577611596","potions_obtained":[{"floor":2.0,"key":"SteroidPotion"},{"floor":6.0,"key":"PowerPotion"},{"floor":7.0,"key":"SteroidPotion"},{"floor":13.0,"key":"Weak Potion"},{"floor":14.0,"key":"Block Potion"},{"floor":18,"key":"Weak Potion"}],"is_trial":false,"path_per_floor":["M","M","M","?","M","E","M","?","T","R","?","M","E","M","R","B",null,"M","?","M","$","M"],"character_chosen":"IRONCLAD","items_purchased":["Mayhem"],"campfire_rested":1,"item_purchase_floors":[21],"current_hp_per_floor":[65,62,62,62,61,32,25,7,7,31,26,23,9,25,25,19,66,54,54,42,42,0],"gold":116,"neow_bonus":"TEN_PERCENT_HP_BONUS","is_prod":false,"is_daily":false,"chose_seed":false,"campfire_upgraded":1,"win_rate":0,"timestamp":1542207413,"path_taken":["M","M","M","?","?","E","M","?","T","R","?","M","E","M","R","BOSS","M","?","M","$","M"],"build_version":"2018-11-13","purchased_purges":1,"victory":false,"max_hp_per_floor":[82,82,82,82,82,82,82,82,82,82,82,82,82,82,82,82,82,82,82,86,86,86],"card_choices":[{"not_picked":["Twin Strike","Sever Soul"],"picked":"Armaments","floor":1.0},{"not_picked":["Armaments","Sword Boomerang"],"picked":"Dual Wield","floor":2.0},{"not_picked":["Twin Strike","Entrench"],"picked":"Whirlwind","floor":3.0},{"not_picked":["Entrench","Searing Blow"],"picked":"Headbutt","floor":5.0},{"not_picked":["Anger","Wild Strike"],"picked":"Reaper","floor":6.0},{"not_picked":["Heavy Blade","Armaments"],"picked":"Flex","floor":7.0},{"not_picked":["Perfected Strike","Pommel Strike"],"picked":"Inflame","floor":12.0},{"not_picked":["Flex","Warcry"],"picked":"Barricade","floor":13.0},{"not_picked":["Combust","Pommel Strike"],"picked":"Entrench","floor":14.0},{"not_picked":["Juggernaut","Bludgeon"],"picked":"Feed","floor":16},{"not_picked":["Anger","Perfected Strike+1"],"picked":"Shockwave","floor":18},{"not_picked":["Warcry","Headbutt+1"],"picked":"Shrug It Off","floor":20}],"player_experience":650693,"relics_obtained":[{"floor":6.0,"key":"Shuriken"},{"floor":9.0,"key":"Self Forming Clay"},{"floor":13.0,"key":"Darkstone Periapt"}],"event_choices":[{"cards_removed":["Strike_R"],"damage_healed":0.0,"max_hp_gain":0.0,"max_hp_loss":0.0,"gold_gain":0.0,"event_name":"Wheel of Change","player_choice":"Card Removal","floor":4.0,"gold_loss":0.0,"damage_taken":0.0},{"damage_healed":0.0,"max_hp_gain":0.0,"max_hp_loss":0.0,"gold_gain":0.0,"event_name":"Scrap Ooze","player_choice":"Fled","floor":8.0,"gold_loss":0.0,"damage_taken":18.0},{"damage_healed":0.0,"max_hp_gain":0.0,"max_hp_loss":0.0,"gold_gain":0.0,"event_name":"The Woman in Blue","player_choice":"Bought 0 Potions","floor":11.0,"gold_loss":0.0,"damage_taken":0.0},{"damage_healed":0,"gold_gain":0,"player_choice":"Trade","damage_taken":0,"relics_obtained":["FaceOfCleric"],"max_hp_gain":0,"max_hp_loss":0,"event_name":"FaceTrader","floor":19,"gold_loss":0}],"is_beta":true,"boss_relics":[{"not_picked":["Lizard Tail","Philosopher\u0027s Stone"],"picked":"Mark of Pain"}],"items_purged_floors":[21],"is_endless":false,"potions_floor_spawned":[2,6,7,13,14,18],"killed_by":"Sentry and Sphere","ascension_level":20}