{"gold_per_floor":[117,117,117,42,59,92,129,160,226,238,267,310,333,420,432,542,554,576,604,273,273,348,374,391,416,416,416,431,431,450,450,450,552,602,620,620,14,24,24,49,149,196,196,223,239,162,172,190,190,190,190,190,66,100,100],"floor_reached":56,"playtime":5527,"items_purged":["Strike_B","Decay"],"score":1473,"play_id":"6272a5ed-53b7-4046-9c99-4e7eec723fc4","local_time":"20190317193625","is_ascension_mode":true,"campfire_choices":[{"floor":15.0,"key":"REST"},{"floor":29.0,"key":"RECALL"},{"floor":32.0,"key":"REST"},{"data":"Echo Form","floor":49,"key":"SMITH"},{"data":"Apotheosis","floor":52,"key":"SMITH"}],"neow_cost":"TEN_PERCENT_HP_LOSS","seed_source_timestamp":0,"circlet_count":0,"master_deck":["Zap","Go for the Eyes","Ball Lightning","Leap","Hologram","Sweeping Beam","BootSequence","Conserve Battery","Core Surge","Cold Snap","Defragment","Heatsinks","Chill+1","Gash","Compile Driver+1","Loop","Apotheosis+1","Defragment","BootSequence","Storm","Coolheaded","Echo Form+1","Stack+1","Defragment","Madness","Madness","Self Repair","Panache","Blizzard+1","Dark Shackles","Enlightenment+1","Go for the Eyes","Conserve Battery","Conserve Battery+1","Electrodynamics","Defragment","Force Field+1","Compile Driver","Stack"],"special_seed":0,"relics":["Cracked Core","MawBank","Odd Mushroom","Mango","Darkstone Periapt","Pandora\u0027s Box","Oddly Smooth Stone","Torii","Bird Faced Urn","Gremlin Horn","PreservedInsect","Tiny House","Mummified Hand","Bag of Marbles","Ice Cream","FossilizedHelix","Dream Catcher","Orichalcum","War Paint"],"potions_floor_usage":[50,54,55,55,55,55],"damage_taken":[{"damage":0.0,"enemies":"Cultist","floor":1.0,"turns":3.0},{"damage":0.0,"enemies":"Jaw Worm","floor":5.0,"turns":3.0},{"damage":14.0,"enemies":"Gremlin Nob","floor":6.0,"turns":4.0},{"damage":7.0,"enemies":"The Mushroom Lair","floor":7.0,"turns":4.0},{"damage":0.0,"enemies":"2 Louse","floor":8.0,"turns":2.0},{"damage":0.0,"enemies":"Looter","floor":11.0,"turns":3.0},{"damage":14.0,"enemies":"3 Sentries","floor":12.0,"turns":8.0},{"damage":0.0,"enemies":"Red Slaver","floor":13.0,"turns":3.0},{"damage":19.0,"enemies":"The Guardian","floor":16.0,"turns":10.0},{"damage":21.0,"enemies":"2 Thieves","floor":18.0,"turns":4.0},{"damage":0.0,"enemies":"Chosen","floor":19.0,"turns":4.0},{"damage":15.0,"enemies":"Slavers","floor":23.0,"turns":3.0},{"damage":17.0,"enemies":"Shelled Parasite and Fungi","floor":24.0,"turns":5.0},{"damage":22.0,"enemies":"Gremlin Leader","floor":25.0,"turns":7.0},{"damage":7.0,"enemies":"Snake Plant","floor":28.0,"turns":4.0},{"damage":8.0,"enemies":"Snecko","floor":30.0,"turns":4.0},{"damage":22.0,"enemies":"Collector","floor":33.0,"turns":9.0},{"damage":5.0,"enemies":"3 Shapes","floor":35.0,"turns":5.0},{"damage":10.0,"enemies":"Orb Walker","floor":38.0,"turns":4.0},{"damage":1.0,"enemies":"Giant Head","floor":40.0,"turns":7.0},{"damage":25.0,"enemies":"Mind Bloom Boss Battle","floor":41.0,"turns":5.0},{"damage":15.0,"enemies":"2 Orb Walkers","floor":42.0,"turns":5.0},{"damage":0.0,"enemies":"Reptomancer","floor":44.0,"turns":4.0},{"damage":0.0,"enemies":"3 Darklings","floor":45.0,"turns":4.0},{"damage":0.0,"enemies":"Spire Growth","floor":47.0,"turns":5.0},{"damage":9.0,"enemies":"4 Shapes","floor":48.0,"turns":3.0},{"damage":12,"enemies":"Donu and Deca","floor":50,"turns":6},{"damage":56,"enemies":"Shield and Spear","floor":54,"turns":6},{"damage":58,"enemies":"The Heart","floor":55,"turns":8}],"seed_played":"3594047012749715380","potions_obtained":[{"floor":5.0,"key":"Dexterity Potion"},{"floor":6.0,"key":"Poison Potion"},{"floor":12.0,"key":"AttackPotion"},{"floor":16.0,"key":"GamblersBrew"},{"floor":18.0,"key":"Explosive Potion"},{"floor":30.0,"key":"EssenceOfSteel"},{"floor":33.0,"key":"PowerPotion"},{"floor":34.0,"key":"FairyPotion"},{"floor":38.0,"key":"EntropicBrew"},{"floor":40.0,"key":"Regen Potion"},{"floor":42.0,"key":"Block Potion"},{"floor":48.0,"key":"Block Potion"}],"is_trial":false,"path_per_floor":["M","?","?","$","M","E","?","M","T","T","M","E","M","?","R","B",null,"M","M","$","?","?","E","M","E","T","?","M","R","M","?","R","B",null,"M","?","$","M","?","E","?","?","T","E","M","$","M","M","R","B",null,"R","$","E","B",null],"character_chosen":"DEFECT","items_purchased":["Apotheosis","Oddly Smooth Stone","Mummified Hand","Self Repair","Panache","Defragment","Force Field","Compile Driver"],"campfire_rested":2,"item_purchase_floors":[20,20,37,37,37,46,53,53],"current_hp_per_floor":[68,54,54,54,54,40,33,33,33,47,47,33,33,22,46,27,82,61,61,61,82,74,59,42,20,20,20,21,21,17,23,49,37,93,92,80,80,86,81,93,93,93,93,93,93,93,93,93,93,91,93,93,93,78,71],"gold":100,"neow_bonus":"REMOVE_TWO","is_prod":false,"is_daily":false,"chose_seed":false,"campfire_upgraded":2,"win_rate":0,"timestamp":1552865785,"path_taken":["M","?","?","?","M","E","?","M","T","?","M","E","?","?","R","BOSS","M","M","$","?","?","E","?","E","T","?","M","R","M","?","R","BOSS","M","?","$","M","?","E","?","?","T","E","?","$","M","M","R","BOSS","R","$","E","BOSS"],"build_version":"2019-01-23","purchased_purges":2,"victory":true,"max_hp_per_floor":[68,68,68,68,68,68,68,68,68,82,82,82,82,82,82,82,82,82,82,82,82,82,82,82,82,82,82,82,82,82,88,88,88,93,93,93,93,93,93,93,93,93,93,93,93,93,93,93,93,93,93,93,93,93,93],"card_choices":[{"not_picked":["Gash","Rebound"],"picked":"Go for the Eyes","floor":1.0},{"not_picked":["Barrage","Consume","Sweeping Beam"],"picked":"SKIP","floor":5.0},{"not_picked":["Recycle","Darkness"],"picked":"Ball Lightning","floor":6.0},{"not_picked":["Ball Lightning","Streamline"],"picked":"Leap","floor":7.0},{"not_picked":["Redo","Amplify"],"picked":"Hologram","floor":8.0},{"not_picked":["Melter","Streamline"],"picked":"Sweeping Beam","floor":11.0},{"not_picked":["Recycle","Beam Cell"],"picked":"BootSequence","floor":12.0},{"not_picked":["Turbo","Storm"],"picked":"Conserve Battery","floor":13.0},{"not_picked":["Rainbow","Creative AI"],"picked":"Core Surge","floor":16.0},{"not_picked":["Steam","Hologram"],"picked":"Compile Driver+1","floor":18.0},{"not_picked":["Sweeping Beam","Conserve Battery"],"picked":"Loop","floor":19.0},{"not_picked":["All For One","Sunder"],"picked":"Defragment","floor":23.0},{"not_picked":["Rebound","Leap","Steam+1"],"picked":"SKIP","floor":24.0},{"not_picked":["Sweeping Beam","Hologram"],"picked":"BootSequence","floor":25.0},{"not_picked":["Ball Lightning","Beam Cell"],"picked":"Storm","floor":28.0},{"not_picked":["Ball Lightning","Skim+1"],"picked":"Coolheaded","floor":30.0},{"not_picked":["Core Surge","Creative AI"],"picked":"Echo Form","floor":33.0},{"not_picked":["Hologram+1","Barrage"],"picked":"Stack+1","floor":34.0},{"not_picked":["Rebound","Barrage+1"],"picked":"Defragment","floor":35.0},{"not_picked":["Turbo+1","Barrage"],"picked":"Blizzard+1","floor":38.0},{"not_picked":["HandOfGreed","Trip"],"picked":"Dark Shackles","floor":39.0},{"not_picked":["Chrysalis","Bandage Up"],"picked":"Enlightenment","floor":39.0},{"not_picked":["Reboot","Undo+1"],"picked":"Go for the Eyes","floor":40.0},{"not_picked":["Go for the Eyes","Cold Snap"],"picked":"Conserve Battery","floor":41.0},{"not_picked":["Ball Lightning+1","Turbo"],"picked":"Conserve Battery+1","floor":42.0},{"not_picked":["Melter+1","Fusion+1","Tempest+1"],"picked":"SKIP","floor":44.0},{"not_picked":["Redo","Reprogram"],"picked":"Electrodynamics","floor":45.0},{"not_picked":["Sweeping Beam+1","Stack","Steam"],"picked":"SKIP","floor":47.0},{"not_picked":["Sunder","Steam+1","Thunder Strike"],"picked":"SKIP","floor":48.0},{"not_picked":["Beam Cell","Melter+1"],"picked":"Stack","floor":54}],"player_experience":312685,"relics_obtained":[{"floor":6.0,"key":"MawBank"},{"floor":7.0,"key":"Odd Mushroom"},{"floor":10.0,"key":"Mango"},{"floor":12.0,"key":"Darkstone Periapt"},{"floor":23.0,"key":"Torii"},{"floor":25.0,"key":"Bird Faced Urn"},{"floor":26.0,"key":"Gremlin Horn"},{"floor":40.0,"key":"Bag of Marbles"},{"floor":41.0,"key":"Ice Cream"},{"floor":42.0,"key":"FossilizedHelix"},{"floor":43.0,"key":"Dream Catcher"},{"floor":44.0,"key":"Orichalcum"},{"floor":54,"key":"War Paint"}],"event_choices":[{"damage_healed":0.0,"max_hp_gain":0.0,"max_hp_loss":0.0,"gold_gain":0.0,"event_name":"Shining Light","player_choice":"Entered Light","floor":2.0,"gold_loss":0.0,"damage_taken":14.0,"cards_upgraded":["Defend_B","Strike_B"]},{"cards_removed":["Defend_B"],"damage_healed":0.0,"max_hp_gain":0.0,"max_hp_loss":0.0,"gold_gain":0.0,"event_name":"Living Wall","player_choice":"Forget","floor":3.0,"gold_loss":0.0,"damage_taken":0.0},{"damage_healed":0.0,"max_hp_gain":0.0,"max_hp_loss":0.0,"gold_gain":0.0,"event_name":"Mushrooms","player_choice":"Fought Mushrooms","floor":7.0,"gold_loss":0.0,"damage_taken":0.0},{"damage_healed":0.0,"max_hp_gain":0.0,"max_hp_loss":0.0,"gold_gain":75.0,"event_name":"World of Goop","player_choice":"Gather Gold","floor":14.0,"gold_loss":0.0,"damage_taken":11.0},{"damage_healed":27.0,"max_hp_gain":0.0,"max_hp_loss":0.0,"gold_gain":0.0,"event_name":"The Library","player_choice":"Heal","floor":21.0,"gold_loss":0.0,"damage_taken":0.0},{"damage_healed":0.0,"max_hp_gain":0.0,"max_hp_loss":0.0,"gold_gain":75.0,"event_name":"FaceTrader","player_choice":"Touch","floor":22.0,"gold_loss":0.0,"damage_taken":8.0},{"damage_healed":0.0,"max_hp_gain":0.0,"max_hp_loss":0.0,"gold_gain":0.0,"event_name":"The Mausoleum","player_choice":"Opened","floor":27.0,"gold_loss":0.0,"damage_taken":0.0,"relics_obtained":["PreservedInsect"]},{"damage_healed":0.0,"max_hp_gain":0.0,"max_hp_loss":0.0,"gold_gain":0.0,"event_name":"Forgotten Altar","player_choice":"Smashed Altar","floor":31.0,"gold_loss":0.0,"damage_taken":0.0,"cards_obtained":["Decay"]},{"damage_healed":0.0,"max_hp_gain":0.0,"max_hp_loss":0.0,"gold_gain":0.0,"event_name":"Winding Halls","player_choice":"Embrace Madness","floor":36.0,"gold_loss":0.0,"damage_taken":12.0,"cards_obtained":["Madness","Madness"]},{"damage_healed":0.0,"max_hp_gain":0.0,"max_hp_loss":0.0,"gold_gain":0.0,"event_name":"SensoryStone","player_choice":"Memory 2","floor":39.0,"gold_loss":0.0,"damage_taken":5.0},{"damage_healed":0.0,"max_hp_gain":0.0,"max_hp_loss":0.0,"gold_gain":0.0,"event_name":"MindBloom","player_choice":"Fight","floor":41.0,"gold_loss":0.0,"damage_taken":0.0},{"damage_healed":0.0,"max_hp_gain":0.0,"max_hp_loss":0.0,"gold_gain":0.0,"event_name":"Mysterious Sphere","player_choice":"Fight","floor":42.0,"gold_loss":0.0,"damage_taken":0.0}],"is_beta":false,"boss_relics":[{"not_picked":["White Beast Statue","Orrery"],"picked":"Pandora\u0027s Box"},{"not_picked":["Velvet Choker","Calling Bell"],"picked":"Tiny House"}],"items_purged_floors":[4,37],"is_endless":false,"potions_floor_spawned":[5,6,12,16,18,30,33,38,40,41,42,48],"ascension_level":3}