{"gold_per_floor":[118,118,43,58,133,163,163,63,63,80,93,104,116,144,144,144],"floor_reached":16,"playtime":7360,"items_purged":["Strike_R","Strike_R"],"score":137,"play_id":"78311511-94c3-4653-bec5-8450b7bae690","local_time":"20190317191913","is_ascension_mode":false,"campfire_choices":[{"data":"True Grit","floor":7,"key":"SMITH"},{"floor":15,"key":"REST"}],"neow_cost":"NONE","seed_source_timestamp":1182882323931617,"circlet_count":0,"master_deck":["Strike_R","Strike_R","Strike_R","Defend_R","Defend_R","Defend_R","Defend_R","Bash","Iron Wave","True Grit+1","Pommel Strike","Heavy Blade","Iron Wave","Whirlwind","Headbutt"],"relics":["Burning Blood","NeowsBlessing","Pen Nib","Ornamental Fan","PreservedInsect"],"potions_floor_usage":[14,14,14],"damage_taken":[{"damage":0,"enemies":"Cultist","floor":1,"turns":1},{"damage":0,"enemies":"2 Louse","floor":4,"turns":1},{"damage":0,"enemies":"Gremlin Nob","floor":6,"turns":1},{"damage":3,"enemies":"Jaw Worm","floor":10,"turns":5},{"damage":32,"enemies":"Gremlin Gang","floor":11,"turns":8},{"damage":0,"enemies":"2 Fungi Beasts","floor":12,"turns":6},{"damage":3,"enemies":"Lots of Slimes","floor":13,"turns":6},{"damage":21,"enemies":"Lagavulin","floor":14,"turns":8},{"damage":70,"enemies":"The Guardian","floor":16,"turns":16}],"seed_played":"-8002280824100517581","potions_obtained":[{"floor":2,"key":"Weak Potion"},{"floor":11,"key":"SpeedPotion"},{"floor":13,"key":"Fire Potion"}],"is_trial":false,"path_per_floor":["M","?","$","M","?","E","R","$","T","M","M","M","M","E","R","B"],"character_chosen":"IRONCLAD","items_purchased":[],"campfire_rested":1,"item_purchase_floors":[],"current_hp_per_floor":[80,80,80,80,69,75,75,75,75,78,52,58,61,46,70,0],"gold":144,"neow_bonus":"THREE_ENEMY_KILL","is_prod":false,"is_daily":false,"chose_seed":false,"campfire_upgraded":1,"win_rate":0,"timestamp":1552864753,"path_taken":["M","?","?","M","?","E","R","$","T","M","M","?","?","E","R","BOSS"],"build_version":"2019-01-23","purchased_purges":2,"victory":false,"max_hp_per_floor":[80,80,80,80,80,80,80,80,80,80,80,80,80,80,80,80],"card_choices":[{"not_picked":["Flex","Armaments"],"picked":"Iron Wave","floor":1},{"not_picked":["Flame Barrier","Metallicize"],"picked":"True Grit","floor":4},{"not_picked":["Clothesline","Warcry","Corruption"],"picked":"SKIP","floor":6},{"not_picked":["Metallicize","Heavy Blade"],"picked":"Pommel Strike","floor":10},{"not_picked":["Iron Wave","Intimidate"],"picked":"Heavy Blade","floor":11},{"not_picked":["Warcry","Shockwave"],"picked":"Iron Wave","floor":12},{"not_picked":["Headbutt","Sentinel"],"picked":"Whirlwind","floor":13},{"not_picked":["Clothesline","Corruption"],"picked":"Headbutt","floor":14}],"player_experience":49738,"relics_obtained":[{"floor":6,"key":"Pen Nib"},{"floor":9,"key":"Ornamental Fan"},{"floor":14,"key":"PreservedInsect"}],"event_choices":[{"damage_healed":0,"gold_gain":0,"player_choice":"Got Potions","damage_taken":0,"max_hp_gain":0,"max_hp_loss":0,"event_name":"Lab","floor":2,"gold_loss":0},{"damage_healed":0,"gold_gain":75,"player_choice":"Gather Gold","damage_taken":11,"max_hp_gain":0,"max_hp_loss":0,"event_name":"World of Goop","floor":5,"gold_loss":0}],"is_beta":false,"boss_relics":[],"items_purged_floors":[3,8],"is_endless":false,"potions_floor_spawned":[11,13],"killed_by":"The Guardian","ascension_level":0}