{"gold_per_floor":[118,132,142,152,166,197,197,43,43,43],"floor_reached":10,"playtime":835,"items_purged":["Strike_G"],"score":123,"play_id":"e2918bf8-b2f1-4f0b-b96b-90caac0221d5","local_time":"20190209221542","is_ascension_mode":true,"campfire_choices":[{"data":"Cloak And Dagger","floor":7,"key":"SMITH"}],"neow_cost":"NONE","seed_source_timestamp":37575769058619,"circlet_count":0,"master_deck":["AscendersBane","Defend_G+1","Defend_G","Defend_G","Defend_G","Defend_G","Strike_G","Strike_G","Strike_G","Strike_G","Survivor","Neutralize","Cloak And Dagger+1","Footwork","Cloak And Dagger+1","Quick Slash","Malaise"],"relics":["Ring of the Snake","NeowsBlessing","War Paint","Meat on the Bone"],"potions_floor_usage":[5,10,10],"damage_taken":[{"damage":0,"enemies":"2 Louse","floor":1,"turns":1},{"damage":0,"enemies":"Jaw Worm","floor":2,"turns":1},{"damage":0,"enemies":"Small Slimes","floor":3,"turns":1},{"damage":9,"enemies":"Exordium Wildlife","floor":4,"turns":5},{"damage":0,"enemies":"3 Louse","floor":5,"turns":4},{"damage":19,"enemies":"3 Sentries","floor":6,"turns":13},{"damage":24,"enemies":"Lagavulin","floor":10,"turns":9}],"seed_played":"-4546629100394448326","potions_obtained":[{"floor":4,"key":"Swift Potion"},{"floor":6,"key":"SneckoOil"}],"is_trial":false,"path_per_floor":["M","M","M","M","M","E","R","$","T","E"],"character_chosen":"THE_SILENT","items_purchased":["Regen Potion"],"campfire_rested":0,"item_purchase_floors":[8],"current_hp_per_floor":[59,59,59,50,50,31,31,31,31,22],"gold":43,"neow_bonus":"THREE_ENEMY_KILL","is_prod":false,"is_daily":false,"chose_seed":false,"campfire_upgraded":1,"win_rate":0,"timestamp":1549779342,"path_taken":["M","M","M","M","M","E","R","$","T","E"],"build_version":"2019-01-23","purchased_purges":1,"victory":false,"max_hp_per_floor":[66,66,66,66,66,66,66,66,66,66],"card_choices":[{"not_picked":["Deflect","Underhanded Strike"],"picked":"Cloak And Dagger","floor":1},{"not_picked":["Backflip","Blade Dance"],"picked":"Footwork","floor":2},{"not_picked":["Predator","Sucker Punch"],"picked":"Cloak And Dagger","floor":3},{"not_picked":["Reflex","Catalyst"],"picked":"Quick Slash","floor":4},{"not_picked":["Escape Plan","Dash"],"picked":"Malaise","floor":5},{"not_picked":["Deflect","Setup","Reflex"],"picked":"SKIP","floor":6}],"player_experience":460201,"relics_obtained":[{"floor":6,"key":"War Paint"},{"floor":9,"key":"Meat on the Bone"}],"event_choices":[],"is_beta":false,"boss_relics":[],"items_purged_floors":[8],"is_endless":false,"potions_floor_spawned":[4,6],"killed_by":"Lagavulin","ascension_level":15}