{"gold_per_floor":[110,110,130,142,0,0,0,0,24,24,42,75,91,104,104,206,206,226,148,148,148,148],"floor_reached":22,"playtime":927,"items_purged":["Bash"],"score":285,"play_id":"fa599cf1-b942-4811-bdbf-d5d63acadb4d","local_time":"20190316042752","is_ascension_mode":true,"campfire_choices":[{"data":"Uppercut","floor":6,"key":"SMITH"},{"data":"Seeing Red","floor":7,"key":"SMITH"},{"data":"Evolve","floor":10,"key":"SMITH"},{"data":"Flex","floor":15,"key":"SMITH"}],"neow_cost":"TEN_PERCENT_HP_LOSS","seed_source_timestamp":175493484137523,"circlet_count":0,"master_deck":["AscendersBane","Shrug It Off+1","Seeing Red+1","Uppercut+1","Evolve+1","Whirlwind","Ghostly Armor","Armaments","Flex+1","Feed","Fiend Fire","Double Tap","Brutality","Sentinel","Heavy Blade","Immolate","Cleave","Limit Break","Clothesline","Warcry","True Grit","Headbutt","True Grit"],"relics":["Burning Blood","WingedGreaves","Lantern","Anchor","Pandora\u0027s Box"],"potions_floor_usage":[3,11,16],"damage_taken":[{"damage":13,"enemies":"Jaw Worm","floor":1,"turns":4},{"damage":0,"enemies":"Cultist","floor":3,"turns":4},{"damage":5,"enemies":"2 Louse","floor":4,"turns":3},{"damage":5,"enemies":"Gremlin Gang","floor":11,"turns":5},{"damage":15,"enemies":"3 Sentries","floor":12,"turns":8},{"damage":7,"enemies":"Exordium Wildlife","floor":13,"turns":6},{"damage":2,"enemies":"2 Fungi Beasts","floor":14,"turns":3},{"damage":37,"enemies":"Slime Boss","floor":16,"turns":13},{"damage":31,"enemies":"Shell Parasite","floor":18,"turns":7},{"damage":27,"enemies":"Colosseum Slavers","floor":22,"turns":4}],"seed_played":"5755933536267159822","potions_obtained":[{"floor":1,"key":"FearPotion"},{"floor":4,"key":"FearPotion"},{"floor":14,"key":"Dexterity Potion"}],"is_trial":false,"path_per_floor":["M","?","M","M","$","R","R","?","T","R","M","E","M","M","R","B",null,"M","$","?","?","?"],"character_chosen":"IRONCLAD","items_purchased":["Evolve","True Grit","Headbutt"],"campfire_rested":0,"item_purchase_floors":[5,19,19],"current_hp_per_floor":[65,65,71,72,72,72,72,72,72,72,72,63,62,66,66,35,63,41,41,41,27,0],"gold":148,"neow_bonus":"ONE_RARE_RELIC","is_prod":false,"is_daily":false,"chose_seed":false,"campfire_upgraded":4,"win_rate":0,"timestamp":1552678072,"path_taken":["M","?","M","?","?","R","R","?","T","R","M","E","?","M","R","BOSS","M","$","?","?","?"],"build_version":"2019-01-23","purchased_purges":1,"victory":false,"max_hp_per_floor":[72,72,72,72,72,72,72,72,72,72,72,72,72,72,72,72,72,75,75,75,80,80],"card_choices":[{"not_picked":["Dropkick","Entrench"],"picked":"Shrug It Off","floor":1},{"not_picked":["Warcry","Heavy Blade"],"picked":"Seeing Red","floor":3},{"not_picked":["Clash","Anger"],"picked":"Uppercut","floor":4},{"not_picked":["Clothesline","Twin Strike"],"picked":"Whirlwind","floor":11},{"not_picked":["Body Slam","Anger"],"picked":"Ghostly Armor","floor":12},{"not_picked":["Body Slam","Iron Wave"],"picked":"Armaments","floor":13},{"not_picked":["Clothesline","Rage"],"picked":"Flex","floor":14},{"not_picked":["Juggernaut","Dark Embrace"],"picked":"Feed","floor":16},{"not_picked":["Metallicize","Havoc"],"picked":"Warcry","floor":18}],"player_experience":537065,"relics_obtained":[{"floor":9,"key":"Lantern"},{"floor":12,"key":"Anchor"}],"event_choices":[{"damage_healed":0,"gold_gain":0,"player_choice":"0 cards matched","damage_taken":0,"max_hp_gain":0,"max_hp_loss":0,"event_name":"Match and Keep!","floor":2,"gold_loss":0,"cards_obtained":[]},{"damage_healed":0,"gold_gain":0,"player_choice":"Upgraded","damage_taken":0,"max_hp_gain":0,"max_hp_loss":0,"event_name":"Upgrade Shrine","floor":8,"gold_loss":0,"cards_upgraded":["Shrug It Off"]},{"damage_healed":0,"gold_gain":0,"player_choice":"Read","damage_taken":0,"max_hp_gain":0,"max_hp_loss":0,"event_name":"The Library","floor":20,"gold_loss":0,"cards_obtained":["True Grit"]},{"damage_healed":0,"gold_gain":0,"player_choice":"Shed Blood","damage_taken":19,"max_hp_gain":5,"max_hp_loss":0,"event_name":"Forgotten Altar","floor":21,"gold_loss":0},{"damage_healed":0,"gold_gain":0,"player_choice":"Fight","damage_taken":0,"max_hp_gain":0,"max_hp_loss":0,"event_name":"Colosseum","floor":22,"gold_loss":0}],"is_beta":false,"boss_relics":[{"not_picked":["Runic Dome","Empty Cage"],"picked":"Pandora\u0027s Box"}],"items_purged_floors":[5],"is_endless":false,"potions_floor_spawned":[1,4,14],"killed_by":"Colosseum Slavers","ascension_level":11}