{"gold_per_floor":[113,126,136,154,174,174,207,207,207,217,250,261,290,306,306,410,410,425,35,24,24,43,78,78,112,112,112,112,124,150,167,167,263,263,273,273,290,365,52,78,92,125,125,125,36,51,64,64,64,64],"floor_reached":51,"playtime":4573,"items_purged":["Strike_G","Shame","Survivor"],"score":1202,"play_id":"d4d20ef2-abc2-4e65-b7ef-e0a05ea86ac7","local_time":"20190116220040","is_ascension_mode":true,"campfire_choices":[{"data":"1","floor":6,"key":"LIFT"},{"data":"2","floor":15,"key":"LIFT"},{"data":"3","floor":24,"key":"LIFT"},{"data":"Accuracy","floor":28,"key":"SMITH"},{"data":"Wraith Form v2","floor":32,"key":"SMITH"},{"floor":49,"key":"REST"}],"neow_cost":"TEN_PERCENT_HP_LOSS","seed_source_timestamp":2884334067530,"circlet_count":0,"master_deck":["Defend_G+1","Defend_G+1","Defend_G+1","Defend_G+1","Defend_G+1","Strike_G+1","Strike_G+1","Strike_G+1","Strike_G+1","Neutralize","PiercingWail","Flying Knee+1","Skewer+1","Cloak And Dagger","Well Laid Plans","After Image","Sucker Punch+1","Infinite Blades","Infinite Blades","Adrenaline","Burst","Infinite Blades","Cloak And Dagger","Accuracy+1","Endless Agony+1","Accuracy+1","PiercingWail+1","Calculated Gamble+1","Wraith Form v2+1","After Image","Backstab+1","Storm of Steel","Parasite","Apotheosis","Secret Weapon","Discovery"],"relics":["Ring of the Snake","Girya","Sundial","Meat on the Bone","Smiling Mask","Nunchaku","Philosopher\u0027s Stone","Anchor","MealTicket","The Courier","Boot","Pen Nib","Mummified Hand","Centennial Puzzle","Fusion Hammer","Whetstone","Lantern","Ancient Tea Set","Letter Opener"],"potions_floor_usage":[4,7,7,7,11,16,22,23,25,31,33,40,42,50,50],"damage_taken":[{"damage":0,"enemies":"2 Louse","floor":1,"turns":3},{"damage":3,"enemies":"Cultist","floor":2,"turns":6},{"damage":0,"enemies":"Jaw Worm","floor":3,"turns":5},{"damage":6,"enemies":"Lots of Slimes","floor":4,"turns":3},{"damage":3,"enemies":"Blue Slaver","floor":5,"turns":5},{"damage":17,"enemies":"Lagavulin","floor":7,"turns":8},{"damage":0,"enemies":"Exordium Wildlife","floor":10,"turns":4},{"damage":18,"enemies":"3 Sentries","floor":11,"turns":6},{"damage":11,"enemies":"2 Fungi Beasts","floor":12,"turns":4},{"damage":11,"enemies":"Lagavulin","floor":13,"turns":5},{"damage":5,"enemies":"Blue Slaver","floor":14,"turns":3},{"damage":0,"enemies":"Slime Boss","floor":16,"turns":8},{"damage":32,"enemies":"Shell Parasite","floor":18,"turns":5},{"damage":10,"enemies":"2 Thieves","floor":20,"turns":4},{"damage":26,"enemies":"Shelled Parasite and Fungi","floor":22,"turns":7},{"damage":16,"enemies":"Gremlin Leader","floor":23,"turns":6},{"damage":7,"enemies":"Slavers","floor":25,"turns":4},{"damage":5,"enemies":"Centurion and Healer","floor":29,"turns":3},{"damage":30,"enemies":"Gremlin Leader","floor":30,"turns":4},{"damage":0,"enemies":"Sentry and Sphere","floor":31,"turns":3},{"damage":12,"enemies":"Automaton","floor":33,"turns":6},{"damage":0,"enemies":"3 Darklings","floor":35,"turns":6},{"damage":0,"enemies":"Orb Walker","floor":37,"turns":1},{"damage":0,"enemies":"Reptomancer","floor":40,"turns":5},{"damage":2,"enemies":"Sphere and 2 Shapes","floor":41,"turns":4},{"damage":0,"enemies":"Giant Head","floor":42,"turns":6},{"damage":3,"enemies":"4 Shapes","floor":46,"turns":4},{"damage":4,"enemies":"Writhing Mass","floor":47,"turns":5},{"damage":13,"enemies":"Donu and Deca","floor":50,"turns":5}],"seed_played":"-1527005104642407500","potions_obtained":[{"floor":3,"key":"SteroidPotion"},{"floor":5,"key":"EntropicBrew"},{"floor":7,"key":"Regen Potion"},{"floor":10,"key":"LiquidBronze"},{"floor":13,"key":"Regen Potion"},{"floor":14,"key":"GhostInAJar"},{"floor":18,"key":"Ancient Potion"},{"floor":20,"key":"Strength Potion"},{"floor":30,"key":"LiquidBronze"},{"floor":31,"key":"Strength Potion"},{"floor":33,"key":"Ancient Potion"},{"floor":37,"key":"GhostInAJar"},{"floor":46,"key":"Poison Potion"}],"is_trial":false,"path_per_floor":["M","M","M","M","M","R","E","?","T","M","E","M","E","M","R","B",null,"M","$","M","?","M","E","R","E","T","?","R","M","E","M","R","B",null,"M","?","M","?","$","E","M","E","T","?","$","M","M","?","R","B",null],"character_chosen":"THE_SILENT","items_purchased":["Anchor","MealTicket","Whetstone","Fruit Juice","Storm of Steel","PowerPotion"],"campfire_rested":1,"item_purchase_floors":[19,19,39,39,39,45],"current_hp_per_floor":[63,60,60,54,51,51,34,34,34,34,43,32,33,40,40,55,61,41,41,43,43,29,25,25,30,30,30,30,37,19,31,31,31,55,55,55,55,49,63,68,66,66,66,65,65,62,58,48,65,52],"gold":64,"neow_bonus":"ONE_RARE_RELIC","is_prod":false,"is_daily":false,"chose_seed":false,"campfire_upgraded":2,"win_rate":0,"timestamp":1547704840,"path_taken":["M","M","M","M","M","R","E","?","T","M","E","M","E","M","R","BOSS","M","$","M","?","M","E","R","E","T","?","R","M","E","M","R","BOSS","M","?","?","?","$","E","?","E","T","?","?","M","M","?","R","BOSS"],"build_version":"2019-01-10","purchased_purges":3,"victory":true,"max_hp_per_floor":[63,63,63,63,63,63,63,63,63,63,63,63,63,63,63,63,63,63,63,63,63,63,63,63,63,63,63,63,63,63,63,63,63,63,63,63,63,63,63,68,68,68,68,65,65,65,65,65,65,65],"card_choices":[{"not_picked":["Bane","Distraction"],"picked":"PiercingWail","floor":1},{"not_picked":["Underhanded Strike","PiercingWail"],"picked":"Flying Knee","floor":2},{"not_picked":["Deadly Poison","Leg Sweep"],"picked":"Skewer","floor":3},{"not_picked":["Predator","PiercingWail"],"picked":"Cloak And Dagger","floor":4},{"not_picked":["Dagger Throw","Catalyst"],"picked":"Well Laid Plans","floor":5},{"not_picked":["Quick Slash","Heel Hook"],"picked":"After Image","floor":7},{"not_picked":["Dodge and Roll","Deadly Poison"],"picked":"Sucker Punch","floor":10},{"not_picked":["Cloak And Dagger","Flechettes"],"picked":"Infinite Blades","floor":11},{"not_picked":["Dodge and Roll","Finisher"],"picked":"Infinite Blades","floor":12},{"not_picked":["Dagger Spray","Prepared"],"picked":"Adrenaline","floor":13},{"not_picked":["Flechettes","Backflip","Deadly Poison"],"picked":"SKIP","floor":14},{"not_picked":["Tools of the Trade","Grand Finale"],"picked":"Burst","floor":16},{"not_picked":["Tactician","Expertise+1"],"picked":"Infinite Blades","floor":18},{"not_picked":["Flying Knee","Calculated Gamble"],"picked":"Cloak And Dagger","floor":20},{"not_picked":["Noxious Fumes","Finisher"],"picked":"Accuracy","floor":22},{"not_picked":["Dodge and Roll","Quick Slash+1"],"picked":"Endless Agony+1","floor":23},{"not_picked":["Endless Agony+1","Terror"],"picked":"Accuracy","floor":25},{"not_picked":["Quick Slash","Endless Agony+1"],"picked":"PiercingWail+1","floor":29},{"not_picked":["Slice","Catalyst"],"picked":"Calculated Gamble+1","floor":30},{"not_picked":["Noxious Fumes","Poisoned Stab"],"picked":"Wraith Form v2","floor":31},{"not_picked":["Unload","Venomology"],"picked":"After Image","floor":33},{"not_picked":["Backflip+1","Slice+1"],"picked":"Backstab+1","floor":35},{"not_picked":["Tactician+1","Setup+1","Dagger Spray"],"picked":"SKIP","floor":37},{"not_picked":["Backflip","Setup+1","Outmaneuver"],"picked":"SKIP","floor":40},{"not_picked":["Dagger Throw","Deadly Poison+1","Quick Slash+1"],"picked":"SKIP","floor":41},{"not_picked":["Dagger Spray","Grand Finale","Concentrate"],"picked":"SKIP","floor":42},{"not_picked":["Sucker Punch+1","Well Laid Plans+1","Backflip"],"picked":"SKIP","floor":46},{"not_picked":["Outmaneuver+1","Deflect+1","PiercingWail"],"picked":"SKIP","floor":47},{"not_picked":["Sadistic Nature","Good Instincts"],"picked":"Apotheosis","floor":48},{"not_picked":["Panacea","Forethought"],"picked":"Secret Weapon","floor":48},{"not_picked":["Enlightenment","Forethought"],"picked":"Discovery","floor":48}],"player_experience":277805,"relics_obtained":[{"floor":7,"key":"Sundial"},{"floor":9,"key":"Meat on the Bone"},{"floor":11,"key":"Smiling Mask"},{"floor":13,"key":"Nunchaku"},{"floor":23,"key":"Boot"},{"floor":25,"key":"Pen Nib"},{"floor":26,"key":"Mummified Hand"},{"floor":30,"key":"Centennial Puzzle"},{"floor":40,"key":"Lantern"},{"floor":42,"key":"Ancient Tea Set"},{"floor":43,"key":"Letter Opener"}],"event_choices":[{"damage_healed":0,"gold_gain":0,"player_choice":"Upgraded","damage_taken":0,"max_hp_gain":0,"max_hp_loss":0,"event_name":"Upgrade Shrine","floor":8,"gold_loss":0,"cards_upgraded":["Skewer"]},{"damage_healed":0,"gold_gain":0,"player_choice":"Stole Relic","damage_taken":0,"relics_obtained":["The Courier"],"max_hp_gain":0,"max_hp_loss":0,"event_name":"Addict","floor":21,"gold_loss":0,"cards_obtained":["Shame"]},{"damage_healed":0,"gold_gain":0,"player_choice":"Simplicity","damage_taken":0,"max_hp_gain":0,"max_hp_loss":0,"event_name":"Back to Basics","floor":27,"gold_loss":0,"cards_upgraded":["Defend_G","Defend_G","Defend_G","Defend_G","Defend_G","Strike_G","Strike_G","Strike_G","Strike_G"]},{"damage_healed":0,"gold_gain":0,"player_choice":"Upgraded","damage_taken":0,"max_hp_gain":0,"max_hp_loss":0,"event_name":"Upgrade Shrine","floor":36,"gold_loss":0,"cards_upgraded":["Accuracy"]},{"damage_healed":0,"gold_gain":75,"player_choice":"Touch","damage_taken":6,"max_hp_gain":0,"max_hp_loss":0,"event_name":"FaceTrader","floor":38,"gold_loss":0},{"damage_healed":0,"gold_gain":0,"player_choice":"Max HP","damage_taken":0,"max_hp_gain":0,"max_hp_loss":3,"event_name":"Winding Halls","floor":44,"gold_loss":0},{"damage_healed":0,"gold_gain":0,"player_choice":"Memory 3","damage_taken":10,"max_hp_gain":0,"max_hp_loss":0,"event_name":"SensoryStone","floor":48,"gold_loss":0}],"is_beta":false,"boss_relics":[{"not_picked":["Busted Crown","Lizard Tail"],"picked":"Philosopher\u0027s Stone"},{"not_picked":["Coffee Dripper","Cursed Key"],"picked":"Fusion Hammer"}],"items_purged_floors":[19,39,45],"is_endless":false,"potions_floor_spawned":[3,5,7,10,13,14,18,20,30,31,33,37,46],"ascension_level":8}