{"gold_per_floor":[118,193,205,155,165,165,184,184,238,267,267,280,314,314,314,438,438,457,23,23,23,148,148,187,187,233,233,248,288,313,23,23,23],"floor_reached":33,"playtime":9463,"items_purged":["Defend_R","Strike_R"],"score":291,"play_id":"057fbff1-cde9-4cff-839e-1cbf4cbc2f45","local_time":"20190316220541","is_ascension_mode":false,"campfire_choices":[{"data":"Whirlwind","floor":6,"key":"SMITH"},{"data":"Infernal Blade","floor":8,"key":"SMITH"},{"floor":11,"key":"REST"},{"floor":15,"key":"DIG"},{"data":"Double Tap","floor":23,"key":"SMITH"},{"floor":25,"key":"REST"},{"floor":32,"key":"REST"}],"neow_cost":"NONE","seed_source_timestamp":1104818933287886,"circlet_count":0,"master_deck":["Strike_R","Strike_R","Strike_R","Strike_R","Defend_R","Defend_R","Bash","Clothesline","Whirlwind+1","Uppercut","Infernal Blade+1","Flame Barrier","Double Tap+1","Pommel Strike","Injury","Immolate","Twin Strike","Apotheosis","Pommel Strike","Cleave","Intimidate","RitualDagger","Combust","Blood for Blood","Rage+1","Uppercut","Heavy Blade","Blood for Blood","Wild Strike","Spot Weakness","Dropkick","Swift Strike"],"relics":["Runic Pyramid","Blood Vial","Oddly Smooth Stone","Shovel","Golden Idol","Juzu Bracelet","Eternal Feather","MutagenicStrength","Question Card","Prayer Wheel","PreservedInsect","Potion Belt","Vajra"],"potions_floor_usage":[10,33,33,33,33],"damage_taken":[{"damage":1,"enemies":"Cultist","floor":1,"turns":3},{"damage":3,"enemies":"Jaw Worm","floor":3,"turns":3},{"damage":0,"enemies":"2 Louse","floor":5,"turns":2},{"damage":4,"enemies":"Looter","floor":7,"turns":3},{"damage":21,"enemies":"Lagavulin","floor":10,"turns":5},{"damage":4,"enemies":"2 Fungi Beasts","floor":12,"turns":3},{"damage":23,"enemies":"Gremlin Nob","floor":13,"turns":4},{"damage":21,"enemies":"Slime Boss","floor":16,"turns":10},{"damage":0,"enemies":"Chosen","floor":18,"turns":4},{"damage":7,"enemies":"Colosseum Slavers","floor":22,"turns":2},{"damage":12,"enemies":"Colosseum Nobs","floor":22,"turns":4},{"damage":28,"enemies":"Gremlin Leader","floor":24,"turns":5},{"damage":9,"enemies":"Spheric Guardian","floor":28,"turns":4},{"damage":34,"enemies":"Slavers","floor":29,"turns":3},{"damage":20,"enemies":"Centurion and Healer","floor":30,"turns":6},{"damage":68,"enemies":"Collector","floor":33,"turns":10}],"seed_played":"884581714683429731","potions_obtained":[{"floor":3,"key":"Weak Potion"},{"floor":5,"key":"Ancient Potion"},{"floor":13,"key":"GamblersBrew"},{"floor":24,"key":"Swift Potion"},{"floor":29,"key":"EssenceOfSteel"},{"floor":30,"key":"Dexterity Potion"}],"is_trial":false,"path_per_floor":["M","?","M","?","M","R","M","R","T","E","R","M","E","?","R","B",null,"M","$","?","?","?","R","E","R","T","?","M","E","M","$","R","B"],"character_chosen":"IRONCLAD","items_purchased":["Apotheosis","Pommel Strike","Cleave","Intimidate","Spot Weakness","Dropkick","Swift Strike"],"campfire_rested":3,"item_purchase_floors":[19,19,19,19,31,31,31],"current_hp_per_floor":[79,68,65,65,65,65,61,61,61,42,66,64,43,43,43,24,80,80,80,80,74,59,71,45,80,80,80,71,39,21,21,63,0],"gold":23,"neow_bonus":"BOSS_RELIC","is_prod":false,"is_daily":false,"chose_seed":false,"campfire_upgraded":3,"win_rate":0,"timestamp":1552788341,"path_taken":["M","?","M","?","?","R","M","R","T","E","R","M","E","?","R","BOSS","M","$","?","?","?","R","E","R","T","?","M","E","M","$","R","BOSS"],"build_version":"2019-01-23","purchased_purges":2,"victory":false,"max_hp_per_floor":[80,80,80,80,80,80,80,80,80,80,80,80,80,80,80,80,80,80,80,80,80,80,80,80,80,80,80,80,80,80,80,80,80],"card_choices":[{"not_picked":["Heavy Blade","Disarm"],"picked":"Clothesline","floor":1},{"not_picked":["Shockwave","Rage"],"picked":"Whirlwind","floor":3},{"not_picked":["Metallicize","Flex"],"picked":"Uppercut","floor":5},{"not_picked":["Feel No Pain","Armaments"],"picked":"Infernal Blade","floor":7},{"not_picked":["Clothesline","Hemokinesis"],"picked":"Flame Barrier","floor":10},{"not_picked":["Entrench","True Grit"],"picked":"Double Tap","floor":12},{"not_picked":["Carnage","Burning Pact"],"picked":"Pommel Strike","floor":13},{"not_picked":["Impervious","Offering"],"picked":"Immolate","floor":16},{"not_picked":["Flex","Disarm"],"picked":"Twin Strike","floor":18},{"not_picked":["Clash+1","Sword Boomerang"],"picked":"Combust","floor":22},{"not_picked":["Clash","Burning Pact","Rupture+1"],"picked":"Blood for Blood","floor":24},{"not_picked":["Armaments+1","Headbutt+1","Anger"],"picked":"Rage+1","floor":28},{"not_picked":["Juggernaut","Warcry","Sword Boomerang"],"picked":"Uppercut","floor":28},{"not_picked":["Thunderclap","Clash","Second Wind"],"picked":"Heavy Blade","floor":29},{"not_picked":["Anger","Burning Pact+1","Power Through+1"],"picked":"Blood for Blood","floor":30},{"not_picked":["Burning Pact+1","Warcry","Fire Breathing"],"picked":"Wild Strike","floor":30}],"player_experience":23684,"relics_obtained":[{"floor":9,"key":"Blood Vial"},{"floor":10,"key":"Oddly Smooth Stone"},{"floor":13,"key":"Shovel"},{"floor":15,"key":"Juzu Bracelet"},{"floor":22,"key":"Question Card"},{"floor":22,"key":"Prayer Wheel"},{"floor":24,"key":"PreservedInsect"},{"floor":26,"key":"Potion Belt"},{"floor":29,"key":"Vajra"}],"event_choices":[{"damage_healed":0,"gold_gain":75,"player_choice":"Gather Gold","damage_taken":11,"max_hp_gain":0,"max_hp_loss":0,"event_name":"World of Goop","floor":2,"gold_loss":0},{"cards_removed":["Defend_R"],"damage_healed":0,"gold_gain":0,"player_choice":"Card Removal","damage_taken":0,"max_hp_gain":0,"max_hp_loss":0,"event_name":"The Cleric","floor":4,"gold_loss":50},{"damage_healed":0,"gold_gain":0,"player_choice":"Take Wound","damage_taken":0,"relics_obtained":["Golden Idol"],"max_hp_gain":0,"max_hp_loss":0,"event_name":"Golden Idol","floor":14,"gold_loss":0,"cards_obtained":["Injury"]},{"damage_healed":0,"gold_gain":0,"player_choice":"Inject Mutagens","damage_taken":0,"relics_obtained":["MutagenicStrength"],"max_hp_gain":0,"max_hp_loss":0,"event_name":"Drug Dealer","floor":20,"gold_loss":0},{"damage_healed":0,"gold_gain":0,"player_choice":"Joined the Cult","damage_taken":6,"max_hp_gain":0,"max_hp_loss":0,"event_name":"Nest","floor":21,"gold_loss":0,"cards_obtained":["RitualDagger"]},{"damage_healed":0,"gold_gain":0,"player_choice":"Fight","damage_taken":0,"max_hp_gain":0,"max_hp_loss":0,"event_name":"Colosseum","floor":22,"gold_loss":0},{"damage_healed":0,"gold_gain":0,"player_choice":"Fought Nobs","damage_taken":0,"max_hp_gain":0,"max_hp_loss":0,"event_name":"Colosseum","floor":22,"gold_loss":0},{"damage_healed":0,"gold_gain":0,"player_choice":"Ignored","damage_taken":0,"max_hp_gain":0,"max_hp_loss":0,"event_name":"The Mausoleum","floor":27,"gold_loss":0}],"is_beta":false,"boss_relics":[{"not_picked":["White Beast Statue","Tiny House"],"picked":"Eternal Feather"}],"items_purged_floors":[19,31],"is_endless":false,"potions_floor_spawned":[3,5,13,22,24,29,30],"killed_by":"Collector","ascension_level":0}