{"gold_per_floor":[110,35,35,210,110,444,444,458,458,491,509,74,84,96,96,194,194,210,210,60,72,72,72,72,89,136,136,151,167,120,45,45,142,192,208,137,151,82,182,1,1,21,21,21],"floor_reached":44,"playtime":3696,"items_purged":["Strike_B","Defend_B","Defend_B","Strike_B"],"score":511,"play_id":"14d83418-e54b-4820-b9cb-47a3e2c64114","local_time":"20190129160055","is_ascension_mode":false,"campfire_choices":[{"data":"Zap","floor":7,"key":"SMITH"},{"data":"Beam Cell","floor":15,"key":"SMITH"},{"data":"Go for the Eyes","floor":23,"key":"SMITH"},{"data":"Coolheaded","floor":27,"key":"SMITH"},{"floor":32,"key":"REST"},{"data":"Go for the Eyes","floor":41,"key":"SMITH"}],"neow_cost":"NONE","seed_source_timestamp":1569817290852414,"circlet_count":0,"master_deck":["Strike_B","Defend_B","Defend_B","Zap+1","Dualcast","Go for the Eyes+1","FTL","Steam Power","Self Repair","Beam Cell+1","BootSequence","Creative AI+1","Coolheaded+1","Sweeping Beam+1","Capacitor","Go for the Eyes+1","Machine Learning","Go for the Eyes+1","FTL","Beam Cell+1","Capacitor","Panache","Chill"],"relics":["Cracked Core","NeowsBlessing","Old Coin","Mummified Hand","Ginger","Lee\u0027s Waffle","Empty Cage","Nloth\u0027s Gift","Strawberry","Tiny House","Letter Opener"],"potions_floor_usage":[16,21,24,28,33],"damage_taken":[{"damage":0,"enemies":"Jaw Worm","floor":1,"turns":1},{"damage":0,"enemies":"3 Sentries","floor":6,"turns":1},{"damage":0,"enemies":"2 Louse","floor":8,"turns":1},{"damage":38,"enemies":"Gremlin Nob","floor":10,"turns":5},{"damage":0,"enemies":"Cultist","floor":11,"turns":2},{"damage":0,"enemies":"Large Slime","floor":13,"turns":3},{"damage":8,"enemies":"Red Slaver","floor":14,"turns":2},{"damage":71,"enemies":"Slime Boss","floor":16,"turns":13},{"damage":12,"enemies":"3 Byrds","floor":18,"turns":4},{"damage":33,"enemies":"Shell Parasite","floor":21,"turns":7},{"damage":0,"enemies":"Slavers","floor":24,"turns":1},{"damage":18,"enemies":"Shelled Parasite and Fungi","floor":25,"turns":7},{"damage":9,"enemies":"Centurion and Healer","floor":28,"turns":8},{"damage":10,"enemies":"Snecko","floor":29,"turns":5},{"damage":32,"enemies":"Collector","floor":33,"turns":9},{"damage":39,"enemies":"3 Darklings","floor":35,"turns":5},{"damage":21,"enemies":"Orb Walker","floor":37,"turns":4},{"damage":8,"enemies":"Transient","floor":42,"turns":5},{"damage":48,"enemies":"Spire Growth","floor":44,"turns":4}],"seed_played":"-686572048749617479","potions_obtained":[{"floor":11,"key":"EssenceOfSteel"},{"floor":14,"key":"SmokeBomb"},{"floor":16,"key":"Energy Potion"},{"floor":18,"key":"SneckoOil"},{"floor":21,"key":"SpeedPotion"},{"floor":29,"key":"EssenceOfSteel"},{"floor":34,"key":"AttackPotion"},{"floor":42,"key":"Fire Potion"}],"is_trial":false,"path_per_floor":["M","$","?","?","$","E","R","M","T","E","M","$","M","M","R","B",null,"M","?","$","M","?","R","E","M","T","R","M","M","$","?","R","B",null,"M","$","M","$","?","$","R","M","T","M"],"character_chosen":"DEFECT","items_purchased":["Self Repair","Beam Cell","Lee\u0027s Waffle","Go for the Eyes","FTL","Capacitor","Panache"],"campfire_rested":1,"item_purchase_floors":[12,12,12,30,36,38,40],"current_hp_per_floor":[75,75,68,68,68,68,68,68,68,30,30,82,82,74,74,10,82,77,77,77,51,51,51,58,47,54,54,52,49,49,49,75,50,94,62,62,48,48,48,48,48,47,47,0],"gold":21,"neow_bonus":"THREE_ENEMY_KILL","is_prod":false,"is_daily":false,"chose_seed":false,"campfire_upgraded":5,"win_rate":0.0,"timestamp":1548795655,"path_taken":["M","$","?","?","$","E","R","M","T","E","M","?","?","M","R","BOSS","M","?","$","?","?","R","E","M","T","R","?","M","$","?","R","BOSS","M","$","M","$","?","?","R","M","T","M"],"build_version":"2019-01-23","purchased_purges":4,"victory":false,"max_hp_per_floor":[75,75,75,75,75,75,75,75,75,75,75,82,82,82,82,82,82,82,82,82,82,82,82,82,82,89,89,89,89,89,89,89,89,94,94,94,94,94,94,94,94,94,94,94],"card_choices":[{"not_picked":["Rebound","Coolheaded"],"picked":"Go for the Eyes","floor":1},{"not_picked":["Force Field","Tempest","Loop"],"picked":"SKIP","floor":6},{"not_picked":["Consume","Redo"],"picked":"FTL","floor":8},{"not_picked":["Turbo","Double Energy"],"picked":"Steam Power","floor":10},{"not_picked":["Conserve Battery","Undo","Consume"],"picked":"SKIP","floor":11},{"not_picked":["Cold Snap","Chaos","Rebound"],"picked":"SKIP","floor":13},{"not_picked":["Barrage","Steam"],"picked":"BootSequence","floor":14},{"not_picked":["Multi-Cast","Echo Form"],"picked":"Creative AI","floor":16},{"not_picked":["Sweeping Beam+1","Tempest"],"picked":"Turbo","floor":18},{"not_picked":["Redo","Turbo"],"picked":"Coolheaded","floor":21},{"not_picked":["Ball Lightning","Leap","Turbo+1"],"picked":"SKIP","floor":25},{"not_picked":["Streamline","Coolheaded"],"picked":"Sweeping Beam","floor":28},{"not_picked":["Ball Lightning","Compile Driver"],"picked":"Capacitor","floor":29},{"not_picked":["Electrodynamics","Reboot"],"picked":"Machine Learning","floor":33},{"not_picked":["Compile Driver+1","Cold Snap+1"],"picked":"Go for the Eyes+1","floor":35},{"not_picked":["Cold Snap+1","Leap"],"picked":"Beam Cell+1","floor":37},{"not_picked":["Leap+1","Sunder+1"],"picked":"Chill","floor":42}],"player_experience":70191,"relics_obtained":[{"floor":6,"key":"Old Coin"},{"floor":9,"key":"Mummified Hand"},{"floor":10,"key":"Ginger"},{"floor":26,"key":"Strawberry"},{"floor":43,"key":"Letter Opener"}],"event_choices":[{"damage_healed":0,"gold_gain":0,"player_choice":"Success","damage_taken":7,"relics_obtained":["Ancient Tea Set"],"max_hp_gain":0,"max_hp_loss":0,"event_name":"Scrap Ooze","floor":3,"gold_loss":0},{"damage_healed":0,"gold_gain":175,"player_choice":"AGREE","damage_taken":0,"max_hp_gain":0,"max_hp_loss":0,"event_name":"Liars Game","floor":4,"gold_loss":0,"cards_obtained":["Doubt"]},{"damage_healed":0,"gold_gain":0,"player_choice":"Traded Relic","damage_taken":0,"relics_obtained":["Nloth\u0027s Gift"],"max_hp_gain":0,"max_hp_loss":0,"event_name":"N\u0027loth","floor":19,"relics_lost":["Ancient Tea Set"],"gold_loss":0},{"damage_healed":0,"gold_gain":0,"player_choice":"Forge","damage_taken":0,"max_hp_gain":0,"max_hp_loss":0,"event_name":"Accursed Blacksmith","floor":22,"gold_loss":0,"cards_upgraded":["Creative AI"]},{"cards_removed":["Turbo"],"damage_healed":0,"gold_gain":0,"player_choice":"Gave Gold","damage_taken":0,"max_hp_gain":0,"max_hp_loss":0,"event_name":"Beggar","floor":31,"gold_loss":75},{"damage_healed":0,"gold_gain":100,"player_choice":"Pray","damage_taken":0,"max_hp_gain":0,"max_hp_loss":0,"event_name":"Golden Shrine","floor":39,"gold_loss":0}],"is_beta":false,"boss_relics":[{"not_picked":["Calling Bell","Eternal Feather"],"picked":"Empty Cage"},{"not_picked":["Busted Crown","Philosopher\u0027s Stone"],"picked":"Tiny House"}],"items_purged_floors":[2,5,12,20],"is_endless":false,"potions_floor_spawned":[11,14,16,18,21,29,42],"killed_by":"Spire Growth","ascension_level":0}