{"gold_per_floor":[112,37,37,37,54,54,66,66,66,110,110,129,129,129,129,129],"floor_reached":16,"playtime":1123,"items_purged":[],"score":127,"play_id":"f02d8cc6-b4dc-436d-9951-b07749079d22","local_time":"20190317115551","is_ascension_mode":true,"campfire_choices":[{"data":"Noxious Fumes","floor":6,"key":"SMITH"},{"data":"Footwork","floor":11,"key":"SMITH"},{"data":"Neutralize","floor":13,"key":"SMITH"},{"data":"Cloak And Dagger","floor":15,"key":"SMITH"}],"neow_cost":"NONE","seed_source_timestamp":287705260913355,"circlet_count":0,"master_deck":["Defend_G","Defend_G","Defend_G","Defend_G","Defend_G","Strike_G","Strike_G","Strike_G","Strike_G","Strike_G","Survivor","Neutralize+1","Noxious Fumes+1","Footwork+1","Predator","Injury","Corpse Explosion","Cloak And Dagger+1"],"relics":["Ring of the Snake","Strawberry","Golden Idol","Kunai","PreservedInsect","Bag of Marbles"],"potions_floor_usage":[16],"damage_taken":[{"damage":0,"enemies":"2 Louse","floor":1,"turns":4},{"damage":2,"enemies":"Jaw Worm","floor":5,"turns":6},{"damage":0,"enemies":"Cultist","floor":7,"turns":4},{"damage":25,"enemies":"3 Sentries","floor":10,"turns":8},{"damage":3,"enemies":"Looter","floor":12,"turns":4},{"damage":49,"enemies":"Slime Boss","floor":16,"turns":5}],"seed_played":"4892343314172642022","potions_obtained":[{"floor":1,"key":"Dexterity Potion"},{"floor":12,"key":"Dexterity Potion"}],"is_trial":false,"path_per_floor":["M","$","?","$","M","R","M","?","T","E","R","M","R","T","R","B"],"character_chosen":"THE_SILENT","items_purchased":["Footwork"],"campfire_rested":0,"item_purchase_floors":[2],"current_hp_per_floor":[70,70,70,70,68,68,68,68,68,43,43,40,40,40,40,0],"gold":129,"neow_bonus":"RANDOM_COMMON_RELIC","is_prod":false,"is_daily":false,"chose_seed":false,"campfire_upgraded":4,"win_rate":0,"timestamp":1552848951,"path_taken":["M","$","?","$","M","R","M","?","T","E","R","M","R","?","R","BOSS"],"build_version":"2019-01-23","purchased_purges":0,"victory":false,"max_hp_per_floor":[77,77,77,77,77,77,77,77,77,77,77,77,77,77,77,77],"card_choices":[{"not_picked":["Sucker Punch","Blade Dance"],"picked":"Noxious Fumes","floor":1},{"not_picked":["Distraction","Riddle With Holes","Endless Agony"],"picked":"SKIP","floor":5},{"not_picked":["Setup","Prepared"],"picked":"Predator","floor":7},{"not_picked":["Sucker Punch","Riddle With Holes"],"picked":"Corpse Explosion","floor":10},{"not_picked":["Catalyst","Choke"],"picked":"Cloak And Dagger","floor":12}],"player_experience":371234,"relics_obtained":[{"floor":9,"key":"Kunai"},{"floor":10,"key":"PreservedInsect"},{"floor":14,"key":"Bag of Marbles"}],"event_choices":[{"damage_healed":0,"gold_gain":0,"player_choice":"Leave","damage_taken":0,"max_hp_gain":0,"max_hp_loss":0,"event_name":"The Cleric","floor":3,"gold_loss":0},{"damage_healed":0,"gold_gain":0,"player_choice":"Take Wound","damage_taken":0,"relics_obtained":["Golden Idol"],"max_hp_gain":0,"max_hp_loss":0,"event_name":"Golden Idol","floor":8,"gold_loss":0,"cards_obtained":["Injury"]}],"is_beta":false,"boss_relics":[],"items_purged_floors":[],"is_endless":false,"potions_floor_spawned":[1,12],"killed_by":"Slime Boss","ascension_level":6}