{"gold_per_floor":[111,131,147,159,179,210,210,245,271,271,287,316,334,392,404,512,524,547,572,602,43,61,61,86,86,86,86,101,101,3,3,3,3],"floor_reached":33,"playtime":2783,"items_purged":["Defend_G","Clumsy"],"score":422,"play_id":"d5890469-5040-43c7-98a2-b0f6ce3542c0","local_time":"20190105202332","is_ascension_mode":true,"campfire_choices":[{"data":"Cloak And Dagger","floor":7,"key":"SMITH"},{"data":"Cloak And Dagger","floor":10,"key":"SMITH"},{"floor":15,"key":"REST"},{"floor":23,"key":"REST"},{"data":"Accuracy","floor":25,"key":"SMITH"},{"data":"Cloak And Dagger","floor":29,"key":"SMITH"},{"data":"Infinite Blades","floor":32,"key":"SMITH"}],"neow_cost":"NONE","seed_source_timestamp":22078773369411,"circlet_count":0,"master_deck":["Defend_G","Defend_G","Defend_G","Defend_G","Strike_G","Strike_G","Strike_G","Strike_G","Strike_G","Survivor","Neutralize","Dash","Cloak And Dagger+1","Accuracy+1","Riddle With Holes","Acrobatics","Cloak And Dagger+1","Riddle With Holes","Unload","Cloak And Dagger+1","Deflect","Die Die Die","Quick Slash","Malaise","PiercingWail+1","Cloak And Dagger+1","Finisher","Infinite Blades+1","Master of Strategy","Caltrops+1","Backstab+1","Ghostly","Ghostly","Ghostly","Ghostly","Ghostly","Flying Knee+1"],"relics":["Ring of the Snake","Mummified Hand","Bronze Scales","Smiling Mask","Blood Vial","MawBank","Cursed Key","Molten Egg 2","Question Card","Bag of Marbles"],"potions_floor_usage":[6,6,8,12,12,16,20,33,33,33],"damage_taken":[{"damage":2,"enemies":"Cultist","floor":1,"turns":4},{"damage":0,"enemies":"Small Slimes","floor":2,"turns":3},{"damage":1,"enemies":"Jaw Worm","floor":3,"turns":5},{"damage":0,"enemies":"2 Fungi Beasts","floor":4,"turns":3},{"damage":3,"enemies":"Blue Slaver","floor":5,"turns":6},{"damage":12,"enemies":"Lagavulin","floor":6,"turns":8},{"damage":16,"enemies":"3 Sentries","floor":8,"turns":9},{"damage":3,"enemies":"Large Slime","floor":11,"turns":4},{"damage":6,"enemies":"Gremlin Nob","floor":12,"turns":3},{"damage":0,"enemies":"2 Fungi Beasts","floor":13,"turns":3},{"damage":28,"enemies":"Gremlin Nob","floor":14,"turns":4},{"damage":24,"enemies":"Hexaghost","floor":16,"turns":11},{"damage":22,"enemies":"2 Thieves","floor":18,"turns":3},{"damage":6,"enemies":"Chosen","floor":19,"turns":5},{"damage":4,"enemies":"Snake Plant","floor":20,"turns":5},{"damage":13,"enemies":"Sentry and Sphere","floor":22,"turns":4},{"damage":14,"enemies":"Slavers","floor":24,"turns":4},{"damage":2,"enemies":"Cultist and Chosen","floor":28,"turns":6},{"damage":41,"enemies":"Champ","floor":33,"turns":8}],"seed_played":"9060279442867921531","potions_obtained":[{"floor":3,"key":"FearPotion"},{"floor":4,"key":"Dexterity Potion"},{"floor":5,"key":"SkillPotion"},{"floor":8,"key":"AttackPotion"},{"floor":11,"key":"GamblersBrew"},{"floor":14,"key":"EssenceOfSteel"},{"floor":18,"key":"SkillPotion"},{"floor":24,"key":"SteroidPotion"},{"floor":28,"key":"SkillPotion"}],"is_trial":false,"path_per_floor":["M","M","M","M","M","E","R","E","T","R","M","E","M","?","R","B",null,"M","M","M","$","M","R","E","R","T","?","M","R","$","?","R","B"],"character_chosen":"THE_SILENT","items_purchased":["Molten Egg 2","Infinite Blades","Master of Strategy","Swift Potion"],"campfire_rested":2,"item_purchase_floors":[21,21,21,30],"current_hp_per_floor":[68,68,67,67,64,52,52,36,36,36,33,27,29,3,24,2,70,48,44,42,42,31,52,40,40,40,35,33,33,33,33,33,0],"gold":3,"neow_bonus":"THREE_CARDS","is_prod":false,"is_daily":false,"chose_seed":false,"campfire_upgraded":5,"win_rate":0,"timestamp":1546748612,"path_taken":["M","M","?","M","M","E","R","E","T","R","M","E","M","?","R","BOSS","M","M","M","$","M","R","E","R","T","?","M","R","$","?","R","BOSS"],"build_version":"2019-01-03v4","purchased_purges":2,"victory":false,"max_hp_per_floor":[70,70,70,70,70,70,70,70,70,70,70,70,70,70,70,70,70,70,70,70,70,70,70,70,70,70,35,35,35,35,35,35,35],"card_choices":[{"not_picked":["Quick Slash","Cloak And Dagger"],"picked":"Dash","floor":0},{"not_picked":["Outmaneuver","Bane"],"picked":"Cloak And Dagger","floor":1},{"not_picked":["Cloak And Dagger","Deadly Poison"],"picked":"Accuracy","floor":2},{"not_picked":["Slice","Poisoned Stab"],"picked":"Riddle With Holes","floor":3},{"not_picked":["Deadly Poison","Quick Slash"],"picked":"Acrobatics","floor":4},{"not_picked":["Flying Knee","Underhanded Strike"],"picked":"Cloak And Dagger","floor":5},{"not_picked":["Skewer","Dodge and Roll"],"picked":"Riddle With Holes","floor":6},{"not_picked":["Dodge and Roll","Slice"],"picked":"Unload","floor":8},{"not_picked":["Dodge and Roll","Bouncing Flask"],"picked":"Cloak And Dagger","floor":11},{"not_picked":["Prepared","Dagger Throw"],"picked":"Deflect","floor":12},{"not_picked":["Quick Slash","Outmaneuver"],"picked":"Die Die Die","floor":13},{"not_picked":["Outmaneuver","Choke"],"picked":"Quick Slash","floor":14},{"not_picked":["Glass Knife","Unload"],"picked":"Malaise","floor":16},{"not_picked":["Flechettes","Tactician"],"picked":"PiercingWail+1","floor":18},{"not_picked":["Distraction","Bane"],"picked":"Cloak And Dagger+1","floor":19},{"not_picked":["Dagger Throw+1","Backflip+1"],"picked":"Finisher","floor":20},{"not_picked":["Blade Dance+1","Poisoned Stab+1"],"picked":"Caltrops+1","floor":22},{"not_picked":["Poisoned Stab+1","Dagger Throw+1"],"picked":"Backstab+1","floor":24},{"not_picked":["Dash+1","PiercingWail","Dagger Throw+1"],"picked":"Flying Knee+1","floor":28}],"player_experience":159951,"relics_obtained":[{"floor":6,"key":"Mummified Hand"},{"floor":8,"key":"Bronze Scales"},{"floor":9,"key":"Smiling Mask"},{"floor":12,"key":"Blood Vial"},{"floor":14,"key":"MawBank"},{"floor":24,"key":"Question Card"},{"floor":26,"key":"Bag of Marbles"}],"event_choices":[{"damage_healed":0,"gold_gain":0,"player_choice":"Searched \u00272\u0027 times","damage_taken":0,"max_hp_gain":0,"max_hp_loss":0,"event_name":"Dead Adventurer","floor":14,"gold_loss":0},{"damage_healed":0,"gold_gain":0,"player_choice":"Became a Ghost","damage_taken":0,"max_hp_gain":0,"max_hp_loss":35,"event_name":"Ghosts","floor":27,"gold_loss":0,"cards_obtained":["Ghostly","Ghostly","Ghostly","Ghostly","Ghostly"]},{"damage_healed":0,"gold_gain":0,"player_choice":"Ignored","damage_taken":0,"max_hp_gain":0,"max_hp_loss":0,"event_name":"Cursed Tome","floor":31,"gold_loss":0}],"is_beta":false,"boss_relics":[{"not_picked":["Empty Cage","Philosopher\u0027s Stone"],"picked":"Cursed Key"}],"items_purged_floors":[21,30],"is_endless":false,"potions_floor_spawned":[3,4,5,8,11,14,18,24,28],"killed_by":"Champ","ascension_level":4}