{"gold_per_floor":[110,110,127,59,59,85,104,138,162,162,175,202,202,219,219,296,296,314,329,349,309,52,52,52,83,83,83,95,124,138,158,158,158],"floor_reached":33,"playtime":2238,"items_purged":[],"score":530,"play_id":"434e0c1d-3048-407f-9c59-26ea68bc1258","local_time":"20190209163547","is_ascension_mode":true,"campfire_choices":[{"data":"Terror","floor":10,"key":"SMITH"},{"data":"Skewer","floor":15,"key":"SMITH"},{"data":"Glass Knife","floor":23,"key":"SMITH"},{"data":"Wraith Form v2","floor":27,"key":"SMITH"},{"data":"Glass Knife","floor":32,"key":"SMITH"}],"neow_cost":"TEN_PERCENT_HP_LOSS","seed_source_timestamp":0,"circlet_count":0,"master_deck":["AscendersBane","Defend_G","Defend_G","Defend_G","Defend_G","Defend_G","Strike_G","Strike_G","Strike_G","Strike_G","Strike_G","Survivor","Neutralize+1","Noxious Fumes","PiercingWail","Infinite Blades","Sucker Punch","Terror+1","Infinite Blades","Footwork","Skewer+1","Glass Knife+1","Cloak And Dagger+1","Glass Knife+1","Blade Dance+1","Infinite Blades","Shame","Wraith Form v2+1"],"special_seed":0,"relics":["Ring of the Snake","FossilizedHelix","Mercury Hourglass","Matryoshka","Boot","Pen Nib","Art of War","Strawberry","Sozu","Ninja Scroll","Unceasing Top","Gambling Chip","Singing Bowl","War Paint","Red Mask"],"potions_floor_usage":[12,14,16,25],"damage_taken":[{"damage":0.0,"enemies":"Small Slimes","floor":1.0,"turns":4.0},{"damage":0.0,"enemies":"Cultist","floor":3.0,"turns":4.0},{"damage":12.0,"enemies":"Gremlin Nob","floor":6.0,"turns":4.0},{"damage":0.0,"enemies":"Jaw Worm","floor":7.0,"turns":4.0},{"damage":17,"enemies":"Lagavulin","floor":8,"turns":8},{"damage":0,"enemies":"Gremlin Gang","floor":11,"turns":4},{"damage":0,"enemies":"3 Sentries","floor":12,"turns":5},{"damage":0,"enemies":"Red Slaver","floor":14,"turns":3},{"damage":14,"enemies":"The Guardian","floor":16,"turns":9},{"damage":0,"enemies":"Spheric Guardian","floor":18,"turns":2},{"damage":0,"enemies":"2 Thieves","floor":19,"turns":4},{"damage":0,"enemies":"Snake Plant","floor":20,"turns":2},{"damage":10,"enemies":"Slavers","floor":25,"turns":4},{"damage":0,"enemies":"Snecko","floor":28,"turns":1},{"damage":0,"enemies":"Masked Bandits","floor":29,"turns":3},{"damage":5,"enemies":"Cultist and Chosen","floor":30,"turns":5},{"damage":0,"enemies":"Sentry and Sphere","floor":31,"turns":4},{"damage":33,"enemies":"Collector","floor":33,"turns":6}],"seed_played":"8492039697747242833","potions_obtained":[{"floor":1.0,"key":"Swift Potion"},{"floor":11,"key":"SkillPotion"},{"floor":12,"key":"EssenceOfSteel"},{"floor":13,"key":"Strength Potion"},{"floor":16,"key":"Poison Potion"}],"is_trial":false,"path_per_floor":["M","?","M","$","T","E","M","E","T","R","M","E","?","M","R","B",null,"M","M","M","$","$","R","?","E","T","R","M","?","M","M","R","B"],"character_chosen":"THE_SILENT","items_purchased":["Infinite Blades","Infinite Blades","Ninja Scroll"],"campfire_rested":0,"item_purchase_floors":[4,21,22],"current_hp_per_floor":[59,59,59,59,59,47,47,30,30,30,30,37,37,37,37,23,56,56,56,56,56,56,56,56,46,46,46,48,50,47,49,49,16],"gold":158,"neow_bonus":"ONE_RARE_RELIC","is_prod":false,"is_daily":false,"chose_seed":false,"campfire_upgraded":5,"win_rate":0,"timestamp":1549758947,"path_taken":["M","?","M","$","?","E","M","E","T","R","?","E","?","M","R","BOSS","M","?","M","?","$","R","?","E","T","R","M","?","M","M","R","BOSS"],"build_version":"2019-01-23","purchased_purges":0,"victory":false,"max_hp_per_floor":[60,60,60,60,60,60,60,60,60,60,60,67,67,67,67,67,67,67,67,67,67,67,67,67,67,67,67,69,71,73,75,75,75],"card_choices":[{"not_picked":["Concentrate","Dagger Spray"],"picked":"Noxious Fumes","floor":1.0},{"not_picked":["Prepared","Deflect"],"picked":"PiercingWail","floor":3.0},{"not_picked":["Underhanded Strike","Eviscerate"],"picked":"Sucker Punch","floor":6.0},{"not_picked":["Blade Dance","Outmaneuver","Underhanded Strike"],"picked":"SKIP","floor":7.0},{"not_picked":["Setup","Dagger Throw"],"picked":"Terror","floor":8},{"not_picked":["Backstab","Underhanded Strike"],"picked":"Infinite Blades","floor":11},{"not_picked":["Setup","Skewer"],"picked":"Footwork","floor":12},{"not_picked":["Reflex","Outmaneuver"],"picked":"Skewer","floor":14},{"not_picked":["Grand Finale","Burst"],"picked":"Glass Knife","floor":16},{"not_picked":["Expertise","PiercingWail"],"picked":"Cloak And Dagger","floor":18},{"not_picked":["Outmaneuver","Deadly Poison"],"picked":"Glass Knife","floor":19},{"not_picked":["PiercingWail","Deadly Poison"],"picked":"Blade Dance","floor":20},{"not_picked":["Cloak And Dagger","Predator+1"],"picked":"Wraith Form v2","floor":25},{"not_picked":["Deadly Poison","Sucker Punch","Blade Dance"],"picked":"Singing Bowl","floor":28},{"not_picked":["Blade Dance","Caltrops","Outmaneuver"],"picked":"Singing Bowl","floor":29},{"not_picked":["Underhanded Strike","Distraction","Calculated Gamble"],"picked":"Singing Bowl","floor":30},{"not_picked":["Deadly Poison","Riddle With Holes","Quick Slash"],"picked":"Singing Bowl","floor":31}],"player_experience":439292,"relics_obtained":[{"floor":5.0,"key":"Mercury Hourglass"},{"floor":6.0,"key":"Matryoshka"},{"floor":8,"key":"Boot"},{"floor":9,"key":"Pen Nib"},{"floor":9,"key":"Art of War"},{"floor":12,"key":"Strawberry"},{"floor":25,"key":"Gambling Chip"},{"floor":26,"key":"Singing Bowl"},{"floor":26,"key":"War Paint"},{"floor":29,"key":"Red Mask"}],"event_choices":[{"damage_healed":0.0,"max_hp_gain":0.0,"max_hp_loss":0.0,"gold_gain":0.0,"event_name":"Upgrade Shrine","player_choice":"Upgraded","floor":2.0,"gold_loss":0.0,"damage_taken":0.0,"cards_upgraded":["Neutralize"]},{"damage_healed":0,"gold_gain":0,"player_choice":"Got Potions","damage_taken":0,"max_hp_gain":0,"max_hp_loss":0,"event_name":"Lab","floor":13,"gold_loss":0},{"damage_healed":0,"gold_gain":0,"player_choice":"Stole Relic","damage_taken":0,"relics_obtained":["Unceasing Top"],"max_hp_gain":0,"max_hp_loss":0,"event_name":"Addict","floor":24,"gold_loss":0,"cards_obtained":["Shame"]},{"damage_healed":0,"gold_gain":0,"player_choice":"Fought Bandits","damage_taken":0,"max_hp_gain":0,"max_hp_loss":0,"event_name":"Masked Bandits","floor":29,"gold_loss":0}],"is_beta":false,"boss_relics":[{"not_picked":["Calling Bell","Eternal Feather"],"picked":"Sozu"}],"items_purged_floors":[],"is_endless":false,"potions_floor_spawned":[1,11,12,16,19,20,25,31],"killed_by":"Collector","ascension_level":14}