{"gold_per_floor":[359,434,447,447,464,464,489,489,512,512,152,186,197,197],"floor_reached":14,"playtime":504,"items_purged":["Strike_B"],"score":186,"play_id":"28439927-58a5-4953-adb8-573a65016b97","local_time":"20190221151201","is_ascension_mode":true,"campfire_choices":[{"data":"Sunder","floor":6,"key":"SMITH"},{"floor":8,"key":"REST"},{"data":"Zap","floor":10,"key":"SMITH"}],"neow_cost":"TEN_PERCENT_HP_LOSS","seed_source_timestamp":448074315905131,"circlet_count":0,"master_deck":["AscendersBane","Strike_B","Strike_B","Strike_B","Defend_B","Defend_B","Defend_B","Defend_B","Zap+1","Dualcast","Sunder+1","Barrage","Hologram","Conserve Battery","Mayhem","Static Discharge","Machine Learning"],"relics":["Cracked Core","Bag of Preparation","Oddly Smooth Stone","DataDisk"],"potions_floor_usage":[7,7],"damage_taken":[{"damage":7,"enemies":"Jaw Worm","floor":1,"turns":4},{"damage":0,"enemies":"2 Louse","floor":3,"turns":2},{"damage":1,"enemies":"Cultist","floor":5,"turns":3},{"damage":24,"enemies":"Lagavulin","floor":7,"turns":5},{"damage":16,"enemies":"3 Sentries","floor":12,"turns":4},{"damage":10,"enemies":"Lots of Slimes","floor":13,"turns":3},{"damage":20,"enemies":"Large Slime","floor":14,"turns":3}],"seed_played":"-417461166103225158","potions_obtained":[{"floor":3,"key":"AttackPotion"},{"floor":5,"key":"SteroidPotion"},{"floor":13,"key":"Swift Potion"}],"is_trial":false,"path_per_floor":["M","?","M","?","M","R","E","R","T","R","$","E","M","M"],"character_chosen":"DEFECT","items_purchased":["Conserve Battery","Mayhem","Static Discharge"],"campfire_rested":1,"item_purchase_floors":[11,11,11],"current_hp_per_floor":[57,46,46,51,50,50,26,46,46,46,46,30,20,0],"gold":197,"neow_bonus":"TWO_FIFTY_GOLD","is_prod":false,"is_daily":false,"chose_seed":false,"campfire_upgraded":2,"win_rate":0,"timestamp":1550754721,"path_taken":["M","?","M","?","M","R","E","R","T","R","$","E","M","M"],"build_version":"2019-01-23","purchased_purges":1,"victory":false,"max_hp_per_floor":[64,64,64,69,69,69,69,69,69,69,69,69,69,69],"card_choices":[{"not_picked":["Steam","Defragment"],"picked":"Sunder","floor":1},{"not_picked":["Heatsinks","Beam Cell"],"picked":"Barrage","floor":3},{"not_picked":["Skim","Rebound","Beam Cell"],"picked":"SKIP","floor":5},{"not_picked":["Reprogram","Redo"],"picked":"Hologram","floor":7},{"not_picked":["Compile Driver","Steam"],"picked":"Machine Learning","floor":12},{"not_picked":["Steam","Barrage","Gash"],"picked":"SKIP","floor":13}],"player_experience":747654,"relics_obtained":[{"floor":7,"key":"Bag of Preparation"},{"floor":9,"key":"Oddly Smooth Stone"},{"floor":12,"key":"DataDisk"}],"event_choices":[{"damage_healed":0,"gold_gain":75,"player_choice":"Gather Gold","damage_taken":11,"max_hp_gain":0,"max_hp_loss":0,"event_name":"World of Goop","floor":2,"gold_loss":0},{"damage_healed":0,"gold_gain":0,"player_choice":"Donut","damage_taken":0,"max_hp_gain":5,"max_hp_loss":0,"event_name":"Big Fish","floor":4,"gold_loss":0}],"is_beta":false,"boss_relics":[],"items_purged_floors":[11],"is_endless":false,"potions_floor_spawned":[3,5,13],"killed_by":"Large Slime","ascension_level":18}