{"gold_per_floor":[119,18,18,36,36,36,63,75,99,130,130,145,164,184,184,279,279,289,300,300,316,330,330,364,364,391,403],"floor_reached":27,"playtime":1261,"items_purged":["Catalyst"],"score":257,"play_id":"4acecf45-b87b-467b-99c4-f74e399334aa","local_time":"20190204223142","is_ascension_mode":true,"campfire_choices":[{"data":"Dash","floor":6.0,"key":"SMITH"},{"data":"Blade Dance","floor":11.0,"key":"SMITH"},{"data":"Neutralize","floor":15.0,"key":"SMITH"},{"floor":23.0,"key":"REST"},{"floor":25.0,"key":"REST"}],"neow_cost":"PERCENT_DAMAGE","seed_source_timestamp":8972873333037,"circlet_count":0,"master_deck":["Defend_G+1","Defend_G","Defend_G","Defend_G","Strike_G","Strike_G","Strike_G","Survivor+1","Neutralize+1","Flying Knee","Escape Plan","PiercingWail","Dash+1","Backstab","Dagger Throw","Blade Dance+1","Infinite Blades","Backflip","Blur","Storm of Steel","Acrobatics+1","Accuracy","Blade Dance+1"],"special_seed":0,"relics":["Ring of the Snake","War Paint","Regal Pillow","The Specimen","Fusion Hammer","Vajra","MawBank"],"potions_floor_usage":[],"damage_taken":[{"damage":0.0,"enemies":"Jaw Worm","floor":1.0,"turns":5.0},{"damage":0.0,"enemies":"Cultist","floor":4.0,"turns":4.0},{"damage":2.0,"enemies":"Lagavulin","floor":7.0,"turns":5.0},{"damage":0.0,"enemies":"Small Slimes","floor":8.0,"turns":2.0},{"damage":10.0,"enemies":"3 Sentries","floor":10.0,"turns":8.0},{"damage":0.0,"enemies":"Red Slaver","floor":12.0,"turns":2.0},{"damage":0.0,"enemies":"Gremlin Gang","floor":13.0,"turns":4.0},{"damage":8.0,"enemies":"Exordium Thugs","floor":14.0,"turns":4.0},{"damage":6.0,"enemies":"Slime Boss","floor":16.0,"turns":9.0},{"damage":4.0,"enemies":"2 Thieves","floor":18.0,"turns":4.0},{"damage":4.0,"enemies":"Shell Parasite","floor":19.0,"turns":6.0},{"damage":33.0,"enemies":"Snake Plant","floor":21.0,"turns":10.0},{"damage":9.0,"enemies":"Shelled Parasite and Fungi","floor":22.0,"turns":8.0},{"damage":12.0,"enemies":"Slavers","floor":24.0,"turns":7.0},{"damage":0,"enemies":"Sentry and Sphere","floor":27,"turns":1}],"seed_played":"6774497828694704088","potions_obtained":[{"floor":4.0,"key":"Strength Potion"},{"floor":7.0,"key":"Poison Potion"},{"floor":8.0,"key":"Poison Potion"},{"floor":13.0,"key":"Weak Potion"},{"floor":16.0,"key":"GhostInAJar"},{"floor":19.0,"key":"EssenceOfSteel"},{"floor":21.0,"key":"Energy Potion"},{"floor":22.0,"key":"Energy Potion"},{"floor":24.0,"key":"SteroidPotion"}],"is_trial":false,"path_per_floor":["M","$","?","M","$","R","E","M","T","E","R","M","M","M","R","B",null,"M","M","?","M","M","R","E","R","T","M"],"character_chosen":"THE_SILENT","items_purchased":["PiercingWail"],"campfire_rested":2,"item_purchase_floors":[2],"current_hp_per_floor":[49,49,49,49,49,49,47,47,47,37,37,37,37,29,29,23,70,66,62,62,29,20,56,44,70,70,70],"gold":403,"neow_bonus":"TRANSFORM_TWO_CARDS","is_prod":false,"is_daily":false,"chose_seed":false,"campfire_upgraded":3,"win_rate":0,"timestamp":1549315902,"path_taken":["M","$","?","M","?","R","E","M","T","E","R","M","M","?","R","BOSS","M","M","?","M","?","R","E","R","T","M"],"build_version":"2019-01-23","purchased_purges":1,"victory":false,"max_hp_per_floor":[70,70,70,70,70,70,70,70,70,70,70,70,70,70,70,70,70,70,70,70,70,70,70,70,70,70,70],"card_choices":[{"not_picked":["Prepared","Finisher"],"picked":"Escape Plan","floor":1.0},{"not_picked":["Slice","Expertise"],"picked":"Dash","floor":4.0},{"not_picked":["Tactician","Dagger Spray"],"picked":"Backstab","floor":7.0},{"not_picked":["Underhanded Strike","Eviscerate"],"picked":"Dagger Throw","floor":8.0},{"not_picked":["Dagger Spray","Poisoned Stab"],"picked":"Blade Dance","floor":10.0},{"not_picked":["Riddle With Holes","Poisoned Stab"],"picked":"Infinite Blades","floor":12.0},{"not_picked":["Quick Slash","Bane"],"picked":"Backflip","floor":13.0},{"not_picked":["Flying Knee","Poisoned Stab"],"picked":"Blur","floor":14.0},{"not_picked":["Night Terror","Burst"],"picked":"Storm of Steel","floor":16.0},{"not_picked":["Masterful Stab","Outmaneuver"],"picked":"Acrobatics+1","floor":18.0},{"not_picked":["Terror","Dagger Throw"],"picked":"Accuracy","floor":19.0},{"not_picked":["Dagger Throw","Underhanded Strike","Sucker Punch"],"picked":"SKIP","floor":21.0},{"not_picked":["Deadly Poison+1","Bane","Quick Slash"],"picked":"SKIP","floor":22.0},{"not_picked":["Dodge and Roll","Wraith Form v2"],"picked":"Blade Dance+1","floor":24.0}],"player_experience":950681,"relics_obtained":[{"floor":7.0,"key":"War Paint"},{"floor":9.0,"key":"Regal Pillow"},{"floor":10.0,"key":"The Specimen"},{"floor":24.0,"key":"Vajra"},{"floor":26.0,"key":"MawBank"}],"event_choices":[{"cards_removed":["Strike_G"],"damage_healed":0.0,"max_hp_gain":0.0,"max_hp_loss":0.0,"gold_gain":0.0,"event_name":"Purifier","player_choice":"Purged","floor":3.0,"gold_loss":0.0,"damage_taken":0.0},{"damage_healed":0.0,"max_hp_gain":0.0,"max_hp_loss":0.0,"gold_gain":0.0,"event_name":"NoteForYourself","player_choice":"Ignored","floor":20.0,"gold_loss":0.0,"damage_taken":0.0}],"is_beta":true,"boss_relics":[{"not_picked":["Busted Crown","Orrery"],"picked":"Fusion Hammer"}],"items_purged_floors":[2],"is_endless":false,"potions_floor_spawned":[4,7,8,13,16,19,21,22,24],"killed_by":"Sentry and Sphere","ascension_level":1}