{"gold_per_floor":[113,113,93,109,7,7,32,32,32,32,45,62,89,113,113,113],"floor_reached":16,"playtime":429,"items_purged":[],"score":266,"play_id":"74879bed-f903-4cce-959b-75341af4a443","local_time":"20190222204841","is_ascension_mode":true,"campfire_choices":[{"floor":6,"key":"REST"},{"data":"Mind Blast","floor":8,"key":"SMITH"},{"floor":10,"key":"REST"},{"data":"1","floor":15,"key":"LIFT"}],"neow_cost":"NONE","seed_source_timestamp":15554510349946624,"circlet_count":0,"master_deck":["AscendersBane","Strike_R","Strike_R","Strike_R","Strike_R","Strike_R","Defend_R","Defend_R","Defend_R","Defend_R","Bash","Flex","Evolve","Mind Blast+1","Clothesline","Spot Weakness","True Grit","Seeing Red+1"],"relics":["Burning Blood","NeowsBlessing","Girya","Regal Pillow","Frozen Egg 2","Toxic Egg 2","Bag of Marbles"],"potions_floor_usage":[12,13,16],"damage_taken":[{"damage":0,"enemies":"Cultist","floor":1,"turns":1},{"damage":0,"enemies":"Jaw Worm","floor":4,"turns":1},{"damage":0,"enemies":"Lagavulin","floor":7,"turns":1},{"damage":7,"enemies":"2 Louse","floor":11,"turns":2},{"damage":16,"enemies":"Exordium Thugs","floor":12,"turns":4},{"damage":18,"enemies":"3 Sentries","floor":13,"turns":9},{"damage":54,"enemies":"Hexaghost","floor":16,"turns":9}],"seed_played":"4468094557557239406","potions_obtained":[{"floor":1,"key":"Explosive Potion"},{"floor":3,"key":"AttackPotion"},{"floor":4,"key":"Fire Potion"},{"floor":13,"key":"Swift Potion"}],"is_trial":false,"path_per_floor":["M","?","?","M","$","R","E","R","T","R","M","M","E","T","R","B"],"character_chosen":"IRONCLAD","items_purchased":["Mind Blast"],"campfire_rested":2,"item_purchase_floors":[5],"current_hp_per_floor":[74,29,29,35,35,57,63,63,63,75,74,64,52,52,52,0],"gold":113,"neow_bonus":"THREE_ENEMY_KILL","is_prod":false,"is_daily":false,"chose_seed":false,"campfire_upgraded":1,"win_rate":0,"timestamp":1550864921,"path_taken":["M","?","?","M","$","R","E","R","T","R","?","M","E","?","R","BOSS"],"build_version":"2019-01-23","purchased_purges":0,"victory":false,"max_hp_per_floor":[75,75,75,75,75,75,75,75,75,75,75,75,75,75,75,75],"card_choices":[{"not_picked":["Burning Pact","Perfected Strike"],"picked":"Flex","floor":1},{"not_picked":["Carnage","Havoc"],"picked":"Evolve","floor":4},{"not_picked":["Heavy Blade","Evolve"],"picked":"Clothesline","floor":7},{"not_picked":["Sword Boomerang","Carnage"],"picked":"Spot Weakness","floor":11},{"not_picked":["Searing Blow","Flame Barrier"],"picked":"True Grit","floor":12},{"not_picked":["Clothesline","Cleave"],"picked":"Seeing Red","floor":13}],"player_experience":429120,"relics_obtained":[{"floor":7,"key":"Regal Pillow"},{"floor":9,"key":"Frozen Egg 2"},{"floor":13,"key":"Toxic Egg 2"},{"floor":14,"key":"Bag of Marbles"}],"event_choices":[{"damage_healed":0,"gold_gain":0,"player_choice":"Success","damage_taken":45,"relics_obtained":["Girya"],"max_hp_gain":0,"max_hp_loss":0,"event_name":"Scrap Ooze","floor":2,"gold_loss":0},{"damage_healed":0,"gold_gain":0,"player_choice":"Bought 1 Potion","damage_taken":0,"max_hp_gain":0,"max_hp_loss":0,"event_name":"The Woman in Blue","floor":3,"gold_loss":0}],"is_beta":false,"boss_relics":[],"items_purged_floors":[],"is_endless":false,"potions_floor_spawned":[1,4,7,13],"killed_by":"Hexaghost","ascension_level":20}