{"path_per_floor":["M","M","$","?","M","R","?","R","T","?","M","R","M","E","R","B",null,"M","$","?","?","$","E","R","M","T"],"character_chosen":"THE_SILENT","items_purchased":["Blur","Apotheosis","Flying Knee","Acrobatics"],"gold_per_floor":[116,127,49,49,66,66,141,141,141,141,151,151,170,196,196,300,300,312,25,25,25,3,36,36,47,47,47],"floor_reached":27,"campfire_rested":3,"playtime":1340,"current_hp_per_floor":[69,66,66,66,61,61,50,70,84,84,78,78,74,65,84,18,84,71,71,55,55,55,7,32,18,18,0],"items_purged":["Defend_G"],"gold":47,"score":240,"play_id":"54bf5953-aeb9-4d9e-bb26-3e72bcb5e4ce","local_time":"20180402235851","is_prod":false,"is_daily":false,"is_ascension_mode":true,"campfire_upgraded":2,"timestamp":1522722531,"path_taken":["M","M","$","?","M","R","?","R","T","?","M","R","M","E","R","BOSS","M","$","?","?","$","E","R","M","T","E"],"build_version":"2018-03-29v2","purchased_purges":1,"victory":false,"master_deck":["Defend_G","Defend_G","Defend_G","Defend_G","Strike_G","Strike_G","Strike_G","Strike_G","Strike_G","Survivor","Neutralize","PiercingWail","Blur+1","Dodge and Roll","Poisoned Stab","Bane","Poisoned Stab+1","Calculated Gamble","Blur","Envenom","Dash","Distraction+1","Burst+1","Dagger Spray","Apotheosis+1","Flying Knee","Acrobatics+1","Backflip+1","PiercingWail+1"],"max_hp_per_floor":[70,70,70,70,70,70,70,70,84,84,84,84,84,84,84,84,84,84,84,84,84,84,84,84,84,84,84],"relics":["Orrery","Mango","Toxic Egg 2","Velvet Choker","Nilry\u0027s Codex","Prayer Wheel","Mummified Hand"],"card_choices":[{"not_picked":["Heel Hook","Bane"],"picked":"PiercingWail","floor":0},{"not_picked":["Malaise","Heel Hook"],"picked":"Blur","floor":0},{"not_picked":["Endless Agony","Slice"],"picked":"Dodge and Roll","floor":0},{"not_picked":["Quick Slash","Concentrate"],"picked":"Poisoned Stab","floor":0},{"not_picked":["Setup","Poisoned Stab"],"picked":"Bane","floor":0},{"not_picked":["Reflex","Sucker Punch"],"picked":"Poisoned Stab","floor":1},{"not_picked":["Bane","Malaise"],"picked":"Calculated Gamble","floor":2},{"not_picked":["Outmaneuver","Underhanded Strike"],"picked":"Envenom","floor":5},{"not_picked":["Dagger Throw","Calculated Gamble"],"picked":"Dash","floor":11},{"not_picked":["PiercingWail","Glass Knife"],"picked":"Distraction","floor":14},{"not_picked":["Venomology","Tactician"],"picked":"Burst","floor":16},{"not_picked":["Infinite Blades","Underhanded Strike"],"picked":"Dagger Spray","floor":18},{"not_picked":["Underhanded Strike","Footwork"],"picked":"Backflip","floor":23},{"not_picked":["Reflex","Underhanded Strike"],"picked":"PiercingWail","floor":25}],"player_experience":291773,"potions_floor_usage":[11,11,13,14,27],"damage_taken":[{"damage":1,"enemies":"2 Louse","floor":1,"turns":2},{"damage":3,"enemies":"Jaw Worm","floor":2,"turns":4},{"damage":5,"enemies":"Small Slimes","floor":5,"turns":5},{"damage":6,"enemies":"Gremlin Gang","floor":11,"turns":6},{"damage":4,"enemies":"Large Slime","floor":13,"turns":8},{"damage":24,"enemies":"3 Sentries","floor":14,"turns":11},{"damage":66,"enemies":"Slime Boss","floor":16,"turns":16},{"damage":13,"enemies":"Shell Parasite","floor":18,"turns":7},{"damage":48,"enemies":"Slavers","floor":23,"turns":7},{"damage":14,"enemies":"Chosen","floor":25,"turns":5},{"damage":25,"enemies":"Gremlin Leader","floor":27,"turns":2}],"event_choices":[{"event_name":"Golden Wing","player_choice":"Ignored","floor":4,"damage_taken":0},{"event_name":"World of Goop","player_choice":"Gather Gold","floor":7,"damage_taken":0},{"event_name":"The Lab","player_choice":"Got Potions","floor":10,"damage_taken":0},{"event_name":"Cursed Tome","player_choice":"Obtained Book","floor":20,"damage_taken":0},{"event_name":"Addict","player_choice":"Ignored","floor":21,"damage_taken":0}],"boss_relics":[{"not_picked":["Runic Dome","White Beast Statue"],"picked":"Velvet Choker"}],"potions_floor_spawned":[1,5,11,25],"seed_played":"-1431405798952787958","killed_by":"Gremlin Leader","ascension_level":1,"is_trial":false}