{"path_per_floor":["M","$","M","M","$","R","E","R","T","M","?","T","T","$","R","B",null,"M","?","$","M","M","R","M","R","T","M","M","M","$","?","R","B",null,"M","M","$","M","M","?","R","M","T","M","R","?","$","?","R","B"],"character_chosen":"DEFECT","items_purchased":["Skim","PiercingWail","Weak Potion","Blind","Corruption","Magnetism","Deadly Poison"],"gold_per_floor":[114,88,133,148,148,148,178,178,203,218,218,218,218,16,16,116,116,131,56,56,71,86,86,101,101,101,116,131,146,70,70,70,170,170,185,200,200,215,230,230,230,245,245,260,260,260,43,43,43,43],"floor_reached":51,"campfire_rested":8,"playtime":2825,"current_hp_per_floor":[71,71,71,67,67,67,30,52,52,52,52,52,52,52,74,4,75,75,75,75,55,30,52,41,63,63,46,48,50,50,50,72,54,75,47,49,49,43,16,16,38,21,21,35,57,57,57,57,75,49],"items_purged":[],"gold":43,"score":774,"play_id":"7787eaea-e373-4b19-ac30-e954c801f52d","local_time":"20180507061100","daily_mods":["Diverse","Lethality","Vintage"],"is_prod":false,"is_daily":true,"chose_seed":false,"is_ascension_mode":false,"campfire_upgraded":1,"timestamp":1525682460,"path_taken":["M","?","M","M","$","R","E","R","T","M","?","?","?","$","R","BOSS","M","?","$","M","M","R","M","R","T","M","M","?","$","?","R","BOSS","M","M","$","M","M","?","R","M","T","M","R","?","$","?","R","BOSS"],"build_version":"2018-05-03","seed_source_timestamp":0,"purchased_purges":0,"victory":true,"master_deck":["Strike_B","Strike_B","Strike_B","Defend_B","Defend_B+1","Defend_B","Zap","Dualcast","Whirlwind","PiercingWail","Creative AI","Leg Sweep+1","Intimidate+1","Corruption","Thinking Ahead+1","Thunder Strike","Expertise+1","Magnetism+1","Deadly Poison+1","Deep Breath+1"],"max_hp_per_floor":[75,75,75,75,75,75,75,75,75,75,75,75,75,75,75,75,75,75,75,75,75,75,75,75,75,75,75,75,75,75,75,75,75,75,75,75,75,75,75,75,75,75,75,75,75,75,75,75,75,75],"relics":["Cracked Core","Pantograph","Tiny Chest","Letter Opener","Calipers","Bag of Marbles","Blue Candle","Lantern","Darkstone Periapt","Mummified Hand","Astrolabe","Smiling Mask","Happy Flower","Meat on the Bone","Blood Vial","Toxic Egg 2","Bag of Preparation","Sundial","Prayer Wheel","Vajra","Lizard Tail","Toolbox","Bottled Lightning","Frozen Egg 2","Thread and Needle","Ancient Tea Set","Shuriken","Singing Bowl"],"card_choices":[{"not_picked":["Heatsinks","Conserve Battery"],"picked":"Whirlwind","floor":7},{"not_picked":["Adrenaline","After Image"],"picked":"Creative AI","floor":16},{"not_picked":["Feed","Adrenaline"],"picked":"Thunder Strike","floor":33},{"not_picked":["Underhanded Strike","Rage"],"picked":"Expertise","floor":43},{"not_picked":["Purity","Flash of Steel"],"picked":"Deep Breath","floor":48}],"player_experience":396334,"potions_floor_usage":[4,16,21,22,24,29,38,50,50,50],"damage_taken":[{"damage":4,"enemies":"Cultist","floor":1,"turns":3},{"damage":0,"enemies":"Small Slimes","floor":3,"turns":3},{"damage":4,"enemies":"Jaw Worm","floor":4,"turns":2},{"damage":37,"enemies":"3 Sentries","floor":7,"turns":6},{"damage":0,"enemies":"Gremlin Gang","floor":10,"turns":1},{"damage":71,"enemies":"Hexaghost","floor":16,"turns":11},{"damage":0,"enemies":"3 Byrds","floor":18,"turns":2},{"damage":20,"enemies":"Shell Parasite","floor":21,"turns":7},{"damage":25,"enemies":"Chosen and Byrds","floor":22,"turns":6},{"damage":11,"enemies":"Snecko","floor":24,"turns":6},{"damage":19,"enemies":"Snake Plant","floor":27,"turns":5},{"damage":0,"enemies":"Cultist and Chosen","floor":28,"turns":4},{"damage":0,"enemies":"Snecko","floor":29,"turns":4},{"damage":21,"enemies":"Champ","floor":33,"turns":15},{"damage":40,"enemies":"3 Darklings","floor":35,"turns":6},{"damage":0,"enemies":"3 Shapes","floor":36,"turns":2},{"damage":23,"enemies":"Spire Growth","floor":38,"turns":5},{"damage":41,"enemies":"Flame Bruiser 2 Orb","floor":39,"turns":6},{"damage":31,"enemies":"Sphere and 2 Shapes","floor":42,"turns":4},{"damage":0,"enemies":"3 Darklings","floor":44,"turns":3},{"damage":95,"enemies":"Awakened One","floor":50,"turns":11}],"event_choices":[{"event_name":"Dead Adventurer","player_choice":"Searched \u00270\u0027 times","floor":11,"damage_taken":0},{"event_name":"Beggar","player_choice":"Gave Gold","floor":19,"damage_taken":0},{"event_name":"Transmorgrifier","player_choice":"Transform","floor":31,"damage_taken":0},{"event_name":"Tomb of Lord Red Mask","player_choice":"Ignored","floor":40,"damage_taken":0},{"event_name":"The Lab","player_choice":"Got Potions","floor":46,"damage_taken":0},{"event_name":"SensoryStone","player_choice":"Memory 1","floor":48,"damage_taken":0}],"boss_relics":[{"not_picked":["Sozu","Velvet Choker"],"picked":"Astrolabe"},{"not_picked":["Calling Bell","Runic Dome"],"picked":"Lizard Tail"}],"potions_floor_spawned":[1,16,18,22,27,35,42,44],"seed_played":"-6469632238871384507","ascension_level":0,"is_trial":false}