{"gold_per_floor":[118,118,128,47,67,100,100,129,129,141,106,106,70,133,133,235,235,246,232,232,245,245,245,270,270,293,323,72,100,117,83,83,83],"floor_reached":33,"playtime":1726,"items_purged":["Strike_B"],"score":327,"play_id":"50cae97c-b55c-44dd-9ec7-a40b41e26e86","local_time":"20190206222918","is_ascension_mode":true,"campfire_choices":[{"data":"Defragment","floor":7,"key":"SMITH"},{"floor":12,"key":"REST"},{"data":"Creative AI","floor":15,"key":"SMITH"},{"data":"Consume","floor":23,"key":"SMITH"},{"data":"Heatsinks","floor":25,"key":"SMITH"},{"floor":32,"key":"REST"}],"neow_cost":"NONE","seed_source_timestamp":3410239534908,"circlet_count":0,"master_deck":["Strike_B","Strike_B","Strike_B+1","Defend_B","Defend_B","Defend_B","Defend_B","Zap","Dualcast+1","Sweeping Beam","Sweeping Beam","Leap","Creative AI+1","Defragment+1","Consume+1","BootSequence","Glacier","Heatsinks+1","Ball Lightning","Biased Cognition+1","Chill+1","Go for the Eyes+1","Biased Cognition+1","Reboot","Capacitor+1","Discovery","Hologram+1","Self Repair+1"],"relics":["Cracked Core","WingedGreaves","Ornamental Fan","Unceasing Top","Frozen Egg 2","Sozu","PreservedInsect","Kunai","Strawberry","Matryoshka","Boot"],"potions_floor_usage":[8,14,19],"damage_taken":[{"damage":6,"enemies":"Jaw Worm","floor":1,"turns":2},{"damage":0,"enemies":"2 Louse","floor":3,"turns":1},{"damage":0,"enemies":"Small Slimes","floor":5,"turns":3},{"damage":17,"enemies":"3 Sentries","floor":6,"turns":7},{"damage":29,"enemies":"Gremlin Nob","floor":8,"turns":5},{"damage":0,"enemies":"Blue Slaver","floor":10,"turns":4},{"damage":22,"enemies":"Lagavulin Event","floor":14,"turns":6},{"damage":2,"enemies":"Hexaghost","floor":16,"turns":13},{"damage":0,"enemies":"Chosen","floor":18,"turns":5},{"damage":8,"enemies":"2 Thieves","floor":19,"turns":4},{"damage":7,"enemies":"Snake Plant","floor":21,"turns":6},{"damage":12,"enemies":"Slavers","floor":24,"turns":6},{"damage":3,"enemies":"Book of Stabbing","floor":27,"turns":5},{"damage":27,"enemies":"Gremlin Leader","floor":29,"turns":5},{"damage":3,"enemies":"Centurion and Healer","floor":30,"turns":8},{"damage":21,"enemies":"Collector","floor":33,"turns":5}],"seed_played":"7866268739953966906","potions_obtained":[{"floor":3,"key":"Weak Potion"},{"floor":5,"key":"LiquidBronze"},{"floor":6,"key":"Explosive Potion"},{"floor":10,"key":"FocusPotion"},{"floor":16,"key":"Poison Potion"}],"is_trial":false,"path_per_floor":["M","?","M","$","M","E","R","E","T","M","?","R","$","?","R","B",null,"M","M","?","M","?","R","E","R","T","E","$","E","M","$","R","B"],"character_chosen":"DEFECT","items_purchased":["Creative AI","Heatsinks","Capacitor+1","Discovery","Self Repair+1"],"campfire_rested":2,"item_purchase_floors":[4,13,28,28,31],"current_hp_per_floor":[69,54,54,54,54,37,37,8,8,8,8,30,30,8,8,6,75,75,67,67,60,60,60,48,48,55,52,52,25,22,22,46,25],"gold":83,"neow_bonus":"THREE_CARDS","is_prod":false,"is_daily":false,"chose_seed":false,"campfire_upgraded":4,"win_rate":0,"timestamp":1549488558,"path_taken":["M","?","M","$","M","E","R","E","T","M","?","R","$","?","R","BOSS","M","M","?","M","?","R","E","R","T","E","$","E","M","$","R","BOSS"],"build_version":"2019-01-23","purchased_purges":1,"victory":false,"max_hp_per_floor":[75,75,75,75,75,75,75,75,75,75,75,75,75,75,75,75,75,75,75,75,75,75,75,75,75,82,82,82,82,82,82,82,82],"card_choices":[{"not_picked":["Compile Driver","Redo"],"picked":"Sweeping Beam","floor":0},{"not_picked":["Leap","Streamline"],"picked":"Sweeping Beam","floor":1},{"not_picked":["Compile Driver","Aggregate"],"picked":"Leap","floor":3},{"not_picked":["Sweeping Beam","Gash"],"picked":"Defragment","floor":5},{"not_picked":["Auto Shields","Rebound"],"picked":"Consume","floor":6},{"not_picked":["FTL","Aggregate"],"picked":"BootSequence","floor":8},{"not_picked":["Rebound","Genetic Algorithm"],"picked":"Glacier","floor":10},{"not_picked":["Compile Driver","Reinforced Body"],"picked":"Ball Lightning","floor":14},{"not_picked":["Multi-Cast","Meteor Strike"],"picked":"Biased Cognition+1","floor":16},{"not_picked":["Streamline+1","Leap+1"],"picked":"Chill+1","floor":18},{"not_picked":["Doom and Gloom","Scrape"],"picked":"Go for the Eyes+1","floor":19},{"not_picked":["Cold Snap+1","Barrage+1"],"picked":"Biased Cognition+1","floor":21},{"not_picked":["Streamline+1","White Noise","Storm+1"],"picked":"SKIP","floor":24},{"not_picked":["Turbo","Go for the Eyes"],"picked":"Reboot","floor":27},{"not_picked":["White Noise","Lockon","Genetic Algorithm"],"picked":"SKIP","floor":29},{"not_picked":["Steam+1","Ball Lightning"],"picked":"Hologram+1","floor":30}],"player_experience":956429,"relics_obtained":[{"floor":6,"key":"WingedGreaves"},{"floor":8,"key":"Ornamental Fan"},{"floor":9,"key":"Unceasing Top"},{"floor":24,"key":"Kunai"},{"floor":26,"key":"Strawberry"},{"floor":27,"key":"Matryoshka"},{"floor":29,"key":"Boot"}],"event_choices":[{"damage_healed":0,"gold_gain":0,"player_choice":"Entered Light","damage_taken":15,"max_hp_gain":0,"max_hp_loss":0,"event_name":"Shining Light","floor":2,"gold_loss":0,"cards_upgraded":["Dualcast","Strike_B"]},{"damage_healed":0,"gold_gain":0,"player_choice":"Left Gold","damage_taken":0,"max_hp_gain":0,"max_hp_loss":0,"event_name":"World of Goop","floor":11,"gold_loss":35},{"damage_healed":0,"gold_gain":0,"player_choice":"Searched \u00273\u0027 times","damage_taken":0,"relics_obtained":["Frozen Egg 2"],"max_hp_gain":0,"max_hp_loss":0,"event_name":"Dead Adventurer","floor":14,"gold_loss":0},{"damage_healed":0,"gold_gain":0,"player_choice":"Opened","damage_taken":0,"relics_obtained":["PreservedInsect"],"max_hp_gain":0,"max_hp_loss":0,"event_name":"The Mausoleum","floor":20,"gold_loss":0},{"damage_healed":0,"gold_gain":0,"player_choice":"Ignored","damage_taken":0,"max_hp_gain":0,"max_hp_loss":0,"event_name":"Vampires","floor":22,"gold_loss":0}],"is_beta":true,"boss_relics":[{"not_picked":["Snecko Eye","Orrery"],"picked":"Sozu"}],"items_purged_floors":[28],"is_endless":false,"potions_floor_spawned":[3,5,6,10,16,18,19,21,24,29],"killed_by":"Collector","ascension_level":1}