{"path_per_floor":["M","M","M","?","M","E","R","M","T","R","M","?","$","M","R","B",null,"M","M","$","M","?"],"character_chosen":"IRONCLAD","items_purchased":["Bronze Scales","Good Instincts","Transmutation"],"gold_per_floor":[114,129,144,114,129,159,159,174,174,174,189,364,33,48,48,148,148,163,178,0,15,15],"floor_reached":23,"campfire_rested":0,"playtime":1487,"current_hp_per_floor":[78,77,76,75,74,73,72,71,70,69,68,67,66,65,64,31,62,54,51,51,26,26],"items_purged":["Doubt"],"gold":15,"score":195,"play_id":"69ba38ea-a0c2-43f0-87a2-77e7a7d92d0e","local_time":"20180318051354","daily_mods":["Allstar","Uncertain Future","Terminal"],"is_prod":false,"is_daily":true,"is_ascension_mode":false,"campfire_upgraded":3,"timestamp":1521359034,"path_taken":["M","M","?","?","M","E","R","M","T","R","M","?","$","M","R","BOSS","M","M","$","M","?","E"],"build_version":"2018-03-15v3","purchased_purges":1,"victory":false,"master_deck":["Strike_R","Strike_R","Strike_R","Strike_R","Strike_R","Defend_R","Defend_R","Defend_R","Defend_R","Bash","Dark Shackles","Secret Weapon","Flex+1","Cleave+1","Seeing Red","Carnage","Burning Pact","Immolate","Good Instincts","Armaments+1","Reaper","Battle Trance","Clash","Intimidate","Pummel","Anger","Rampage","Transmutation","Impervious"],"max_hp_per_floor":[78,77,76,75,74,73,72,71,70,69,68,67,66,65,64,63,62,61,60,59,58,57],"relics":["Burning Blood","Ornamental Fan","Magic Flower","Bronze Scales","Orrery"],"card_choices":[{"not_picked":["Combust","Intimidate"],"picked":"Flex"},{"not_picked":["Heavy Blade","Shockwave"],"picked":"Cleave"},{"not_picked":["Fire Breathing","Sword Boomerang"],"picked":"Seeing Red"},{"not_picked":["Cleave","Clothesline"],"picked":"Carnage"},{"not_picked":["Rupture","Corruption"],"picked":"Burning Pact"},{"not_picked":["Dropkick","Thunderclap"],"picked":"Immolate"},{"not_picked":["Reckless Charge","Rampage"],"picked":"Armaments"},{"not_picked":["Juggernaut","Exhume"],"picked":"Reaper"},{"not_picked":["Intimidate","Cleave"],"picked":"Battle Trance"},{"not_picked":["Sword Boomerang","Perfected Strike"],"picked":"Clash"},{"not_picked":["Rage","Clothesline"],"picked":"Intimidate"},{"not_picked":["True Grit","Perfected Strike"],"picked":"Pummel"},{"not_picked":["Shockwave","Headbutt"],"picked":"Anger"},{"not_picked":["Dropkick","Headbutt"],"picked":"Rampage"},{"not_picked":["Headbutt","Sword Boomerang"],"picked":"Impervious"}],"player_experience":192656,"potions_floor_usage":[2,6,6,11,16,23],"damage_taken":[{"damage":0,"enemies":"Cultist","floor":1,"turns":4},{"damage":0,"enemies":"Small Slimes","floor":2,"turns":4},{"damage":0,"enemies":"2 Louse","floor":3,"turns":2},{"damage":0,"enemies":"2 Fungi Beasts","floor":5,"turns":3},{"damage":3,"enemies":"Lagavulin","floor":6,"turns":5},{"damage":0,"enemies":"3 Louse","floor":8,"turns":2},{"damage":0,"enemies":"Exordium Thugs","floor":11,"turns":4},{"damage":5,"enemies":"Blue Slaver","floor":14,"turns":4},{"damage":42,"enemies":"The Guardian","floor":16,"turns":14},{"damage":17,"enemies":"Chosen","floor":18,"turns":8},{"damage":12,"enemies":"2 Thieves","floor":19,"turns":5},{"damage":40,"enemies":"Snecko","floor":21,"turns":7},{"damage":45,"enemies":"Slavers","floor":23,"turns":4}],"event_choices":[{"event_name":"The Woman in Blue","player_choice":"Bought 2 Potions","floor":4,"damage_taken":0},{"event_name":"Liars Game","player_choice":"agreed","floor":12,"damage_taken":0},{"event_name":"Addict","player_choice":"Ignored","floor":22,"damage_taken":0}],"boss_relics":[{"not_picked":["Runic Cube","Astrolabe"],"picked":"Orrery"}],"potions_floor_spawned":[1,3,5,14,21],"seed_played":"2953517847957516684","killed_by":"Slavers","ascension_level":0,"is_trial":false}