{"gold_per_floor":[365,384,7,26,26,56,75,87,160,160,190,190,190,200,200,200],"floor_reached":16,"playtime":654,"items_purged":["Strike_G"],"score":224,"play_id":"fd3236d7-1fba-4de4-b628-04d73f7dacad","local_time":"20181019232507","is_ascension_mode":true,"campfire_choices":[{"data":"Neutralize","floor":10,"key":"SMITH"},{"data":"Dagger Spray","floor":12,"key":"SMITH"},{"floor":15,"key":"REST"}],"neow_cost":"TEN_PERCENT_HP_LOSS","seed_source_timestamp":40153438839028,"circlet_count":0,"master_deck":["Defend_G","Defend_G","Defend_G","Defend_G","Defend_G","Strike_G","Strike_G","Strike_G","Survivor","Neutralize+1","AscendersBane","Quick Slash","Dash","Well Laid Plans","Dagger Spray+1","Deflect","Flying Knee","Backstab","Choke","Bouncing Flask"],"relics":["Ring of the Snake","ClockworkSouvenir","Bottled Tornado","Darkstone Periapt","WingedGreaves","Ancient Tea Set"],"potions_floor_usage":[6,8,14],"damage_taken":[{"damage":4,"enemies":"Cultist","floor":1,"turns":4},{"damage":4,"enemies":"Jaw Worm","floor":2,"turns":6},{"damage":0,"enemies":"Small Slimes","floor":4,"turns":3},{"damage":10,"enemies":"Gremlin Nob","floor":6,"turns":4},{"damage":0,"enemies":"2 Fungi Beasts","floor":7,"turns":3},{"damage":1,"enemies":"Looter","floor":8,"turns":3},{"damage":16,"enemies":"3 Sentries","floor":11,"turns":9},{"damage":0,"enemies":"Large Slime","floor":14,"turns":3},{"damage":28,"enemies":"Slime Boss","floor":16,"turns":7}],"seed_played":"5537614544937140730","potions_obtained":[{"floor":4,"key":"PowerPotion"},{"floor":6,"key":"PowerPotion"},{"floor":7,"key":"Block Potion"},{"floor":8,"key":"Fruit Juice"}],"is_trial":false,"path_per_floor":["M","M","$","M","?","E","M","M","T","R","E","R","?","M","R"],"character_chosen":"THE_SILENT","items_purchased":["ClockworkSouvenir","Well Laid Plans"],"campfire_rested":1,"item_purchase_floors":[3,3],"current_hp_per_floor":[55,51,51,51,44,34,34,38,38,38,22,22,4,4,23,0],"gold":200,"neow_bonus":"TWO_FIFTY_GOLD","is_prod":false,"is_daily":false,"chose_seed":false,"campfire_upgraded":2,"win_rate":0,"timestamp":1539984307,"path_taken":["M","M","$","M","?","E","M","M","T","R","E","R","?","M","R","BOSS"],"build_version":"2018-10-18","purchased_purges":1,"victory":false,"max_hp_per_floor":[60,60,60,60,60,60,60,65,65,65,65,65,65,65,65,65],"card_choices":[{"not_picked":["Prepared","Acrobatics"],"picked":"Quick Slash","floor":1},{"not_picked":["Cloak And Dagger","Underhanded Strike"],"picked":"Dash","floor":2},{"not_picked":["Bane","Dagger Throw"],"picked":"Dagger Spray","floor":4},{"not_picked":["Accuracy","Infinite Blades"],"picked":"Deflect","floor":6},{"not_picked":["Dagger Throw","Bane"],"picked":"Flying Knee","floor":7},{"not_picked":["Night Terror","Endless Agony"],"picked":"Backstab","floor":8},{"not_picked":["Backflip","Bane"],"picked":"Choke","floor":11},{"not_picked":["Underhanded Strike","Sucker Punch"],"picked":"Bouncing Flask","floor":14}],"player_experience":736283,"relics_obtained":[{"floor":6,"key":"Bottled Tornado"},{"floor":9,"key":"Darkstone Periapt"},{"floor":11,"key":"WingedGreaves"}],"event_choices":[{"cards_removed":["Strike_G"],"damage_healed":0,"gold_gain":0,"player_choice":"Card Removal","damage_taken":7,"max_hp_gain":0,"max_hp_loss":0,"event_name":"Golden Wing","floor":5,"gold_loss":0},{"damage_healed":0,"gold_gain":0,"player_choice":"Success","damage_taken":18,"relics_obtained":["Ancient Tea Set"],"max_hp_gain":0,"max_hp_loss":0,"event_name":"Scrap Ooze","floor":13,"gold_loss":0}],"is_beta":true,"boss_relics":[],"items_purged_floors":[3],"is_endless":false,"potions_floor_spawned":[4,6,7,8],"killed_by":"Slime Boss","ascension_level":20}