{"gold_per_floor":[113,113,78,128,128,153,171,171,171,190,190,340,360,360,360,360],"floor_reached":16,"playtime":371,"items_purged":[],"score":196,"play_id":"0bc44bc9-136a-4283-9f01-dce906f8fef9","local_time":"20190222190824","is_ascension_mode":true,"campfire_choices":[{"floor":8,"key":"REST"},{"data":"Pommel Strike","floor":11,"key":"SMITH"},{"data":"Headbutt","floor":15,"key":"SMITH"}],"neow_cost":"PERCENT_DAMAGE","seed_source_timestamp":15548552105853640,"circlet_count":0,"master_deck":["AscendersBane","Strike_R","Strike_R","Strike_R","Strike_R","Strike_R","Defend_R","Defend_R","Defend_R","Defend_R","Bash","Headbutt+1","Power Through","Shrug It Off","Cleave","Pommel Strike+1","Doubt","Sword Boomerang"],"relics":["Burning Blood","Art of War","Dream Catcher","Meat on the Bone","Gremlin Horn"],"potions_floor_usage":[16,16],"damage_taken":[{"damage":21,"enemies":"Jaw Worm","floor":1,"turns":5},{"damage":57,"enemies":"Lagavulin","floor":6,"turns":6},{"damage":7,"enemies":"2 Louse","floor":7,"turns":3},{"damage":1,"enemies":"Cultist","floor":10,"turns":3},{"damage":17,"enemies":"Looter","floor":13,"turns":3},{"damage":66,"enemies":"Hexaghost","floor":16,"turns":9}],"seed_played":"-4398449068606756303","potions_obtained":[{"floor":7,"key":"LiquidBronze"},{"floor":10,"key":"Regen Potion"}],"is_trial":false,"path_per_floor":["M","?","?","T","T","E","M","R","T","M","R","?","M","?","R","B"],"character_chosen":"IRONCLAD","items_purchased":[],"campfire_rested":1,"item_purchase_floors":[],"current_hp_per_floor":[49,49,71,71,71,20,31,57,57,62,62,62,51,51,51,0],"gold":360,"neow_bonus":"TWENTY_PERCENT_HP_BONUS","is_prod":false,"is_daily":false,"chose_seed":false,"campfire_upgraded":2,"win_rate":0,"timestamp":1550858904,"path_taken":["M","?","?","?","?","E","?","R","T","M","R","?","M","?","R","BOSS"],"build_version":"2019-01-23","purchased_purges":0,"victory":false,"max_hp_per_floor":[89,89,89,89,89,89,89,89,89,89,89,89,89,89,89,89],"card_choices":[{"not_picked":["Bloodletting","Rupture"],"picked":"Headbutt","floor":1},{"not_picked":["Infernal Blade","Burning Pact"],"picked":"Power Through","floor":6},{"not_picked":["Rupture","Pommel Strike"],"picked":"Shrug It Off","floor":7},{"not_picked":["Anger","Twin Strike"],"picked":"Cleave","floor":8},{"not_picked":["Flame Barrier","Reckless Charge"],"picked":"Pommel Strike","floor":10},{"not_picked":["Cleave","Perfected Strike"],"picked":"Sword Boomerang","floor":13}],"player_experience":425991,"relics_obtained":[{"floor":4,"key":"Art of War"},{"floor":5,"key":"Dream Catcher"},{"floor":6,"key":"Meat on the Bone"},{"floor":9,"key":"Gremlin Horn"}],"event_choices":[{"damage_healed":0,"gold_gain":0,"player_choice":"Ignored","damage_taken":0,"max_hp_gain":0,"max_hp_loss":0,"event_name":"Golden Wing","floor":2,"gold_loss":0},{"damage_healed":22,"gold_gain":0,"player_choice":"Healed","damage_taken":0,"max_hp_gain":0,"max_hp_loss":0,"event_name":"The Cleric","floor":3,"gold_loss":35},{"damage_healed":0,"gold_gain":150,"player_choice":"AGREE","damage_taken":0,"max_hp_gain":0,"max_hp_loss":0,"event_name":"Liars Game","floor":12,"gold_loss":0,"cards_obtained":["Doubt"]},{"damage_healed":0,"gold_gain":0,"player_choice":"Ignored","damage_taken":0,"max_hp_gain":0,"max_hp_loss":0,"event_name":"Golden Idol","floor":14,"gold_loss":0}],"is_beta":false,"boss_relics":[],"items_purged_floors":[],"is_endless":false,"potions_floor_spawned":[7,10],"killed_by":"Hexaghost","ascension_level":20}