{"gold_per_floor":[115,135,135,146,146,177,352,352,352,372,66,66,77,94,94,194,194,204,177,177,177,194,109,129,139,217,217,217,67,67,67,67,171,171,184,184,184,201,0,0,11,21,21,33,63,75,87,111,123,135],"floor_reached":50,"playtime":4899,"items_purged":["Doubt"],"score":622,"play_id":"16dff02d-c909-48c6-9685-3d01331f9c9b","local_time":"20190217164152","is_ascension_mode":true,"campfire_choices":[{"floor":8.0,"key":"REST"},{"floor":15.0,"key":"REST"},{"floor":28.0,"key":"REST"},{"data":"Riddle With Holes","floor":30.0,"key":"SMITH"},{"floor":32.0,"key":"REST"},{"floor":40,"key":"REST"},{"floor":46,"key":"REST"},{"data":"Backflip","floor":49,"key":"SMITH"}],"neow_cost":"NONE","seed_source_timestamp":0,"circlet_count":0,"master_deck":["Defend_G","Defend_G","Defend_G","Defend_G","Defend_G","Strike_G","Strike_G","Survivor","Neutralize","Deflect","Riddle With Holes+1","Backstab","Sucker Punch","Dagger Throw","Cloak And Dagger","Heel Hook","Calculated Gamble+1","Bane+1","Storm of Steel+1","Endless Agony+1","Masterful Stab+1","Choke","Dagger Throw","Slice+1","Necronomicurse","Storm of Steel","Deflect+1","PiercingWail","Flying Knee+1","Leg Sweep+1","Backflip+1","Noxious Fumes"],"special_seed":0,"relics":["Ring of the Snake","Smiling Mask","Unceasing Top","Blue Candle","Shuriken","Matryoshka","Astrolabe","MutagenicStrength","Regal Pillow","Letter Opener","Mummified Hand","Necronomicon","Happy Flower","Eternal Feather","Red Mask","MawBank","Darkstone Periapt"],"potions_floor_usage":[41,41,42],"damage_taken":[{"damage":7.0,"enemies":"Jaw Worm","floor":1.0,"turns":6.0},{"damage":0.0,"enemies":"Cultist","floor":2.0,"turns":4.0},{"damage":0.0,"enemies":"2 Louse","floor":4.0,"turns":2.0},{"damage":18.0,"enemies":"Gremlin Nob","floor":6.0,"turns":4.0},{"damage":0.0,"enemies":"Large Slime","floor":10.0,"turns":6.0},{"damage":0.0,"enemies":"Blue Slaver","floor":13.0,"turns":3.0},{"damage":0.0,"enemies":"2 Fungi Beasts","floor":14.0,"turns":3.0},{"damage":10.0,"enemies":"Slime Boss","floor":16.0,"turns":6.0},{"damage":7.0,"enemies":"Chosen","floor":18.0,"turns":6.0},{"damage":7.0,"enemies":"2 Thieves","floor":19.0,"turns":5.0},{"damage":27.0,"enemies":"Centurion and Healer","floor":22.0,"turns":5.0},{"damage":3.0,"enemies":"Cultist and Chosen","floor":24.0,"turns":4.0},{"damage":0.0,"enemies":"Snecko","floor":25.0,"turns":2.0},{"damage":61.0,"enemies":"Champ","floor":33.0,"turns":8.0},{"damage":14,"enemies":"3 Darklings","floor":35,"turns":7},{"damage":9,"enemies":"Orb Walker","floor":38,"turns":3},{"damage":25,"enemies":"Transient","floor":41,"turns":5},{"damage":16,"enemies":"Sphere and 2 Shapes","floor":42,"turns":5},{"damage":4,"enemies":"4 Shapes","floor":45,"turns":3},{"damage":5,"enemies":"3 Darklings","floor":48,"turns":5},{"damage":69,"enemies":"Donu and Deca","floor":50,"turns":5}],"seed_played":"-3581592727445814956","potions_obtained":[{"floor":2.0,"key":"EssenceOfSteel"},{"floor":4.0,"key":"AttackPotion"},{"floor":10.0,"key":"EssenceOfSteel"},{"floor":13.0,"key":"Strength Potion"},{"floor":16.0,"key":"Energy Potion"},{"floor":24.0,"key":"AttackPotion"},{"floor":33.0,"key":"Explosive Potion"},{"floor":35,"key":"SkillPotion"},{"floor":41,"key":"Poison Potion"}],"is_trial":false,"path_per_floor":["M","M","?","M","?","E","?","R","T","M","$","?","M","M","R","B",null,"M","M","?","?","M","?","M","M","T","?","R","$","R","$","R","B",null,"M","?","?","M","?","R","M","M","T","$","M","R","?","M","R","B"],"character_chosen":"THE_SILENT","items_purchased":["Matryoshka","Happy Flower"],"campfire_rested":6,"item_purchase_floors":[11,29],"current_hp_per_floor":[56,56,56,56,53,35,35,56,56,56,56,56,56,56,70,60,68,61,54,54,70,43,43,40,40,40,24,60,60,60,60,70,9,55,41,41,41,32,32,66,41,25,25,25,21,66,66,61,66,0],"gold":135,"neow_bonus":"RANDOM_COMMON_RELIC","is_prod":false,"is_daily":false,"chose_seed":false,"campfire_upgraded":2,"win_rate":0,"timestamp":1550418112,"path_taken":["M","M","?","?","?","E","?","R","T","M","$","?","M","M","R","BOSS","M","M","?","?","M","?","M","M","T","?","R","$","R","$","R","BOSS","M","?","?","M","?","R","M","?","T","$","M","R","?","M","R","BOSS"],"build_version":"2019-01-23","purchased_purges":1,"victory":false,"max_hp_per_floor":[70,70,70,70,70,70,70,70,70,70,70,70,70,70,70,70,70,70,70,70,70,70,70,70,70,70,70,70,70,70,70,70,70,70,70,66,66,66,66,66,66,66,66,66,66,66,66,66,66,66],"card_choices":[{"not_picked":["Backflip","Choke"],"picked":"Deflect","floor":1.0},{"not_picked":["Distraction","Catalyst"],"picked":"Riddle With Holes","floor":2.0},{"not_picked":["Quick Slash","Sucker Punch"],"picked":"Backstab","floor":4.0},{"not_picked":["Dodge and Roll","Underhanded Strike"],"picked":"Sucker Punch","floor":6.0},{"not_picked":["Escape Plan","Setup"],"picked":"Dagger Throw","floor":10.0},{"not_picked":["Backflip","Poisoned Stab"],"picked":"Cloak And Dagger","floor":13.0},{"not_picked":["Quick Slash","Setup"],"picked":"Heel Hook","floor":14.0},{"not_picked":["Phantasmal Killer","Doppelganger"],"picked":"Envenom","floor":16.0},{"not_picked":["Dagger Spray","Blur"],"picked":"Endless Agony+1","floor":18.0},{"not_picked":["Quick Slash","Underhanded Strike"],"picked":"Masterful Stab+1","floor":19.0},{"not_picked":["Bouncing Flask","Dodge and Roll"],"picked":"Choke","floor":22.0},{"not_picked":["Bane","Envenom"],"picked":"Dagger Throw","floor":24.0},{"not_picked":["Acrobatics","Dagger Spray"],"picked":"Slice+1","floor":25.0},{"not_picked":["Wraith Form v2","Night Terror"],"picked":"Storm of Steel","floor":33.0},{"not_picked":["Blade Dance","Outmaneuver+1"],"picked":"Deflect+1","floor":35},{"not_picked":["Blade Dance+1","Sucker Punch"],"picked":"PiercingWail","floor":38},{"not_picked":["Quick Slash+1","Dagger Spray"],"picked":"Flying Knee+1","floor":41},{"not_picked":["PiercingWail+1","Masterful Stab"],"picked":"Leg Sweep+1","floor":42},{"not_picked":["Dodge and Roll","Setup+1"],"picked":"Backflip","floor":45},{"not_picked":["Outmaneuver","Deadly Poison"],"picked":"Noxious Fumes","floor":48}],"player_experience":475088,"relics_obtained":[{"floor":6.0,"key":"Blue Candle"},{"floor":9.0,"key":"Shuriken"},{"floor":26.0,"key":"Letter Opener"},{"floor":26.0,"key":"Mummified Hand"},{"floor":27.0,"key":"Necronomicon"},{"floor":43,"key":"MawBank"},{"floor":43,"key":"Darkstone Periapt"}],"event_choices":[{"damage_healed":0.0,"max_hp_gain":0.0,"max_hp_loss":0.0,"gold_gain":0.0,"event_name":"Purifier","player_choice":"Ignored","floor":3.0,"gold_loss":0.0,"damage_taken":0.0},{"damage_healed":0.0,"max_hp_gain":0.0,"max_hp_loss":0.0,"gold_gain":0.0,"event_name":"Scrap Ooze","player_choice":"Success","floor":5.0,"gold_loss":0.0,"damage_taken":3.0,"relics_obtained":["Unceasing Top"]},{"damage_healed":0.0,"max_hp_gain":0.0,"max_hp_loss":0.0,"gold_gain":175.0,"event_name":"Liars Game","player_choice":"AGREE","floor":7.0,"gold_loss":0.0,"damage_taken":0.0,"cards_obtained":["Doubt"]},{"damage_healed":0.0,"max_hp_gain":0.0,"max_hp_loss":0.0,"gold_gain":0.0,"event_name":"Golden Idol","player_choice":"Ignored","floor":12.0,"gold_loss":0.0,"damage_taken":0.0},{"damage_healed":0.0,"max_hp_gain":0.0,"max_hp_loss":0.0,"gold_gain":0.0,"event_name":"Drug Dealer","player_choice":"Inject Mutagens","floor":20.0,"gold_loss":0.0,"damage_taken":0.0,"relics_obtained":["MutagenicStrength"]},{"damage_healed":23.0,"max_hp_gain":0.0,"max_hp_loss":0.0,"gold_gain":0.0,"event_name":"The Library","player_choice":"Heal","floor":21.0,"gold_loss":0.0,"damage_taken":0.0},{"damage_healed":0.0,"max_hp_gain":0.0,"max_hp_loss":0.0,"gold_gain":0.0,"event_name":"Addict","player_choice":"Obtained Relic","floor":23.0,"gold_loss":85.0,"damage_taken":0.0,"relics_obtained":["Regal Pillow"]},{"damage_healed":0.0,"max_hp_gain":0.0,"max_hp_loss":0.0,"gold_gain":0.0,"event_name":"Cursed Tome","player_choice":"Obtained Book","floor":27.0,"gold_loss":0.0,"damage_taken":16.0},{"damage_healed":0,"gold_gain":0,"player_choice":"Max HP","damage_taken":0,"max_hp_gain":0,"max_hp_loss":4,"event_name":"Winding Halls","floor":36,"gold_loss":0},{"damage_healed":0,"gold_gain":0,"player_choice":"Ignored","damage_taken":0,"max_hp_gain":0,"max_hp_loss":0,"event_name":"Mysterious Sphere","floor":37,"gold_loss":0},{"damage_healed":0,"gold_gain":0,"player_choice":"Paid","damage_taken":0,"relics_obtained":["Red Mask"],"max_hp_gain":0,"max_hp_loss":0,"event_name":"Tomb of Lord Red Mask","floor":39,"gold_loss":201},{"cards_removed":["Envenom"],"damage_healed":0,"gold_gain":0,"player_choice":"Removed Power","damage_taken":0,"max_hp_gain":0,"max_hp_loss":0,"event_name":"Falling","floor":47,"gold_loss":0}],"is_beta":false,"boss_relics":[{"not_picked":["Coffee Dripper","HoveringKite"],"picked":"Astrolabe"},{"not_picked":["Sozu","Black Star"],"picked":"Eternal Feather"}],"items_purged_floors":[11],"is_endless":false,"potions_floor_spawned":[2,4,10,13,16,24,33,35,41],"killed_by":"Donu and Deca","ascension_level":8}