{"gold_per_floor":[110,35,54,54,66,91,103,103,151,176,194,194,212,16,16,121,121,139,155,155,155,33,33,62,62,85,112,112,125,36,53,53,157,157,169,169,187,103,117,117,132,150,150,150,150,150,150,19,19,19],"floor_reached":51,"playtime":3188,"items_purged":["Strike_R","Strike_R+1"],"score":1122,"play_id":"2c96d0de-c50a-4d16-aec7-995884b29e43","local_time":"20190105155351","is_ascension_mode":true,"campfire_choices":[{"data":"Inflame","floor":8,"key":"SMITH"},{"data":"Uppercut","floor":12,"key":"SMITH"},{"data":"Metallicize","floor":15,"key":"SMITH"},{"data":"Spot Weakness","floor":23,"key":"SMITH"},{"data":"Pommel Strike","floor":25,"key":"SMITH"},{"data":"Shrug It Off","floor":28,"key":"SMITH"},{"floor":32,"key":"REST"},{"data":"Limit Break","floor":40,"key":"SMITH"},{"data":"Heavy Blade","floor":44,"key":"SMITH"},{"data":"Flame Barrier","floor":47,"key":"SMITH"},{"data":"Bash","floor":49,"key":"SMITH"}],"neow_cost":"NONE","seed_source_timestamp":79270900669866,"circlet_count":0,"master_deck":["AscendersBane","Strike_R+1","Strike_R+1","Defend_R+1","Defend_R+1","Defend_R+1","Defend_R+1","Bash+1","Inflame+1","Pommel Strike+1","Metallicize+1","Headbutt","Uppercut+1","Shrug It Off+1","Immolate","Shrug It Off","Spot Weakness+1","Barricade+1","Metallicize+1","Heavy Blade+1","Shrug It Off","Flame Barrier+1","Limit Break+1","Madness","Madness","Metallicize+1","Sword Boomerang+1"],"special_seed":0,"relics":["Burning Blood","Anchor","Smiling Mask","Blood Vial","Membership Card","Philosopher\u0027s Stone","Frozen Egg 2","Tiny Chest","Oddly Smooth Stone","Pen Nib","Mango","Bag of Preparation","Busted Crown","Pear","Paper Frog"],"potions_floor_usage":[6,10,13,24,33,41,50,50],"damage_taken":[{"damage":0,"enemies":"2 Louse","floor":1,"turns":2},{"damage":6,"enemies":"Cultist","floor":3,"turns":3},{"damage":0,"enemies":"Jaw Worm","floor":5,"turns":3},{"damage":34,"enemies":"Lagavulin","floor":6,"turns":7},{"damage":10,"enemies":"Exordium Thugs","floor":7,"turns":5},{"damage":20,"enemies":"3 Sentries","floor":10,"turns":7},{"damage":7,"enemies":"2 Fungi Beasts","floor":11,"turns":4},{"damage":0,"enemies":"Exordium Wildlife","floor":13,"turns":4},{"damage":19,"enemies":"The Guardian","floor":16,"turns":12},{"damage":0,"enemies":"Chosen","floor":18,"turns":4},{"damage":12,"enemies":"2 Thieves","floor":19,"turns":4},{"damage":11,"enemies":"Gremlin Leader","floor":24,"turns":5},{"damage":46,"enemies":"Book of Stabbing","floor":27,"turns":8},{"damage":0,"enemies":"Centurion and Healer","floor":29,"turns":4},{"damage":11,"enemies":"Shelled Parasite and Fungi","floor":31,"turns":5},{"damage":32,"enemies":"Champ","floor":33,"turns":12},{"damage":0,"enemies":"Orb Walker","floor":35,"turns":3},{"damage":13,"enemies":"3 Darklings","floor":37,"turns":5},{"damage":0,"enemies":"Spire Growth","floor":39,"turns":5},{"damage":0,"enemies":"4 Shapes","floor":41,"turns":6},{"damage":17,"enemies":"Sphere and 2 Shapes","floor":42,"turns":4},{"damage":45,"enemies":"Donu and Deca","floor":50,"turns":8}],"seed_played":"5048816508382303501","potions_obtained":[{"floor":1,"key":"AttackPotion"},{"floor":5,"key":"Explosive Potion"},{"floor":6,"key":"SteroidPotion"},{"floor":11,"key":"BloodPotion"},{"floor":16,"key":"Energy Potion"},{"floor":18,"key":"Strength Potion"},{"floor":31,"key":"SteroidPotion"},{"floor":37,"key":"FearPotion"},{"floor":42,"key":"GamblersBrew"}],"is_trial":false,"path_per_floor":["M","$","M","?","M","E","M","R","T","E","M","R","M","$","R","B",null,"M","M","?","T","$","R","E","R","T","E","R","M","$","M","R","B",null,"M","?","M","$","M","R","M","M","T","R","$","$","R","$","R","B",null],"character_chosen":"IRONCLAD","items_purchased":["Membership Card","Tiny Chest","Barricade+1","Shrug It Off","Bag of Preparation","Metallicize+1","Paper Frog"],"campfire_rested":1,"item_purchase_floors":[14,22,22,30,30,38,48],"current_hp_per_floor":[78,78,78,78,80,52,48,48,48,34,35,35,51,51,51,40,70,78,74,74,74,74,74,71,71,71,47,47,55,55,52,80,56,85,93,81,76,76,84,84,92,83,93,93,93,93,93,93,93,56],"gold":19,"neow_bonus":"RANDOM_COMMON_RELIC","is_prod":false,"is_daily":false,"chose_seed":false,"campfire_upgraded":10,"win_rate":0,"timestamp":1546700031,"path_taken":["M","$","M","?","M","E","M","R","T","E","M","R","M","?","R","BOSS","M","M","?","?","$","R","E","R","T","E","R","M","$","?","R","BOSS","M","?","M","?","M","R","M","M","T","R","?","$","R","$","R","BOSS"],"build_version":"2019-01-03v4","purchased_purges":2,"victory":true,"max_hp_per_floor":[80,80,80,80,80,80,80,80,80,80,80,80,80,80,80,80,80,80,80,80,80,80,80,80,80,80,94,94,94,94,94,94,94,94,94,94,94,94,94,94,94,94,104,104,104,104,104,104,104,104],"card_choices":[{"not_picked":["Disarm","Clash"],"picked":"Inflame","floor":1},{"not_picked":["Sever Soul","Anger"],"picked":"Pommel Strike","floor":3},{"not_picked":["Body Slam","Rage"],"picked":"Metallicize","floor":5},{"not_picked":["Dropkick","Searing Blow","Exhume"],"picked":"SKIP","floor":6},{"not_picked":["Armaments","Metallicize"],"picked":"Headbutt","floor":7},{"not_picked":["Warcry","Armaments","Exhume"],"picked":"SKIP","floor":10},{"not_picked":["Warcry","Fire Breathing"],"picked":"Uppercut","floor":11},{"not_picked":["Sentinel","Iron Wave"],"picked":"Shrug It Off","floor":13},{"not_picked":["Demon Form","Bludgeon"],"picked":"Immolate","floor":16},{"not_picked":["Rage","Fire Breathing"],"picked":"Shrug It Off","floor":18},{"not_picked":["Iron Wave","Wild Strike"],"picked":"Spot Weakness","floor":19},{"not_picked":["Dropkick","Pommel Strike"],"picked":"Metallicize+1","floor":24},{"not_picked":["Clothesline","Disarm","Twin Strike"],"picked":"SKIP","floor":27},{"not_picked":["Warcry","Clothesline"],"picked":"Heavy Blade","floor":29},{"not_picked":["Perfected Strike","Berserk+1"],"picked":"Flame Barrier","floor":31},{"not_picked":["Exhume","Berserk+1"],"picked":"Limit Break","floor":33},{"not_picked":["Havoc"],"picked":"SKIP","floor":35},{"not_picked":["Cleave"],"picked":"SKIP","floor":37},{"not_picked":[],"picked":"Sword Boomerang+1","floor":39},{"not_picked":["Flex"],"picked":"SKIP","floor":41},{"not_picked":["Sword Boomerang"],"picked":"SKIP","floor":42}],"player_experience":310400,"relics_obtained":[{"floor":9,"key":"Smiling Mask"},{"floor":10,"key":"Blood Vial"},{"floor":21,"key":"Frozen Egg 2"},{"floor":24,"key":"Oddly Smooth Stone"},{"floor":26,"key":"Pen Nib"},{"floor":27,"key":"Mango"},{"floor":43,"key":"Pear"}],"event_choices":[{"cards_removed":["Strike_R"],"damage_healed":0,"gold_gain":0,"player_choice":"Offered Basic","damage_taken":0,"max_hp_gain":0,"max_hp_loss":0,"event_name":"Bonfire Elementals","floor":4,"gold_loss":0},{"damage_healed":0,"gold_gain":0,"player_choice":"Simplicity","damage_taken":0,"max_hp_gain":0,"max_hp_loss":0,"event_name":"Back to Basics","floor":20,"gold_loss":0,"cards_upgraded":["Strike_R","Strike_R","Strike_R","Defend_R","Defend_R","Defend_R","Defend_R"]},{"damage_healed":0,"gold_gain":0,"player_choice":"Embrace Madness","damage_taken":12,"max_hp_gain":0,"max_hp_loss":0,"event_name":"Winding Halls","floor":36,"gold_loss":0,"cards_obtained":["Madness","Madness"]}],"is_beta":false,"boss_relics":[{"not_picked":["Ectoplasm","Black Star"],"picked":"Philosopher\u0027s Stone"},{"not_picked":["Orrery","Black Blood"],"picked":"Busted Crown"}],"items_purged_floors":[2,38],"is_endless":false,"potions_floor_spawned":[1,5,6,11,16,18,19,31,37,39,42],"ascension_level":12}