{"gold_per_floor":[213,213,213,225,245,276,292,95,121,121,136,153,166,192,192,290,290,302,318,131,148,161,161,173,173,173,21,21,21,21,36,36,36],"floor_reached":33,"playtime":1270,"items_purged":[],"score":261,"play_id":"df256f5c-8331-47c8-ac16-323e29bc2b67","local_time":"20190207042206","is_ascension_mode":false,"campfire_choices":[{"floor":15,"key":"REST"},{"floor":23,"key":"REST"},{"floor":25,"key":"REST"},{"data":"Bash","floor":30,"key":"SMITH"},{"floor":32,"key":"REST"}],"neow_cost":"NONE","seed_source_timestamp":776897246540771,"circlet_count":0,"master_deck":["Strike_R","Strike_R","Strike_R","Strike_R","Strike_R","Defend_R","Defend_R","Defend_R","Defend_R","Bash+1","Cleave","Battle Trance+1","Second Wind+1","Inflame","Infernal Blade+1","Sentinel+1","Deep Breath+1","Flex+1","Demon Form","Bloodletting+1","Chrysalis+1","True Grit+1"],"relics":["Burning Blood","Toxic Egg 2","Bag of Marbles","Red Skull","Art of War","Busted Crown","Juzu Bracelet"],"potions_floor_usage":[6,6,7,14,16,18,19,24],"damage_taken":[{"damage":9,"enemies":"Small Slimes","floor":1,"turns":4},{"damage":15,"enemies":"Jaw Worm","floor":4,"turns":5},{"damage":0,"enemies":"Cultist","floor":5,"turns":2},{"damage":27,"enemies":"3 Sentries","floor":6,"turns":5},{"damage":9,"enemies":"Blue Slaver","floor":7,"turns":4},{"damage":0,"enemies":"Lots of Slimes","floor":11,"turns":1},{"damage":7,"enemies":"Looter","floor":12,"turns":3},{"damage":7,"enemies":"Large Slime","floor":13,"turns":5},{"damage":16,"enemies":"Gremlin Nob","floor":14,"turns":3},{"damage":26,"enemies":"Hexaghost","floor":16,"turns":8},{"damage":14,"enemies":"Spheric Guardian","floor":18,"turns":5},{"damage":12,"enemies":"3 Byrds","floor":19,"turns":3},{"damage":12,"enemies":"Centurion and Healer","floor":21,"turns":3},{"damage":24,"enemies":"Snake Plant","floor":22,"turns":3},{"damage":6,"enemies":"3 Cultists","floor":24,"turns":3},{"damage":39,"enemies":"Chosen and Byrds","floor":31,"turns":8},{"damage":84,"enemies":"Collector","floor":33,"turns":6}],"seed_played":"1943771373158168184","potions_obtained":[{"floor":1,"key":"GamblersBrew"},{"floor":4,"key":"SteroidPotion"},{"floor":6,"key":"PowerPotion"},{"floor":13,"key":"Fire Potion"},{"floor":14,"key":"Fire Potion"},{"floor":16,"key":"GamblersBrew"},{"floor":18,"key":"AttackPotion"},{"floor":22,"key":"Explosive Potion"}],"is_trial":false,"path_per_floor":["M","?","T","M","M","E","M","$","T","?","M","M","M","E","R","B",null,"M","M","$","M","M","R","M","R","T","$","?","$","R","M","R","B"],"character_chosen":"IRONCLAD","items_purchased":["Infernal Blade+1","Sentinel+1","Deep Breath+1","Chrysalis+1","Juzu Bracelet"],"campfire_rested":4,"item_purchase_floors":[8,8,8,20,27],"current_hp_per_floor":[77,77,77,68,74,53,50,50,50,50,56,55,54,44,68,48,80,72,66,66,60,42,66,66,80,80,80,80,80,80,47,71,0],"gold":36,"neow_bonus":"HUNDRED_GOLD","is_prod":false,"is_daily":false,"chose_seed":false,"campfire_upgraded":1,"win_rate":0,"timestamp":1549525926,"path_taken":["M","?","?","M","M","E","M","$","T","?","M","M","M","E","R","BOSS","M","M","$","M","M","R","M","R","T","$","?","?","R","M","R","BOSS"],"build_version":"2019-01-23","purchased_purges":0,"victory":false,"max_hp_per_floor":[80,80,80,80,80,80,80,80,80,80,80,80,80,80,80,80,80,80,80,80,80,80,80,80,80,80,80,80,80,80,80,80,80],"card_choices":[{"not_picked":["Blood for Blood","Heavy Blade"],"picked":"Cleave","floor":1},{"not_picked":["Disarm+1","Clash"],"picked":"Cleave","floor":4},{"not_picked":["Twin Strike","Corruption"],"picked":"Battle Trance+1","floor":5},{"not_picked":["Double Tap+1","Body Slam"],"picked":"Second Wind+1","floor":6},{"not_picked":["Shockwave+1","Twin Strike"],"picked":"Inflame","floor":7},{"not_picked":["Anger","Sword Boomerang","Thunderclap"],"picked":"SKIP","floor":11},{"not_picked":["Anger","Twin Strike","Warcry+1"],"picked":"SKIP","floor":12},{"not_picked":["Wild Strike","Pommel Strike","Thunderclap"],"picked":"SKIP","floor":13},{"not_picked":["Reckless Charge","Burning Pact+1"],"picked":"Flex+1","floor":14},{"not_picked":["Reaper","Limit Break+1"],"picked":"Demon Form","floor":16},{"not_picked":[],"picked":"Bloodletting+1","floor":18},{"not_picked":["Anger"],"picked":"SKIP","floor":19},{"not_picked":["Cleave"],"picked":"SKIP","floor":21},{"not_picked":["Heavy Blade"],"picked":"SKIP","floor":22},{"not_picked":[],"picked":"True Grit+1","floor":24},{"not_picked":["Cleave"],"picked":"SKIP","floor":31}],"player_experience":631912,"relics_obtained":[{"floor":3,"key":"Toxic Egg 2"},{"floor":6,"key":"Bag of Marbles"},{"floor":9,"key":"Red Skull"},{"floor":14,"key":"Art of War"}],"event_choices":[{"damage_healed":0,"gold_gain":0,"player_choice":"Leave","damage_taken":0,"max_hp_gain":0,"max_hp_loss":0,"event_name":"The Cleric","floor":2,"gold_loss":0},{"damage_healed":0,"gold_gain":0,"player_choice":"Ignored","damage_taken":0,"max_hp_gain":0,"max_hp_loss":0,"event_name":"Golden Wing","floor":10,"gold_loss":0},{"cards_removed":["Cleave"],"damage_healed":5,"gold_gain":0,"player_choice":"Offered Common","damage_taken":0,"max_hp_gain":0,"max_hp_loss":0,"event_name":"Bonfire Elementals","floor":28,"gold_loss":0},{"cards_removed":["Cleave"],"damage_healed":5,"gold_gain":0,"player_choice":"Offered Special","damage_taken":0,"max_hp_gain":0,"max_hp_loss":0,"event_name":"Bonfire Elementals","floor":28,"gold_loss":0}],"is_beta":true,"boss_relics":[{"not_picked":["Pandora\u0027s Box","Ectoplasm"],"picked":"Busted Crown"}],"items_purged_floors":[],"is_endless":false,"potions_floor_spawned":[1,4,6,13,14,16,18,22],"killed_by":"Collector","ascension_level":0}