{"gold_per_floor":[366,366,377,390,11,45,45,63,139,139,170,2,37,51,51,125,175,187,200,200],"floor_reached":20,"playtime":933,"items_purged":[],"score":416,"play_id":"3010fc69-f55c-4bf4-ae22-7b9931a51815","local_time":"20190216110014","is_ascension_mode":true,"campfire_choices":[{"floor":7,"key":"REST"},{"floor":10,"key":"REST"},{"data":"Stack","floor":15,"key":"SMITH"}],"neow_cost":"TEN_PERCENT_HP_LOSS","seed_source_timestamp":527831350938,"circlet_count":0,"master_deck":["AscendersBane","Strike_B+1","Strike_B","Strike_B","Strike_B","Defend_B","Defend_B","Defend_B","Defend_B","Zap+1","Dualcast","Hologram+1","Doom and Gloom","Rip and Tear","Conserve Battery","Core Surge","Steam","Compile Driver+1","Electrodynamics","Stack+1","Echo Form"],"relics":["Cracked Core","Regal Pillow","Oddly Smooth Stone","FossilizedHelix","Meat on the Bone","Vajra","PreservedInsect","Whetstone","Tiny House"],"potions_floor_usage":[6,16,19,20],"damage_taken":[{"damage":4,"enemies":"Small Slimes","floor":1,"turns":4},{"damage":0,"enemies":"Cultist","floor":3,"turns":3},{"damage":7,"enemies":"Jaw Worm","floor":4,"turns":3},{"damage":44,"enemies":"Gremlin Nob","floor":6,"turns":4},{"damage":16,"enemies":"Gremlin Gang","floor":8,"turns":3},{"damage":14,"enemies":"3 Sentries","floor":11,"turns":6},{"damage":0,"enemies":"Gremlin Nob","floor":13,"turns":3},{"damage":8,"enemies":"Exordium Wildlife","floor":14,"turns":3},{"damage":8,"enemies":"Hexaghost","floor":16,"turns":9},{"damage":9,"enemies":"Chosen","floor":18,"turns":5},{"damage":18,"enemies":"Shell Parasite","floor":19,"turns":6},{"damage":48,"enemies":"Chosen and Byrds","floor":20,"turns":5}],"seed_played":"-3581149728258837313","potions_obtained":[{"floor":4,"key":"Poison Potion"},{"floor":6,"key":"Swift Potion"},{"floor":8,"key":"FocusPotion"},{"floor":17,"key":"Weak Potion"}],"is_trial":false,"path_per_floor":["M","?","M","M","$","E","R","M","T","R","E","$","E","M","R","B",null,"M","M","M"],"character_chosen":"DEFECT","items_purchased":["Regal Pillow","Oddly Smooth Stone","Conserve Battery","PreservedInsect"],"campfire_rested":2,"item_purchase_floors":[5,5,5,12],"current_hp_per_floor":[60,60,60,53,53,9,43,27,27,61,47,47,47,39,39,43,64,55,37,0],"gold":200,"neow_bonus":"TWO_FIFTY_GOLD","is_prod":false,"is_daily":false,"chose_seed":false,"campfire_upgraded":1,"win_rate":0,"timestamp":1550307614,"path_taken":["M","?","M","?","$","E","R","M","T","R","E","?","E","?","R","BOSS","M","M","M"],"build_version":"2019-01-23","purchased_purges":0,"victory":false,"max_hp_per_floor":[64,64,64,64,64,64,64,64,64,64,64,64,64,64,64,64,69,69,69,69],"card_choices":[{"not_picked":["Compile Driver","Turbo"],"picked":"Hologram","floor":1},{"not_picked":["Fusion","Compile Driver"],"picked":"Doom and Gloom","floor":3},{"not_picked":["Force Field","Amplify"],"picked":"Rip and Tear","floor":4},{"not_picked":["Seek","Darkness"],"picked":"Core Surge","floor":6},{"not_picked":["Leap","Barrage"],"picked":"Steam","floor":8},{"not_picked":["Seek","Streamline"],"picked":"Compile Driver","floor":11},{"not_picked":["Rip and Tear","Lockon"],"picked":"Electrodynamics","floor":13},{"not_picked":["Compile Driver","Hologram"],"picked":"Stack","floor":14},{"not_picked":["Multi-Cast","Biased Cognition"],"picked":"Echo Form","floor":16},{"not_picked":["Force Field","Turbo","Hologram"],"picked":"SKIP","floor":18},{"not_picked":["Hologram","Ball Lightning","Barrage+1"],"picked":"SKIP","floor":19}],"player_experience":741280,"relics_obtained":[{"floor":6,"key":"FossilizedHelix"},{"floor":9,"key":"Meat on the Bone"},{"floor":11,"key":"Vajra"},{"floor":13,"key":"Whetstone"}],"event_choices":[{"damage_healed":0,"gold_gain":0,"player_choice":"Upgraded","damage_taken":0,"max_hp_gain":0,"max_hp_loss":0,"event_name":"Upgrade Shrine","floor":2,"gold_loss":0,"cards_upgraded":["Zap"]}],"is_beta":false,"boss_relics":[{"not_picked":["Empty Cage","Coffee Dripper"],"picked":"Tiny House"}],"items_purged_floors":[],"is_endless":false,"potions_floor_spawned":[4,6,8,13],"killed_by":"Chosen and Byrds","ascension_level":18}