{"gold_per_floor":[213,213,213,230,245,279,279,289,289,289,308,333,346,158,158,262,262,282,282,295,210,220,220,220],"floor_reached":24,"playtime":970,"items_purged":["Strike_G"],"score":210,"play_id":"942cc420-20bb-48d6-97e2-6dcfa12e3bd4","local_time":"20190223221249","is_ascension_mode":false,"campfire_choices":[{"floor":7.0,"key":"REST"},{"data":"Riddle With Holes","floor":10.0,"key":"SMITH"},{"floor":15.0,"key":"REST"},{"floor":23,"key":"REST"}],"neow_cost":"NONE","seed_source_timestamp":84508098791913,"circlet_count":0,"master_deck":["Defend_G","Defend_G","Defend_G","Defend_G","Strike_G","Strike_G","Strike_G","Strike_G","Survivor","Neutralize","Underhanded Strike","Predator","Riddle With Holes+1","Dagger Throw","Caltrops","Footwork","Outmaneuver","Tools of the Trade","Footwork","Adrenaline","Underhanded Strike","Dagger Throw","Tactician"],"special_seed":0,"relics":["Ring of the Snake","Singing Bowl","StoneCalendar","Lantern","Orrery","Anchor"],"potions_floor_usage":[],"damage_taken":[{"damage":2.0,"enemies":"2 Louse","floor":1.0,"turns":4.0},{"damage":0.0,"enemies":"Small Slimes","floor":4.0,"turns":3.0},{"damage":5.0,"enemies":"Jaw Worm","floor":5.0,"turns":6.0},{"damage":16.0,"enemies":"Gremlin Nob","floor":6.0,"turns":4.0},{"damage":0.0,"enemies":"Lots of Slimes","floor":8.0,"turns":2.0},{"damage":7.0,"enemies":"Gremlin Gang","floor":11.0,"turns":4.0},{"damage":23.0,"enemies":"3 Sentries","floor":12.0,"turns":7.0},{"damage":6.0,"enemies":"Blue Slaver","floor":13.0,"turns":3.0},{"damage":24.0,"enemies":"Hexaghost","floor":16.0,"turns":8.0},{"damage":9.0,"enemies":"Shell Parasite","floor":18.0,"turns":7.0},{"damage":0.0,"enemies":"2 Thieves","floor":19.0,"turns":1.0},{"damage":26,"enemies":"Snecko","floor":20,"turns":6},{"damage":33,"enemies":"Sentry and Sphere","floor":22,"turns":7},{"damage":49,"enemies":"Slavers","floor":24,"turns":4}],"seed_played":"7951374023269594117","potions_obtained":[{"floor":1.0,"key":"LiquidBronze"},{"floor":4.0,"key":"SmokeBomb"},{"floor":6.0,"key":"Explosive Potion"},{"floor":11.0,"key":"LiquidBronze"},{"floor":16.0,"key":"Ancient Potion"},{"floor":18.0,"key":"SmokeBomb"}],"is_trial":false,"path_per_floor":["M","?","?","M","M","E","R","M","T","R","M","E","M","$","R","B",null,"M","M","M","?","M","R","E"],"character_chosen":"THE_SILENT","items_purchased":["Footwork","Outmaneuver"],"campfire_rested":3,"item_purchase_floors":[14,14],"current_hp_per_floor":[68,61,61,63,58,44,66,66,66,66,59,36,32,32,54,30,82,73,73,47,47,14,38,0],"gold":220,"neow_bonus":"HUNDRED_GOLD","is_prod":false,"is_daily":false,"chose_seed":false,"campfire_upgraded":1,"win_rate":0,"timestamp":1550927569,"path_taken":["M","?","?","?","M","E","R","M","T","R","?","E","?","$","R","BOSS","M","M","?","?","M","R","E"],"build_version":"2019-01-23","purchased_purges":1,"victory":false,"max_hp_per_floor":[70,70,70,72,72,74,74,74,74,74,74,74,76,76,76,76,82,82,82,82,82,82,82,82],"card_choices":[{"not_picked":["Blur","Cloak And Dagger"],"picked":"Underhanded Strike","floor":1.0},{"not_picked":["Acrobatics","Concentrate","Infinite Blades"],"picked":"Singing Bowl","floor":4.0},{"not_picked":["Bane","Blade Dance"],"picked":"Predator","floor":5.0},{"not_picked":["Concentrate","Acrobatics","Deflect"],"picked":"Singing Bowl","floor":6.0},{"not_picked":["Phantasmal Killer","Predator"],"picked":"Riddle With Holes","floor":8.0},{"not_picked":["Underhanded Strike","Reflex"],"picked":"Dagger Throw","floor":11.0},{"not_picked":["Underhanded Strike","Prepared"],"picked":"Caltrops","floor":12.0},{"not_picked":["Blade Dance","Noxious Fumes","Cloak And Dagger"],"picked":"Singing Bowl","floor":13.0},{"not_picked":["Glass Knife","A Thousand Cuts"],"picked":"Tools of the Trade","floor":16.0},{"not_picked":["Dagger Spray","Underhanded Strike"],"picked":"Footwork","floor":17.0},{"not_picked":["Deadly Poison","Backflip"],"picked":"Adrenaline","floor":17.0},{"not_picked":["Choke","Cloak And Dagger","Outmaneuver"],"picked":"Singing Bowl","floor":17.0},{"not_picked":["Cloak And Dagger","Quick Slash","Heel Hook"],"picked":"Singing Bowl","floor":17.0},{"not_picked":["Skewer","Backflip","Slice"],"picked":"Singing Bowl","floor":17.0},{"not_picked":["Sucker Punch","Expertise"],"picked":"Underhanded Strike","floor":18.0},{"not_picked":["Deflect+1","PiercingWail"],"picked":"Dagger Throw","floor":20},{"not_picked":["Prepared","Well Laid Plans"],"picked":"Tactician","floor":22}],"player_experience":660906,"relics_obtained":[{"floor":6.0,"key":"StoneCalendar"},{"floor":12.0,"key":"Lantern"}],"event_choices":[{"damage_healed":0.0,"max_hp_gain":0.0,"max_hp_loss":0.0,"gold_gain":0.0,"event_name":"Scrap Ooze","player_choice":"Success","floor":2.0,"gold_loss":0.0,"damage_taken":7.0,"relics_obtained":["Singing Bowl"]},{"cards_removed":["Defend_G"],"damage_healed":0.0,"max_hp_gain":0.0,"max_hp_loss":0.0,"gold_gain":0.0,"event_name":"Living Wall","player_choice":"Forget","floor":3.0,"gold_loss":0.0,"damage_taken":0.0},{"damage_healed":0,"gold_gain":0,"player_choice":"Obtained Relic","damage_taken":0,"relics_obtained":["Anchor"],"max_hp_gain":0,"max_hp_loss":0,"event_name":"Addict","floor":21,"gold_loss":85}],"is_beta":false,"boss_relics":[{"not_picked":["Pandora\u0027s Box","Velvet Choker"],"picked":"Orrery"}],"items_purged_floors":[14],"is_endless":false,"potions_floor_spawned":[1,4,6,11,16,18],"killed_by":"Slavers","ascension_level":0}