{"gold_per_floor":[119,194,80,98,117,145,145],"floor_reached":7,"playtime":428,"items_purged":[],"score":126,"play_id":"89e0306c-51de-47a6-aef6-deea2961626d","local_time":"20190210172937","daily_mods":["SealedDeck","Hoarder","Chimera","Vintage","Allstar","Diverse","Colorless Cards","Heirloom","Time Dilation","Flight","DeadlyEvents"],"is_ascension_mode":false,"campfire_choices":[],"neow_cost":"","seed_source_timestamp":0,"circlet_count":0,"master_deck":["Bash","Survivor","Zap+1","Strike_R","Strike_G","Strike_B","Defend_R","Defend_G","Defend_B","Poisoned Stab","Poisoned Stab","Poisoned Stab","Backflip","Backflip","Backflip","Ball Lightning","Ball Lightning","Ball Lightning","Reinforced Body","Reinforced Body","Reinforced Body","Dagger Throw","Dagger Throw","Dagger Throw","Finesse","Finesse","Finesse","Crippling Poison","Crippling Poison","Crippling Poison","PiercingWail","PiercingWail","PiercingWail","Inflame","Inflame","Inflame","Conserve Battery","Conserve Battery","Conserve Battery","Disarm","Disarm+1","Disarm","Hello World","Hello World","Hello World","Feed","Feed","Feed"],"relics":["Burning Blood","Incense Burner","Bottled Tornado","PreservedInsect","Strawberry","War Paint"],"potions_floor_usage":[],"damage_taken":[{"damage":0,"enemies":"2 Louse","floor":1,"turns":3},{"damage":0,"enemies":"Cultist","floor":4,"turns":3},{"damage":1,"enemies":"Jaw Worm","floor":5,"turns":4},{"damage":14,"enemies":"Lagavulin","floor":6,"turns":5}],"seed_played":"3338544535699105897","potions_obtained":[{"floor":1,"key":"Strength Potion"},{"floor":4,"key":"FearPotion"}],"is_trial":true,"path_per_floor":["M","?","$","M","M","E","R"],"character_chosen":"IRONCLAD","items_purchased":["Disarm","Hello World"],"campfire_rested":0,"item_purchase_floors":[3,3],"current_hp_per_floor":[80,69,69,75,87,79,79],"gold":145,"neow_bonus":"","is_prod":false,"is_daily":false,"chose_seed":false,"campfire_upgraded":0,"win_rate":0,"timestamp":1549816177,"path_taken":["M","?","$","M","M","E","R"],"build_version":"2019-01-23","purchased_purges":0,"victory":false,"max_hp_per_floor":[80,80,80,80,87,87,87],"card_choices":[{"not_picked":["Havoc","Redo"],"picked":"Feed","floor":6}],"player_experience":437367,"relics_obtained":[{"floor":1,"key":"Bottled Tornado"},{"floor":4,"key":"PreservedInsect"},{"floor":5,"key":"Strawberry"},{"floor":6,"key":"War Paint"}],"event_choices":[{"damage_healed":0,"gold_gain":75,"player_choice":"Gather Gold","damage_taken":11,"max_hp_gain":0,"max_hp_loss":0,"event_name":"World of Goop","floor":2,"gold_loss":0}],"is_beta":false,"boss_relics":[],"items_purged_floors":[],"is_endless":true,"potions_floor_spawned":[1,4],"ascension_level":0}