{"path_per_floor":["M","M","$","M","$","E","M","R","T","E","?","R","M","M","R","B",null,"M","M","?","$","M","R","M","R","T","$","M","?","R","M","R","B",null,"M","$","?","M","$","R","M","M","T","$","R","M","$","M","R"],"character_chosen":"IRONCLAD","items_purchased":["Toolbox","Panacea"],"gold_per_floor":[110,128,128,142,142,172,185,185,185,214,289,289,303,322,322,418,418,418,373,373,373,373,373,373,373,373,30,30,30,30,30,30,30,30,30,30,30,30,30,30,30,30,30,30,30,30,30,30,30,30],"floor_reached":50,"campfire_rested":5,"playtime":2217,"current_hp_per_floor":[80,80,80,80,80,51,49,73,73,65,54,78,78,80,80,50,80,74,66,50,50,48,74,76,76,76,76,86,86,86,80,92,62,96,93,93,93,91,91,91,58,60,60,60,91,97,97,101,101,0],"items_purged":[],"gold":30,"score":504,"play_id":"6af6cdf4-521c-4c60-a64f-609da97386c2","local_time":"20180402031846","is_prod":false,"is_daily":false,"is_ascension_mode":true,"campfire_upgraded":5,"timestamp":1522648126,"path_taken":["M","M","$","M","$","E","M","R","T","E","?","R","M","M","R","BOSS","M","M","?","$","M","R","M","R","T","$","M","?","R","?","R","BOSS","M","$","?","M","$","R","M","M","T","?","R","?","$","?","R","BOSS"],"build_version":"2018-03-29v2","purchased_purges":1,"victory":false,"master_deck":["Strike_R","Strike_R","Strike_R","Strike_R","Defend_R","Defend_R","Defend_R","Defend_R","Battle Trance","Spot Weakness+1","Bludgeon+1","Dropkick","Cleave","Shrug It Off+1","Feed+1","True Grit+1","Power Through","Perfected Strike+1","Sentinel+1","Impervious","Carnage+1","Secret Technique+1","Power Through+1","Whirlwind+1","Perfected Strike+1","Seeing Red+1","Impervious"],"max_hp_per_floor":[80,80,80,80,80,80,80,80,80,80,80,80,80,80,80,80,80,83,83,88,88,88,88,88,88,88,88,92,92,92,92,92,96,96,100,100,100,100,100,100,100,104,104,104,104,104,104,104,104,104],"relics":["Burning Blood","Bronze Scales","Lantern","Dream Catcher","Bird Faced Urn","Ectoplasm","Meat on the Bone","Toolbox","Astrolabe","Bag of Marbles"],"card_choices":[{"not_picked":["Anger","Shrug It Off"],"picked":"Battle Trance","floor":2},{"not_picked":["Clothesline","True Grit"],"picked":"Spot Weakness","floor":4},{"not_picked":["Sever Soul","Anger"],"picked":"Bludgeon","floor":6},{"not_picked":["Anger","Searing Blow"],"picked":"Dropkick","floor":10},{"not_picked":["Entrench","Warcry"],"picked":"Cleave","floor":12},{"not_picked":["Ghostly Armor","Flex"],"picked":"Shrug It Off","floor":13},{"not_picked":["Barricade","Brutality"],"picked":"Feed","floor":16},{"not_picked":["Pommel Strike","Shrug It Off"],"picked":"True Grit","floor":18},{"not_picked":["Carnage","Heavy Blade"],"picked":"Havoc","floor":19},{"not_picked":["Fire Breathing","Metallicize"],"picked":"Power Through","floor":22},{"not_picked":["Battle Trance","Shockwave"],"picked":"Perfected Strike","floor":23},{"not_picked":["Shrug It Off","Sever Soul"],"picked":"Sentinel","floor":28},{"not_picked":["Brutality","Offering"],"picked":"Impervious","floor":33},{"not_picked":["Flex","Shrug It Off"],"picked":"Whirlwind","floor":38},{"not_picked":["Uppercut","Sword Boomerang"],"picked":"Perfected Strike","floor":41},{"not_picked":["Warcry","Headbutt"],"picked":"Seeing Red","floor":42},{"not_picked":["Clothesline","Armaments"],"picked":"Impervious","floor":45}],"player_experience":286863,"potions_floor_usage":[6,13,16,19,24,28,28,31,41,42,50],"damage_taken":[{"damage":0,"enemies":"2 Louse","floor":1,"turns":3},{"damage":3,"enemies":"Jaw Worm","floor":2,"turns":4},{"damage":2,"enemies":"Small Slimes","floor":4,"turns":4},{"damage":35,"enemies":"Lagavulin","floor":6,"turns":7},{"damage":8,"enemies":"2 Fungi Beasts","floor":7,"turns":3},{"damage":14,"enemies":"3 Sentries","floor":10,"turns":6},{"damage":6,"enemies":"3 Louse","floor":13,"turns":1},{"damage":0,"enemies":"Looter","floor":14,"turns":3},{"damage":36,"enemies":"Slime Boss","floor":16,"turns":8},{"damage":15,"enemies":"Chosen","floor":18,"turns":4},{"damage":20,"enemies":"2 Thieves","floor":19,"turns":3},{"damage":8,"enemies":"Centurion and Healer","floor":22,"turns":5},{"damage":4,"enemies":"Snecko","floor":24,"turns":5},{"damage":0,"enemies":"Sentry and Sphere","floor":28,"turns":5},{"damage":12,"enemies":"Centurion and Healer","floor":31,"turns":4},{"damage":52,"enemies":"Champ","floor":33,"turns":11},{"damage":13,"enemies":"3 Shapes","floor":35,"turns":4},{"damage":10,"enemies":"Orb Walker","floor":38,"turns":4},{"damage":39,"enemies":"Maw","floor":41,"turns":8},{"damage":8,"enemies":"Sphere and 2 Shapes","floor":42,"turns":4},{"damage":0,"enemies":"3 Darklings","floor":46,"turns":1},{"damage":2,"enemies":"4 Shapes","floor":48,"turns":6},{"damage":117,"enemies":"Awakened One","floor":50,"turns":15}],"event_choices":[{"event_name":"World of Goop","player_choice":"Gather Gold","floor":11,"damage_taken":0},{"event_name":"Forgotten Altar","player_choice":"Shed Blood","floor":20,"damage_taken":0},{"event_name":"Beggar","player_choice":"Ignored","floor":29,"damage_taken":0}],"boss_relics":[{"not_picked":["Runic Dome","Velvet Choker"],"picked":"Ectoplasm"},{"not_picked":["Snecko Eye","Orrery"],"picked":"Astrolabe"}],"potions_floor_spawned":[4,6,7,10,13,14,22,24,28,31,41,46],"seed_played":"-2615786924597380831","killed_by":"Awakened One","ascension_level":1,"is_trial":false}