{"gold_per_floor":[113,38,53,53,68,68,13,13,13,23,56,74,74,94,94,171,171,187,137,47,47,58,58,58],"floor_reached":24,"playtime":794,"items_purged":[],"score":392,"play_id":"383723f1-501e-43ad-91c8-1c9834461711","local_time":"20181118193421","is_ascension_mode":true,"campfire_choices":[{"data":"Zap","floor":6.0,"key":"SMITH"},{"floor":8.0,"key":"RECALL"},{"data":"Go for the Eyes","floor":13.0,"key":"SMITH"},{"floor":15.0,"key":"REST"},{"floor":23,"key":"REST"}],"neow_cost":"PERCENT_DAMAGE","seed_source_timestamp":0,"circlet_count":0,"master_deck":["AscendersBane","Strike_B","Strike_B","Defend_B","Defend_B","Defend_B","Defend_B","Zap+1","Dualcast","Cold Snap","Compile Driver","Sweeping Beam","Turbo","Steam","Genetic Algorithm","Go for the Eyes+1","Sweeping Beam","Biased Cognition","Panacea","Hologram","Hologram"],"special_seed":0,"relics":["Cracked Core","Boot","Busted Crown"],"potions_floor_usage":[18],"damage_taken":[{"damage":2.0,"enemies":"Small Slimes","floor":1.0,"turns":4.0},{"damage":1.0,"enemies":"2 Louse","floor":3.0,"turns":3.0},{"damage":0.0,"enemies":"Cultist","floor":5.0,"turns":3.0},{"damage":13.0,"enemies":"Large Slime","floor":10.0,"turns":5.0},{"damage":12.0,"enemies":"3 Sentries","floor":11.0,"turns":7.0},{"damage":4.0,"enemies":"2 Fungi Beasts","floor":12.0,"turns":4.0},{"damage":9.0,"enemies":"3 Louse","floor":14.0,"turns":3.0},{"damage":23.0,"enemies":"Slime Boss","floor":16.0,"turns":9.0},{"damage":13,"enemies":"Spheric Guardian","floor":18,"turns":5},{"damage":7,"enemies":"Chosen","floor":22,"turns":5},{"damage":22,"enemies":"Centurion and Healer","floor":24,"turns":5}],"seed_played":"-7276844188492786587","potions_obtained":[{"floor":1.0,"key":"Poison Potion"},{"floor":10.0,"key":"GamblersBrew"},{"floor":14.0,"key":"AttackPotion"},{"floor":16.0,"key":"AttackPotion"}],"is_trial":false,"path_per_floor":["M","?","M","?","M","R","$","R","T","M","E","M","R","M","R","B",null,"M","?","$","?","M","R","M"],"character_chosen":"DEFECT","items_purchased":["Turbo","Panacea"],"campfire_rested":2,"item_purchase_floors":[7,20],"current_hp_per_floor":[58,58,57,50,50,50,50,50,50,37,25,21,21,12,37,14,67,54,54,54,54,47,72,50],"gold":58,"neow_bonus":"TWENTY_PERCENT_HP_BONUS","is_prod":false,"is_daily":false,"chose_seed":false,"campfire_upgraded":2,"win_rate":0,"timestamp":1542566061,"path_taken":["M","?","M","?","M","R","$","R","T","M","E","M","R","M","R","BOSS","M","?","?","?","M","R","M"],"build_version":"2018-11-15","purchased_purges":0,"victory":false,"max_hp_per_floor":[85,85,85,85,85,85,85,85,85,85,85,85,85,85,85,85,85,85,85,85,85,85,85,85],"card_choices":[{"not_picked":["Skim","Stack"],"picked":"Cold Snap","floor":1.0},{"not_picked":["Steam","Stack"],"picked":"Compile Driver","floor":3.0},{"not_picked":["Lockon","Streamline"],"picked":"Sweeping Beam","floor":5.0},{"not_picked":["Gash","Hello World"],"picked":"Steam","floor":10.0},{"not_picked":["Double Energy","Leap"],"picked":"Genetic Algorithm","floor":11.0},{"not_picked":["Genetic Algorithm","Fusion"],"picked":"Go for the Eyes","floor":12.0},{"not_picked":["Genetic Algorithm","Rebound"],"picked":"Sweeping Beam","floor":14.0},{"not_picked":["Meteor Strike","Fission"],"picked":"Biased Cognition","floor":16.0},{"not_picked":["Blizzard"],"picked":"SKIP","floor":18},{"not_picked":[],"picked":"Hologram","floor":22}],"player_experience":809671,"relics_obtained":[{"floor":11.0,"key":"Boot"}],"event_choices":[{"cards_removed":["Strike_B"],"damage_healed":0.0,"max_hp_gain":0.0,"max_hp_loss":0.0,"gold_gain":0.0,"event_name":"The Cleric","player_choice":"Card Removal","floor":2.0,"gold_loss":75.0,"damage_taken":0.0},{"cards_removed":["Strike_B"],"damage_healed":0.0,"max_hp_gain":0.0,"max_hp_loss":0.0,"gold_gain":0.0,"event_name":"Golden Wing","player_choice":"Card Removal","floor":4.0,"gold_loss":0.0,"damage_taken":7.0},{"damage_healed":0,"gold_gain":0,"player_choice":"Bet on Murderer","damage_taken":0,"max_hp_gain":0,"max_hp_loss":0,"event_name":"The Joust","floor":19,"gold_loss":50},{"damage_healed":0,"gold_gain":0,"player_choice":"Read","damage_taken":0,"max_hp_gain":0,"max_hp_loss":0,"event_name":"The Library","floor":21,"gold_loss":0,"cards_obtained":["Hologram"]}],"is_beta":true,"boss_relics":[{"not_picked":["Velvet Choker","Black Star"],"picked":"Busted Crown"}],"items_purged_floors":[],"is_endless":false,"potions_floor_spawned":[1,10,14,16],"killed_by":"Centurion and Healer","ascension_level":20}