{"path_per_floor":["M","M","$","?","?","R","E","R","T","E","?","E","$","?","R","B",null,"M","M","?","M","$","E","R","M","T","E","$"],"character_chosen":"THE_SILENT","items_purchased":["Oddly Smooth Stone","Transmutation"],"gold_per_floor":[114,129,129,129,129,129,159,159,184,214,244,274,49,49,49,149,179,194,209,209,224,39,69,69,84,84,114,114],"floor_reached":29,"campfire_rested":1,"playtime":1135,"current_hp_per_floor":[70,70,70,70,80,80,80,80,80,80,80,79,79,79,79,66,85,72,72,56,47,47,29,54,42,42,4,4],"items_purged":["Normality"],"gold":114,"score":352,"play_id":"8c3ab10c-268e-41a0-b3e7-e5a8cfceef56","local_time":"20180311225135","daily_mods":["Shiny","Elite Swarm","Lethality"],"is_prod":false,"is_daily":true,"is_ascension_mode":false,"campfire_upgraded":3,"timestamp":1520817695,"path_taken":["M","M","$","?","?","R","E","R","T","E","?","E","?","?","R","BOSS","M","M","?","?","$","E","R","?","T","E","?","E"],"build_version":"2018-03-09","purchased_purges":1,"victory":false,"master_deck":["Defend_G","Defend_G","Defend_G","Defend_G","Defend_G+1","Strike_G","Strike_G","Strike_G","Strike_G","Strike_G","Survivor","Neutralize","Flying Knee","Dagger Spray+1","Die Die Die+1","Tools of the Trade+1","A Thousand Cuts+1","Bullet Time","PiercingWail","Necronomicurse","Acrobatics","Transmutation","Adrenaline"],"max_hp_per_floor":[70,70,70,70,80,80,80,80,80,80,80,80,80,80,80,80,85,85,85,85,85,85,85,85,85,85,85,85],"relics":["Ring of the Snake","Frozen Eye","Art of War","Pen Nib","Tiny Chest","Sundial","Oddly Smooth Stone","Tiny House","Necronomicon","Peace Pipe","Calipers","Bottled Flame"],"card_choices":[{"not_picked":["Blur","Sucker Punch"],"picked":"Flying Knee"},{"not_picked":["Dodge and Roll","Bouncing Flask"],"picked":"Dagger Spray"},{"not_picked":["Corpse Explosion","Grand Finale"],"picked":"Die Die Die"},{"not_picked":["Corpse Explosion","Grand Finale"],"picked":"Tools of the Trade"},{"not_picked":["Corpse Explosion","Envenom"],"picked":"A Thousand Cuts"},{"not_picked":["Unload","Burst"],"picked":"Bullet Time"},{"not_picked":["Bane","Escape Plan"],"picked":"PiercingWail"},{"not_picked":["Backflip","Malaise"],"picked":"Acrobatics"},{"not_picked":["After Image","Glass Knife"],"picked":"Adrenaline"}],"player_experience":162595,"potions_floor_usage":[7,10,12,18,19,27,27],"damage_taken":[{"damage":0,"enemies":"Small Slimes","floor":1,"turns":3},{"damage":0,"enemies":"2 Louse","floor":2,"turns":1},{"damage":0,"enemies":"3 Sentries","floor":7,"turns":2},{"damage":0,"enemies":"Gremlin Nob","floor":10,"turns":2},{"damage":1,"enemies":"Lagavulin","floor":12,"turns":4},{"damage":13,"enemies":"Slime Boss","floor":16,"turns":5},{"damage":13,"enemies":"2 Thieves","floor":18,"turns":2},{"damage":0,"enemies":"Chosen","floor":19,"turns":2},{"damage":9,"enemies":"Centurion and Healer","floor":21,"turns":3},{"damage":18,"enemies":"Gremlin Leader","floor":23,"turns":7},{"damage":12,"enemies":"Snake Plant","floor":25,"turns":4},{"damage":38,"enemies":"Book of Stabbing","floor":27,"turns":6},{"damage":6,"enemies":"Gremlin Leader","floor":29,"turns":5}],"event_choices":[{"event_name":"The Cleric","player_choice":"Leave","floor":4,"damage_taken":0},{"event_name":"Bonfire Elementals","player_choice":"RARE","floor":5,"damage_taken":0},{"event_name":"Accursed Blacksmith","player_choice":"Rummage","floor":11,"damage_taken":0},{"event_name":"Living Wall","player_choice":"Grow","floor":14,"damage_taken":0},{"event_name":"Cursed Tome","player_choice":"Obtained Book","floor":20,"damage_taken":0}],"boss_relics":[{"not_picked":["Cursed Key","Pandora\u0027s Box"],"picked":"Tiny House"}],"potions_floor_spawned":[1,2,7,18,21,25],"seed_played":"-3661932950863109323","killed_by":"Gremlin Leader","ascension_level":0,"is_trial":false}