{"gold_per_floor":[113,113,78,48,48,48,63,121,121,121,44,58,58,69,69,148,148,160,160,176,101,120,120,151,109,109,109,119,33,33,33,33,33],"floor_reached":33,"playtime":1323,"items_purged":["Writhe"],"score":522,"play_id":"650b377a-66df-4bdc-bbf6-773ad2b0ab27","local_time":"20190222194316","is_ascension_mode":true,"campfire_choices":[{"floor":6,"key":"REST"},{"floor":10,"key":"REST"},{"data":"Clothesline","floor":15,"key":"SMITH"},{"floor":23,"key":"REST"},{"floor":27,"key":"REST"},{"floor":32,"key":"REST"}],"neow_cost":"NONE","seed_source_timestamp":15549691408947990,"circlet_count":0,"master_deck":["AscendersBane","Strike_R","Strike_R","Strike_R","Strike_R","Strike_R","Defend_R+1","Defend_R+1","Defend_R","Defend_R","Bash","Cleave","Clothesline+1","Metallicize","Dropkick","Evolve","Iron Wave","Juggernaut","Iron Wave","Shrug It Off","Corruption","Inflame"],"relics":["Burning Blood","Happy Flower","Thread and Needle","Tiny Chest","Bronze Scales","Mark of Pain","Mummified Hand","Oddly Smooth Stone","Shuriken","Paper Frog"],"potions_floor_usage":[16,16,22,24,33,33],"damage_taken":[{"damage":10,"enemies":"Small Slimes","floor":1,"turns":4},{"damage":0,"enemies":"Jaw Worm","floor":7,"turns":3},{"damage":33,"enemies":"3 Sentries","floor":8,"turns":14},{"damage":0,"enemies":"2 Louse","floor":12,"turns":3},{"damage":0,"enemies":"Exordium Wildlife","floor":14,"turns":3},{"damage":28,"enemies":"Hexaghost","floor":16,"turns":9},{"damage":5,"enemies":"2 Thieves","floor":18,"turns":4},{"damage":15,"enemies":"Shell Parasite","floor":20,"turns":5},{"damage":21,"enemies":"3 Cultists","floor":22,"turns":5},{"damage":49,"enemies":"Gremlin Leader","floor":24,"turns":5},{"damage":17,"enemies":"Centurion and Healer","floor":28,"turns":6},{"damage":80,"enemies":"Collector","floor":33,"turns":7}],"seed_played":"-2938470026691743660","potions_obtained":[{"floor":8,"key":"Poison Potion"},{"floor":14,"key":"SkillPotion"},{"floor":20,"key":"Strength Potion"},{"floor":22,"key":"LiquidBronze"},{"floor":28,"key":"Strength Potion"}],"is_trial":false,"path_per_floor":["M","?","?","$","T","R","M","E","T","R","$","M","?","M","R","B",null,"M","?","M","$","M","R","E","$","T","R","M","$","?","T","R","B"],"character_chosen":"IRONCLAD","items_purchased":["Clothesline","Evolve","Corruption","Regen Potion"],"campfire_rested":5,"item_purchase_floors":[4,11,25,29],"current_hp_per_floor":[64,41,59,59,59,75,75,48,48,70,70,75,75,75,75,53,70,71,71,62,62,47,69,26,26,26,48,37,37,16,16,40,0],"gold":33,"neow_bonus":"RANDOM_COMMON_RELIC","is_prod":false,"is_daily":false,"chose_seed":false,"campfire_upgraded":1,"win_rate":0,"timestamp":1550860996,"path_taken":["M","?","?","$","?","R","?","E","T","R","$","M","?","M","R","BOSS","M","?","M","$","M","R","E","$","T","R","M","$","?","?","R","BOSS"],"build_version":"2019-01-23","purchased_purges":1,"victory":false,"max_hp_per_floor":[75,75,75,75,75,75,75,75,75,75,75,75,75,75,75,75,75,75,75,75,75,75,75,75,75,75,75,75,75,80,80,80,80],"card_choices":[{"not_picked":["Armaments","Rupture"],"picked":"Cleave","floor":1},{"not_picked":["Flex","Warcry"],"picked":"Metallicize","floor":7},{"not_picked":["Clash","True Grit"],"picked":"Dropkick","floor":8},{"not_picked":["True Grit","Searing Blow"],"picked":"Iron Wave","floor":12},{"not_picked":["Thunderclap","Body Slam","Cleave"],"picked":"SKIP","floor":14},{"not_picked":["Reaper","Double Tap"],"picked":"Juggernaut","floor":16},{"not_picked":["Havoc","Wild Strike"],"picked":"Iron Wave","floor":18},{"not_picked":["Disarm","Seeing Red+1"],"picked":"Shrug It Off","floor":20},{"not_picked":["Perfected Strike","Havoc","Heavy Blade"],"picked":"SKIP","floor":22},{"not_picked":["Evolve","Perfected Strike","Dark Embrace"],"picked":"SKIP","floor":24},{"not_picked":["Warcry+1","Anger"],"picked":"Inflame","floor":28}],"player_experience":427103,"relics_obtained":[{"floor":5,"key":"Thread and Needle"},{"floor":8,"key":"Tiny Chest"},{"floor":9,"key":"Bronze Scales"},{"floor":24,"key":"Oddly Smooth Stone"},{"floor":26,"key":"Shuriken"},{"floor":31,"key":"Paper Frog"}],"event_choices":[{"damage_healed":0,"gold_gain":0,"player_choice":"Entered Light","damage_taken":23,"max_hp_gain":0,"max_hp_loss":0,"event_name":"Shining Light","floor":2,"gold_loss":0,"cards_upgraded":["Defend_R","Defend_R"]},{"damage_healed":18,"gold_gain":0,"player_choice":"Healed","damage_taken":0,"max_hp_gain":0,"max_hp_loss":0,"event_name":"The Cleric","floor":3,"gold_loss":35},{"damage_healed":0,"gold_gain":0,"player_choice":"Ignored","damage_taken":0,"max_hp_gain":0,"max_hp_loss":0,"event_name":"Golden Idol","floor":13,"gold_loss":0},{"damage_healed":0,"gold_gain":0,"player_choice":"Opened","damage_taken":0,"relics_obtained":["Mummified Hand"],"max_hp_gain":0,"max_hp_loss":0,"event_name":"The Mausoleum","floor":19,"gold_loss":0,"cards_obtained":["Writhe"]},{"damage_healed":0,"gold_gain":0,"player_choice":"Shed Blood","damage_taken":26,"max_hp_gain":5,"max_hp_loss":0,"event_name":"Forgotten Altar","floor":30,"gold_loss":0}],"is_beta":false,"boss_relics":[{"not_picked":["Philosopher\u0027s Stone","Black Star"],"picked":"Mark of Pain"}],"items_purged_floors":[21],"is_endless":false,"potions_floor_spawned":[8,14,20,22,28],"killed_by":"Collector","ascension_level":20}