{"gold_per_floor":[20,36,51,51,62,62,74,74,74,149,149,149,180,193,193,265,265,278,298,298,298,311,311,311,311,311,311,343,343,343],"floor_reached":30,"playtime":1008,"items_purged":[],"score":521,"play_id":"3e873b67-2130-45d4-bdcb-4947ba0a620b","local_time":"20190109232453","is_ascension_mode":true,"campfire_choices":[{"data":"Madness","floor":6,"key":"SMITH"},{"data":"Shockwave","floor":8,"key":"SMITH"},{"data":"Iron Wave","floor":12,"key":"SMITH"},{"data":"Flex","floor":15,"key":"SMITH"},{"data":"True Grit","floor":23,"key":"SMITH"},{"data":"Demon Form","floor":25,"key":"SMITH"},{"data":"Heavy Blade","floor":27,"key":"SMITH"}],"neow_cost":"NO_GOLD","seed_source_timestamp":8327677311360,"circlet_count":0,"master_deck":["AscendersBane","Defend_R","Defend_R","Defend_R","Defend_R","Bash","Madness+1","Secret Technique","Iron Wave+1","Limit Break","Headbutt","Heavy Blade+1","Shockwave+1","Flame Barrier","Flex+1","Demon Form+1","True Grit+1","Iron Wave","Metallicize","Bite","Bite","Bite","Bite","Bite"],"relics":["Burning Blood","Sundial","Centennial Puzzle","Busted Crown","Bottled Tornado","Dodecahedron"],"potions_floor_usage":[5,7,13,13,28,28,30],"damage_taken":[{"damage":10,"enemies":"2 Louse","floor":1,"turns":4},{"damage":9,"enemies":"Jaw Worm","floor":2,"turns":4},{"damage":7,"enemies":"Cultist","floor":3,"turns":5},{"damage":2,"enemies":"Looter","floor":5,"turns":4},{"damage":0,"enemies":"Large Slime","floor":7,"turns":3},{"damage":5,"enemies":"3 Sentries","floor":13,"turns":4},{"damage":1,"enemies":"2 Fungi Beasts","floor":14,"turns":3},{"damage":50,"enemies":"Hexaghost","floor":16,"turns":9},{"damage":12,"enemies":"3 Byrds","floor":18,"turns":4},{"damage":7,"enemies":"Chosen","floor":19,"turns":5},{"damage":11,"enemies":"Colosseum Slavers","floor":20,"turns":3},{"damage":12,"enemies":"Snecko","floor":22,"turns":6},{"damage":36,"enemies":"Slavers","floor":28,"turns":4},{"damage":27,"enemies":"Masked Bandits","floor":30,"turns":3}],"seed_played":"-8043974158941010031","potions_obtained":[{"floor":3,"key":"Block Potion"},{"floor":5,"key":"Fire Potion"},{"floor":11,"key":"Fire Potion"},{"floor":11,"key":"AttackPotion"},{"floor":18,"key":"SteroidPotion"},{"floor":19,"key":"EssenceOfSteel"},{"floor":28,"key":"EssenceOfSteel"}],"is_trial":false,"path_per_floor":["M","M","M","$","M","R","M","R","T","?","?","R","E","M","R","B",null,"M","M","?","?","M","R","?","R","T","R","E","?","?"],"character_chosen":"IRONCLAD","items_purchased":[],"campfire_rested":0,"item_purchase_floors":[],"current_hp_per_floor":[64,61,60,60,64,64,70,70,70,59,59,59,60,65,65,21,62,56,55,50,50,44,44,44,44,44,44,14,14,0],"gold":343,"neow_bonus":"RANDOM_COLORLESS_2","is_prod":false,"is_daily":false,"chose_seed":false,"campfire_upgraded":7,"win_rate":0,"timestamp":1547072693,"path_taken":["M","M","M","$","M","R","M","R","T","?","?","R","E","?","R","BOSS","M","M","?","?","M","R","?","R","T","R","E","?","?"],"build_version":"2019-01-08","purchased_purges":0,"victory":false,"max_hp_per_floor":[75,75,75,75,75,75,75,75,75,75,75,75,75,75,75,75,75,75,75,75,75,75,75,75,75,75,75,75,52,52],"card_choices":[{"not_picked":["Flex","Sever Soul"],"picked":"Iron Wave","floor":1},{"not_picked":["Perfected Strike","Pommel Strike"],"picked":"Limit Break","floor":2},{"not_picked":["Dropkick","Thunderclap"],"picked":"Headbutt","floor":3},{"not_picked":["True Grit","Anger"],"picked":"Heavy Blade","floor":5},{"not_picked":["Hemokinesis","Cleave"],"picked":"Shockwave","floor":7},{"not_picked":["Power Through","Burning Pact"],"picked":"Flame Barrier","floor":13},{"not_picked":["Evolve","Rage"],"picked":"Flex","floor":14},{"not_picked":["Exhume","Bludgeon"],"picked":"Demon Form","floor":16},{"not_picked":[],"picked":"True Grit","floor":18},{"not_picked":[],"picked":"Iron Wave","floor":19},{"not_picked":["Cleave"],"picked":"SKIP","floor":22},{"not_picked":["Fire Breathing"],"picked":"SKIP","floor":28}],"player_experience":887383,"relics_obtained":[{"floor":9,"key":"Sundial"},{"floor":13,"key":"Centennial Puzzle"},{"floor":26,"key":"Bottled Tornado"},{"floor":28,"key":"Dodecahedron"}],"event_choices":[{"damage_healed":0,"gold_gain":75,"player_choice":"Gather Gold","damage_taken":11,"max_hp_gain":0,"max_hp_loss":0,"event_name":"World of Goop","floor":10,"gold_loss":0},{"damage_healed":0,"gold_gain":0,"player_choice":"Got Potions","damage_taken":0,"max_hp_gain":0,"max_hp_loss":0,"event_name":"Lab","floor":11,"gold_loss":0},{"damage_healed":0,"gold_gain":0,"player_choice":"Fight","damage_taken":0,"max_hp_gain":0,"max_hp_loss":0,"event_name":"Colosseum","floor":20,"gold_loss":0},{"damage_healed":0,"gold_gain":0,"player_choice":"Fled From Nobs","damage_taken":0,"max_hp_gain":0,"max_hp_loss":0,"event_name":"Colosseum","floor":20,"gold_loss":0},{"damage_healed":0,"gold_gain":0,"player_choice":"Read","damage_taken":0,"max_hp_gain":0,"max_hp_loss":0,"event_name":"The Library","floor":21,"gold_loss":0,"cards_obtained":["Metallicize"]},{"damage_healed":0,"gold_gain":0,"player_choice":"Ignored","damage_taken":0,"max_hp_gain":0,"max_hp_loss":0,"event_name":"Ghosts","floor":24,"gold_loss":0},{"damage_healed":0,"gold_gain":0,"player_choice":"Became a vampire","damage_taken":0,"max_hp_gain":0,"max_hp_loss":23,"event_name":"Vampires","floor":29,"gold_loss":0,"cards_obtained":["Bite","Bite","Bite","Bite","Bite"]},{"damage_healed":0,"gold_gain":0,"player_choice":"Fought Bandits","damage_taken":0,"max_hp_gain":0,"max_hp_loss":0,"event_name":"Masked Bandits","floor":30,"gold_loss":0}],"is_beta":true,"boss_relics":[{"not_picked":["Sozu","Coffee Dripper"],"picked":"Busted Crown"}],"items_purged_floors":[],"is_endless":false,"potions_floor_spawned":[3,5,18,19,28],"killed_by":"Masked Bandits","ascension_level":20}