{"gold_per_floor":[115,115,115,127,277,277,311,270,338,353,364,364,364,381,381,381],"floor_reached":16,"playtime":383,"items_purged":[],"score":250,"play_id":"dbc89208-0fdb-474d-b828-d753e7b5634f","local_time":"20190223095103","is_ascension_mode":true,"campfire_choices":[{"floor":6,"key":"REST"},{"floor":12,"key":"REST"},{"data":"Iron Wave","floor":15,"key":"SMITH"}],"neow_cost":"NONE","seed_source_timestamp":15601498151756494,"circlet_count":0,"master_deck":["AscendersBane","Strike_R","Strike_R","Strike_R","Strike_R","Strike_R","Defend_R","Defend_R","Defend_R","Defend_R","Bash","Headbutt","Doubt","Iron Wave+1","Iron Wave"],"relics":["Burning Blood","NeowsBlessing","Self Forming Clay","Magic Flower","Kunai","Blue Candle"],"potions_floor_usage":[16],"damage_taken":[{"damage":0,"enemies":"Small Slimes","floor":1,"turns":1},{"damage":0,"enemies":"Jaw Worm","floor":4,"turns":1},{"damage":0,"enemies":"3 Sentries","floor":7,"turns":2},{"damage":6,"enemies":"Cultist","floor":10,"turns":3},{"damage":22,"enemies":"3 Louse","floor":11,"turns":4},{"damage":33,"enemies":"Exordium Thugs","floor":14,"turns":7},{"damage":52,"enemies":"Hexaghost","floor":16,"turns":9}],"seed_played":"4206709378965471734","potions_obtained":[{"floor":11,"key":"SpeedPotion"},{"floor":14,"key":"Weak Potion"}],"is_trial":false,"path_per_floor":["M","$","?","M","?","R","E","?","T","M","M","R","T","M","R","B"],"character_chosen":"IRONCLAD","items_purchased":[],"campfire_rested":2,"item_purchase_floors":[],"current_hp_per_floor":[74,74,29,35,35,57,63,63,63,66,53,75,75,51,51,0],"gold":381,"neow_bonus":"THREE_ENEMY_KILL","is_prod":false,"is_daily":false,"chose_seed":false,"campfire_upgraded":1,"win_rate":0,"timestamp":1550911863,"path_taken":["M","$","?","M","?","R","E","?","T","M","?","R","?","?","R","BOSS"],"build_version":"2019-01-23","purchased_purges":0,"victory":false,"max_hp_per_floor":[75,75,75,75,75,75,75,75,75,75,75,75,75,75,75,75],"card_choices":[{"not_picked":["Combust","Searing Blow"],"picked":"Headbutt","floor":1},{"not_picked":["Anger","Fire Breathing","Clothesline"],"picked":"SKIP","floor":4},{"not_picked":["Flex","Heavy Blade"],"picked":"Iron Wave","floor":7},{"not_picked":["Impervious","Headbutt"],"picked":"Iron Wave","floor":10},{"not_picked":["Clothesline","Whirlwind","Anger"],"picked":"SKIP","floor":11},{"not_picked":["Body Slam","Immolate","Havoc"],"picked":"SKIP","floor":14}],"player_experience":432757,"relics_obtained":[{"floor":7,"key":"Magic Flower"},{"floor":9,"key":"Kunai"},{"floor":13,"key":"Blue Candle"}],"event_choices":[{"damage_healed":0,"gold_gain":0,"player_choice":"Success","damage_taken":45,"relics_obtained":["Self Forming Clay"],"max_hp_gain":0,"max_hp_loss":0,"event_name":"Scrap Ooze","floor":3,"gold_loss":0},{"damage_healed":0,"gold_gain":150,"player_choice":"AGREE","damage_taken":0,"max_hp_gain":0,"max_hp_loss":0,"event_name":"Liars Game","floor":5,"gold_loss":0,"cards_obtained":["Doubt"]},{"damage_healed":0,"gold_gain":0,"player_choice":"Left Gold","damage_taken":0,"max_hp_gain":0,"max_hp_loss":0,"event_name":"World of Goop","floor":8,"gold_loss":41}],"is_beta":false,"boss_relics":[],"items_purged_floors":[],"is_endless":false,"potions_floor_spawned":[11,14],"killed_by":"Hexaghost","ascension_level":20}