{"gold_per_floor":[115,185,203,52,227,253,253,285,312,312,328,328,328],"floor_reached":13,"playtime":639,"items_purged":[],"score":91,"play_id":"4096555a-dc4f-41eb-a59c-47284f2fd730","local_time":"20190107015242","is_ascension_mode":false,"campfire_choices":[{"floor":7,"key":"REST"},{"floor":10,"key":"REST"}],"neow_cost":"NONE","seed_source_timestamp":889249147346276,"circlet_count":0,"master_deck":["Defend_G","Defend_G","Defend_G","Defend_G","Defend_G","Strike_G","Strike_G","Strike_G","Strike_G","Strike_G","Survivor","Neutralize","Choke+1","Doubt","Escape Plan","Blur","Dagger Spray","Blade Dance"],"relics":["Black Star","Happy Flower","Art of War","Juzu Bracelet","Dream Catcher","Centennial Puzzle","Anchor"],"potions_floor_usage":[3,13],"damage_taken":[{"damage":4,"enemies":"Cultist","floor":1,"turns":4},{"damage":0,"enemies":"Small Slimes","floor":3,"turns":2},{"damage":40,"enemies":"Gremlin Nob","floor":6,"turns":6},{"damage":35,"enemies":"3 Sentries","floor":8,"turns":16},{"damage":0,"enemies":"2 Louse","floor":11,"turns":3},{"damage":41,"enemies":"Lagavulin","floor":13,"turns":10}],"seed_played":"115684455302637411","potions_obtained":[{"floor":1,"key":"AttackPotion"},{"floor":8,"key":"Fire Potion"}],"is_trial":false,"path_per_floor":["M","?","M","$","?","E","R","E","T","R","M","?","E"],"character_chosen":"THE_SILENT","items_purchased":["Happy Flower"],"campfire_rested":2,"item_purchase_floors":[4],"current_hp_per_floor":[66,66,66,66,66,26,47,12,12,33,33,33,0],"gold":328,"neow_bonus":"BOSS_RELIC","is_prod":false,"is_daily":false,"chose_seed":false,"campfire_upgraded":0,"win_rate":0,"timestamp":1546838562,"path_taken":["M","?","M","$","?","E","R","E","T","R","M","?","E"],"build_version":"2019-01-03v4","purchased_purges":0,"victory":false,"max_hp_per_floor":[70,70,70,70,70,70,70,70,70,70,70,70,70],"card_choices":[{"not_picked":["Setup","Poisoned Stab"],"picked":"Choke","floor":1},{"not_picked":["Dodge and Roll","Poisoned Stab","Bane"],"picked":"SKIP","floor":3},{"not_picked":["Glass Knife","Heel Hook"],"picked":"Escape Plan","floor":6},{"not_picked":["Deflect","Prepared"],"picked":"Blur","floor":8},{"not_picked":["Slice","Cloak And Dagger"],"picked":"Dagger Spray","floor":10},{"not_picked":["Masterful Stab","Bullet Time"],"picked":"Blade Dance","floor":11}],"player_experience":579905,"relics_obtained":[{"floor":6,"key":"Art of War"},{"floor":6,"key":"Juzu Bracelet"},{"floor":8,"key":"Dream Catcher"},{"floor":8,"key":"Centennial Puzzle"},{"floor":9,"key":"Anchor"}],"event_choices":[{"damage_healed":0,"gold_gain":70,"player_choice":"Gained Gold","damage_taken":0,"max_hp_gain":0,"max_hp_loss":0,"event_name":"Golden Wing","floor":2,"gold_loss":0},{"damage_healed":0,"gold_gain":175,"player_choice":"AGREE","damage_taken":0,"max_hp_gain":0,"max_hp_loss":0,"event_name":"Liars Game","floor":5,"gold_loss":0,"cards_obtained":["Doubt"]},{"damage_healed":0,"gold_gain":0,"player_choice":"Forge","damage_taken":0,"max_hp_gain":0,"max_hp_loss":0,"event_name":"Accursed Blacksmith","floor":12,"gold_loss":0,"cards_upgraded":["Choke"]}],"is_beta":true,"boss_relics":[],"items_purged_floors":[],"is_endless":false,"potions_floor_spawned":[1,8],"killed_by":"Lagavulin","ascension_level":0}