{"path_per_floor":["M","M","?","?","$","R","M","?","T","R","M","M","M","M","R","B",null,"M","?","?","M","?","R","M","R","T","R","M","M","?","$","R","B",null,"M","M","M","M","M","R","?","M","T","?","M","R","M","$","R"],"character_chosen":"IRONCLAD","items_purchased":["Bandage Up","Vajra","Charon\u0027s Ashes","Enlightenment"],"gold_per_floor":[114,129,129,129,26,26,41,291,341,341,356,371,386,401,401,501,501,516,516,466,481,481,481,496,496,496,496,511,526,526,301,301,401,431,446,461,476,491,506,506,506,521,521,521,536,536,551,41,41,41],"floor_reached":50,"campfire_rested":8,"playtime":1921,"current_hp_per_floor":[80,80,64,64,64,80,80,80,80,80,80,61,50,58,80,56,80,56,48,48,49,49,73,70,70,70,80,76,51,51,51,75,10,85,52,55,63,55,35,60,60,32,32,32,47,72,46,46,71,0],"items_purged":["Secret Technique"],"gold":41,"score":440,"play_id":"942ff7a5-f5a3-45dd-a8f6-9074d33fa3b5","local_time":"20180412014150","daily_mods":["Allstar","Lethality","Binary"],"is_prod":false,"is_daily":true,"is_ascension_mode":false,"campfire_upgraded":2,"timestamp":1523506310,"path_taken":["M","M","?","?","$","R","M","?","T","R","M","M","M","M","R","BOSS","M","?","?","M","?","R","?","R","T","R","M","M","?","?","R","BOSS","M","M","?","M","M","R","?","M","T","?","M","R","M","$","R","BOSS"],"build_version":"2018-04-05v2","purchased_purges":2,"victory":false,"master_deck":["Strike_R","Strike_R","Strike_R","Strike_R","Strike_R","Defend_R","Defend_R","Defend_R+1","Defend_R+1","Bash","Madness","Secret Technique","Apotheosis+1","Flame Barrier+1","Bandage Up","Cleave+1","Whirlwind+1","Demon Form","Master of Strategy+1","Heavy Blade+1","Thunderclap","Clash+1","Impervious","Shrug It Off","Shrug It Off+1","Pummel","Flame Barrier+1","Enlightenment"],"max_hp_per_floor":[80,80,80,80,80,80,80,80,80,80,80,80,80,80,80,80,80,80,80,80,80,80,80,80,80,80,80,80,80,80,80,80,80,85,85,85,85,85,85,85,85,85,85,85,85,85,85,85,85,85],"relics":["Burning Blood","Blood Vial","Astrolabe","Bottled Flame","Vajra","Tiny House","Ginger","Charon\u0027s Ashes"],"card_choices":[{"not_picked":["Body Slam"],"picked":"Flame Barrier","floor":1},{"not_picked":["Inflame"],"picked":"Cleave","floor":7},{"not_picked":["Wild Strike"],"picked":"Flex","floor":12},{"not_picked":["Metallicize"],"picked":"Whirlwind","floor":13},{"not_picked":["Bludgeon"],"picked":"Demon Form","floor":16},{"not_picked":["Searing Blow"],"picked":"Thunderclap","floor":24},{"not_picked":["Blood for Blood"],"picked":"Clash","floor":29},{"not_picked":["Feed"],"picked":"Impervious","floor":33},{"not_picked":["Second Wind"],"picked":"Shrug It Off","floor":34},{"not_picked":["Twin Strike"],"picked":"Shrug It Off","floor":36},{"not_picked":["Berserk"],"picked":"Pummel","floor":37},{"not_picked":["Metallicize"],"picked":"Flame Barrier","floor":47}],"player_experience":329927,"potions_floor_usage":[12,16,16,24,29,33,35,36,38,45,45,47,50],"damage_taken":[{"damage":0,"enemies":"Cultist","floor":1,"turns":2},{"damage":0,"enemies":"Small Slimes","floor":2,"turns":2},{"damage":4,"enemies":"Jaw Worm","floor":7,"turns":3},{"damage":1,"enemies":"Blue Slaver","floor":11,"turns":2},{"damage":25,"enemies":"3 Louse","floor":12,"turns":4},{"damage":23,"enemies":"2 Fungi Beasts","floor":13,"turns":4},{"damage":0,"enemies":"Exordium Thugs","floor":14,"turns":2},{"damage":36,"enemies":"The Guardian","floor":16,"turns":9},{"damage":36,"enemies":"Shell Parasite","floor":18,"turns":7},{"damage":13,"enemies":"Spheric Guardian","floor":21,"turns":3},{"damage":11,"enemies":"3 Cultists","floor":24,"turns":3},{"damage":10,"enemies":"Snecko","floor":28,"turns":5},{"damage":35,"enemies":"Centurion and Healer","floor":29,"turns":5},{"damage":79,"enemies":"Collector","floor":33,"turns":8},{"damage":39,"enemies":"Orb Walker","floor":35,"turns":5},{"damage":9,"enemies":"3 Shapes","floor":36,"turns":1},{"damage":4,"enemies":"Sphere and 2 Shapes","floor":37,"turns":5},{"damage":16,"enemies":"4 Shapes","floor":38,"turns":3},{"damage":34,"enemies":"Maw","floor":39,"turns":7},{"damage":42,"enemies":"3 Darklings","floor":42,"turns":5},{"damage":0,"enemies":"Sphere and 2 Shapes","floor":45,"turns":3},{"damage":34,"enemies":"4 Shapes","floor":47,"turns":2},{"damage":94,"enemies":"Awakened One","floor":50,"turns":8}],"event_choices":[{"event_name":"Shining Light","player_choice":"Entered Light","floor":3,"damage_taken":0},{"event_name":"Living Wall","player_choice":"Grow","floor":4,"damage_taken":0},{"event_name":"Golden Shrine","player_choice":"Desecrate","floor":8,"damage_taken":0},{"event_name":"Knowing Skull","player_choice":"","floor":19,"damage_taken":0},{"event_name":"The Joust","player_choice":"Bet on Murderer","floor":20,"damage_taken":0},{"event_name":"Purifier","player_choice":"One Purge","floor":22,"damage_taken":0},{"event_name":"Transmorgrifier","player_choice":"Transform","floor":30,"damage_taken":0},{"event_name":"Mysterious Sphere","player_choice":"Ignore","floor":41,"damage_taken":0},{"event_name":"The Lab","player_choice":"Got Potions","floor":44,"damage_taken":0}],"boss_relics":[{"not_picked":["Velvet Choker","Mark of Pain"],"picked":"Astrolabe"},{"not_picked":["Sozu","Philosopher\u0027s Stone"],"picked":"Tiny House"}],"potions_floor_spawned":[2,13,14,18,24,29,33,37,42,47],"seed_played":"8507077734950112790","killed_by":"Awakened One","ascension_level":0,"is_trial":false}