{"gold_per_floor":[19,19,19,19,39,39,67,95,119,131,131,151,151,161,161,236,236,247,247,8,8,20,20,20,20,20,52,52,83,96,112,112,112],"floor_reached":33,"playtime":1189,"items_purged":["Writhe"],"score":641,"play_id":"68647245-433b-4c85-807e-e18a363d5bd7","local_time":"20190130232046","is_ascension_mode":true,"campfire_choices":[{"data":"Hyperbeam","floor":6,"key":"SMITH"},{"data":"Reinforced Body","floor":11,"key":"SMITH"},{"data":"Beam Cell","floor":13,"key":"SMITH"},{"data":"Go for the Eyes","floor":15,"key":"SMITH"},{"data":"Seek","floor":23,"key":"SMITH"},{"data":"Steam","floor":28,"key":"SMITH"},{"data":"Beam Cell","floor":32,"key":"SMITH"}],"neow_cost":"NO_GOLD","seed_source_timestamp":13326616712115,"circlet_count":0,"master_deck":["AscendersBane","Defend_B","Defend_B","Defend_B","Defend_B","Hyperbeam+1","BootSequence","Go for the Eyes+1","Steam+1","Reinforced Body+1","Self Repair","Beam Cell+1","Sweeping Beam","Hyperbeam+1","Storm+1","Aggregate+1","Hologram+1","Seek+1","Bite","Bite","Bite","Bite","Bite","Stack+1","Gash","Beam Cell+1"],"relics":["Cracked Core","Odd Mushroom","Astrolabe","Gambling Chip","Incense Burner","Ornamental Fan","Ancient Tea Set","Bottled Tornado"],"potions_floor_usage":[16,18,29,33],"damage_taken":[{"damage":0,"enemies":"2 Louse","floor":1,"turns":3},{"damage":5,"enemies":"Small Slimes","floor":5,"turns":3},{"damage":26,"enemies":"Gremlin Nob","floor":7,"turns":4},{"damage":0,"enemies":"The Mushroom Lair","floor":8,"turns":2},{"damage":0,"enemies":"Jaw Worm","floor":10,"turns":2},{"damage":0,"enemies":"2 Fungi Beasts","floor":12,"turns":2},{"damage":3,"enemies":"Exordium Thugs","floor":14,"turns":3},{"damage":17,"enemies":"The Guardian","floor":16,"turns":13},{"damage":8,"enemies":"Shell Parasite","floor":18,"turns":3},{"damage":0,"enemies":"2 Thieves","floor":22,"turns":1},{"damage":0,"enemies":"Slavers","floor":27,"turns":1},{"damage":14,"enemies":"Book of Stabbing","floor":29,"turns":4},{"damage":0,"enemies":"3 Cultists","floor":30,"turns":2},{"damage":0,"enemies":"Cultist and Chosen","floor":31,"turns":3},{"damage":88,"enemies":"Collector","floor":33,"turns":9}],"seed_played":"5698419423965369143","potions_obtained":[{"floor":1,"key":"Dexterity Potion"},{"floor":10,"key":"FearPotion"},{"floor":16,"key":"Ancient Potion"},{"floor":22,"key":"SkillPotion"},{"floor":31,"key":"Strength Potion"}],"is_trial":false,"path_per_floor":["M","$","?","?","M","R","E","?","T","M","R","M","R","M","R","B",null,"M","?","$","?","M","R","?","?","T","E","R","E","M","M","R","B"],"character_chosen":"DEFECT","items_purchased":["Seek"],"campfire_rested":0,"item_purchase_floors":[20],"current_hp_per_floor":[64,64,64,69,64,64,38,38,38,38,38,38,38,42,42,32,65,57,57,57,53,53,53,53,53,53,53,53,45,53,53,53,0],"gold":112,"neow_bonus":"THREE_RARE_CARDS","is_prod":false,"is_daily":false,"chose_seed":false,"campfire_upgraded":7,"win_rate":0,"timestamp":1548886846,"path_taken":["M","$","?","?","M","R","E","?","T","?","R","M","R","M","R","BOSS","M","?","$","?","M","R","?","?","T","E","R","E","M","M","R","BOSS"],"build_version":"2019-01-23","purchased_purges":1,"victory":false,"max_hp_per_floor":[71,71,71,76,76,76,76,76,76,76,76,76,76,76,76,76,76,76,76,76,53,53,53,53,53,53,53,53,53,53,53,53,53],"card_choices":[{"not_picked":["Multi-Cast","Fission"],"picked":"Hyperbeam","floor":0},{"not_picked":["Streamline","Rebound"],"picked":"BootSequence","floor":1},{"not_picked":["Steam Power","Barrage"],"picked":"Go for the Eyes","floor":5},{"not_picked":["Cold Snap","Aggregate"],"picked":"Steam","floor":7},{"not_picked":["Lockon","Steam"],"picked":"Reinforced Body","floor":8},{"not_picked":["Scrape","Glacier"],"picked":"Self Repair","floor":10},{"not_picked":["Doom and Gloom","Redo"],"picked":"Beam Cell","floor":12},{"not_picked":["Reprogram","Compile Driver"],"picked":"Sweeping Beam","floor":14},{"not_picked":["Machine Learning","Fission"],"picked":"Meteor Strike","floor":16},{"not_picked":["Redo","Go for the Eyes"],"picked":"Hologram+1","floor":18},{"not_picked":["Compile Driver","Rebound","Darkness"],"picked":"SKIP","floor":22},{"not_picked":["Force Field+1","Consume","Genetic Algorithm"],"picked":"SKIP","floor":27},{"not_picked":["Doom and Gloom","Skim"],"picked":"Stack+1","floor":29},{"not_picked":["Coolheaded","Amplify"],"picked":"Gash","floor":30},{"not_picked":["Coolheaded","Compile Driver"],"picked":"Beam Cell","floor":31}],"player_experience":939410,"relics_obtained":[{"floor":8,"key":"Odd Mushroom"},{"floor":26,"key":"Ornamental Fan"},{"floor":27,"key":"Ancient Tea Set"},{"floor":29,"key":"Bottled Tornado"}],"event_choices":[{"damage_healed":0,"gold_gain":0,"player_choice":"Leave","damage_taken":0,"max_hp_gain":0,"max_hp_loss":0,"event_name":"The Cleric","floor":3,"gold_loss":0},{"damage_healed":0,"gold_gain":0,"player_choice":"Donut","damage_taken":0,"max_hp_gain":5,"max_hp_loss":0,"event_name":"Big Fish","floor":4,"gold_loss":0},{"damage_healed":0,"gold_gain":0,"player_choice":"Fought Mushrooms","damage_taken":0,"max_hp_gain":0,"max_hp_loss":0,"event_name":"Mushrooms","floor":8,"gold_loss":0},{"damage_healed":0,"gold_gain":0,"player_choice":"Opened","damage_taken":0,"relics_obtained":["Gambling Chip"],"max_hp_gain":0,"max_hp_loss":0,"event_name":"The Mausoleum","floor":19,"gold_loss":0,"cards_obtained":["Writhe"]},{"damage_healed":0,"gold_gain":0,"player_choice":"Became a vampire","damage_taken":0,"max_hp_gain":0,"max_hp_loss":23,"event_name":"Vampires","floor":21,"gold_loss":0,"cards_obtained":["Bite","Bite","Bite","Bite","Bite"]},{"damage_healed":0,"gold_gain":0,"player_choice":"Stole Relic","damage_taken":0,"relics_obtained":["Incense Burner"],"max_hp_gain":0,"max_hp_loss":0,"event_name":"Addict","floor":24,"gold_loss":0,"cards_obtained":["Shame"]},{"cards_removed":["Shame"],"damage_healed":0,"gold_gain":0,"player_choice":"Card Removal","damage_taken":0,"max_hp_gain":0,"max_hp_loss":0,"event_name":"Wheel of Change","floor":25,"gold_loss":0}],"is_beta":true,"boss_relics":[{"not_picked":["Runic Dome","Calling Bell"],"picked":"Astrolabe"}],"items_purged_floors":[20],"is_endless":false,"potions_floor_spawned":[1,10,14,16,22,31],"killed_by":"Collector","ascension_level":20}