{"gold_per_floor":[116,116,71,87,100,100,111,125,125,141,141,172,188,204,204,306,306,306,306,318,318,333,333],"floor_reached":23,"playtime":1029,"items_purged":[],"score":222,"play_id":"f3f36e0c-f750-46b4-8f76-16636bc0b0d5","local_time":"20190127041517","is_ascension_mode":false,"campfire_choices":[{"data":"Flex","floor":6,"key":"SMITH"},{"data":"Heavy Blade","floor":11,"key":"SMITH"},{"data":"Sword Boomerang","floor":15,"key":"SMITH"}],"neow_cost":"NONE","seed_source_timestamp":206216588385536,"circlet_count":0,"master_deck":["Strike_R","Strike_R","Strike_R","Strike_R","Defend_R","Defend_R","Defend_R","Defend_R","Bash","Flex+1","Sword Boomerang+1","Heavy Blade+1","Feel No Pain","Thunderclap","Pummel","Thunderclap","Clothesline","Juggernaut","Power Through","Dark Embrace","Infernal Blade","Combust+1","Clothesline"],"relics":["Burning Blood","Orichalcum","Ancient Tea Set","Mark of Pain"],"potions_floor_usage":[5,8,16,16,18,23,23],"damage_taken":[{"damage":6,"enemies":"Cultist","floor":1,"turns":3},{"damage":1,"enemies":"Small Slimes","floor":4,"turns":3},{"damage":6,"enemies":"Jaw Worm","floor":5,"turns":3},{"damage":13,"enemies":"Large Slime","floor":7,"turns":5},{"damage":16,"enemies":"Lots of Slimes","floor":8,"turns":4},{"damage":4,"enemies":"Exordium Wildlife","floor":10,"turns":3},{"damage":0,"enemies":"Gremlin Nob","floor":12,"turns":2},{"damage":3,"enemies":"Blue Slaver","floor":13,"turns":3},{"damage":0,"enemies":"Large Slime","floor":14,"turns":3},{"damage":44,"enemies":"Hexaghost","floor":16,"turns":8},{"damage":0,"enemies":"2 Thieves","floor":18,"turns":1},{"damage":0,"enemies":"Chosen","floor":20,"turns":4},{"damage":34,"enemies":"Centurion and Healer","floor":22,"turns":8},{"damage":47,"enemies":"Slavers","floor":23,"turns":4}],"seed_played":"4963773359528587100","potions_obtained":[{"floor":4,"key":"Swift Potion"},{"floor":5,"key":"BloodPotion"},{"floor":12,"key":"SpeedPotion"},{"floor":13,"key":"AttackPotion"},{"floor":14,"key":"SmokeBomb"},{"floor":20,"key":"Strength Potion"},{"floor":22,"key":"Energy Potion"}],"is_trial":false,"path_per_floor":["M","?","$","M","M","R","M","M","T","M","R","E","M","M","R","B",null,"M","?","M","?","M","E"],"character_chosen":"IRONCLAD","items_purchased":["Heavy Blade"],"campfire_rested":0,"item_purchase_floors":[3],"current_hp_per_floor":[88,88,88,88,88,88,81,79,79,81,81,87,88,88,88,50,88,88,88,88,71,43,0],"gold":333,"neow_bonus":"TEN_PERCENT_HP_BONUS","is_prod":false,"is_daily":false,"chose_seed":false,"campfire_upgraded":3,"win_rate":0,"timestamp":1548575117,"path_taken":["M","?","$","?","?","R","M","M","T","M","R","E","M","M","R","BOSS","M","?","M","?","M","E"],"build_version":"2019-01-23","purchased_purges":0,"victory":false,"max_hp_per_floor":[88,88,88,88,88,88,88,88,88,88,88,88,88,88,88,88,88,88,88,88,93,93,93],"card_choices":[{"not_picked":["Reckless Charge","Body Slam"],"picked":"Flex","floor":1},{"not_picked":["Carnage","Warcry"],"picked":"Feel No Pain","floor":4},{"not_picked":["Iron Wave","Shrug It Off"],"picked":"Thunderclap","floor":5},{"not_picked":["Clothesline","Headbutt"],"picked":"Pummel","floor":7},{"not_picked":["Warcry","Pummel"],"picked":"Thunderclap","floor":8},{"not_picked":["Thunderclap","Corruption"],"picked":"Clothesline","floor":10},{"not_picked":["Fire Breathing","Berserk"],"picked":"Juggernaut","floor":12},{"not_picked":["Clash","Wild Strike"],"picked":"Power Through","floor":13},{"not_picked":["Perfected Strike","Clothesline","Thunderclap"],"picked":"SKIP","floor":14},{"not_picked":["Double Tap","Reaper"],"picked":"Dark Embrace","floor":16},{"not_picked":["Wild Strike","Hemokinesis"],"picked":"Combust+1","floor":20},{"not_picked":["Fire Breathing+1","Corruption"],"picked":"Clothesline","floor":22}],"player_experience":608739,"relics_obtained":[{"floor":9,"key":"Orichalcum"},{"floor":12,"key":"Ancient Tea Set"}],"event_choices":[{"damage_healed":0,"gold_gain":0,"cards_transformed":["Strike_R"],"player_choice":"Transformed","damage_taken":0,"max_hp_gain":0,"max_hp_loss":0,"event_name":"Transmorgrifier","floor":2,"gold_loss":0,"cards_obtained":["Sword Boomerang"]},{"damage_healed":0,"gold_gain":0,"player_choice":"Read","damage_taken":0,"max_hp_gain":0,"max_hp_loss":0,"event_name":"The Library","floor":19,"gold_loss":0,"cards_obtained":["Infernal Blade"]},{"damage_healed":0,"gold_gain":0,"player_choice":"Shed Blood","damage_taken":22,"max_hp_gain":5,"max_hp_loss":0,"event_name":"Forgotten Altar","floor":21,"gold_loss":0}],"is_beta":true,"boss_relics":[{"not_picked":["Pandora\u0027s Box","Black Star"],"picked":"Mark of Pain"}],"items_purged_floors":[],"is_endless":false,"potions_floor_spawned":[4,5,12,13,14,20,22],"killed_by":"Slavers","ascension_level":0}