{"gold_per_floor":[118,118,118,47,66,92,92,92,92,108,137,157,7,17,17,17],"floor_reached":16,"playtime":1156,"items_purged":["Regret"],"score":121,"play_id":"8c3df7c9-d364-4091-83fa-ed57f83c15a4","local_time":"20181225024926","is_ascension_mode":true,"campfire_choices":[{"data":"Rainbow","floor":8,"key":"SMITH"},{"data":"Conserve Battery","floor":15,"key":"SMITH"}],"neow_cost":"NONE","seed_source_timestamp":369559568863307,"circlet_count":0,"master_deck":["Strike_B","Strike_B","Strike_B","Strike_B","Defend_B","Defend_B","Defend_B","Defend_B","Zap","Dualcast","Rainbow+1","Gash","Redo","Beam Cell","Scrape","Gash","Gash","Genetic Algorithm","Sweeping Beam","Steam","Conserve Battery+1","Skim"],"relics":["Coffee Dripper","Bag of Preparation","Unceasing Top","Prayer Wheel","Strawberry"],"potions_floor_usage":[6,11],"damage_taken":[{"damage":0,"enemies":"Jaw Worm","floor":1,"turns":4},{"damage":9,"enemies":"2 Louse","floor":5,"turns":3},{"damage":21,"enemies":"Lagavulin","floor":6,"turns":9},{"damage":4,"enemies":"Cultist","floor":10,"turns":3},{"damage":26,"enemies":"Gremlin Nob","floor":11,"turns":4},{"damage":15,"enemies":"2 Fungi Beasts","floor":12,"turns":3},{"damage":1,"enemies":"Blue Slaver","floor":14,"turns":3},{"damage":8,"enemies":"Hexaghost","floor":16,"turns":7}],"seed_played":"-1795610989677966724","potions_obtained":[{"floor":5,"key":"Weak Potion"},{"floor":10,"key":"GamblersBrew"}],"is_trial":false,"path_per_floor":["M","$","?","$","M","E","?","R","T","M","E","M","$","M","R","B"],"character_chosen":"DEFECT","items_purchased":["Rainbow","Sweeping Beam","Steam"],"campfire_rested":0,"item_purchase_floors":[4,13,13],"current_hp_per_floor":[75,75,75,75,66,45,45,45,45,41,22,7,7,6,6,0],"gold":17,"neow_bonus":"BOSS_RELIC","is_prod":false,"is_daily":false,"chose_seed":false,"campfire_upgraded":2,"win_rate":0,"timestamp":1545718766,"path_taken":["M","$","?","$","M","E","?","R","T","M","E","M","?","M","R","BOSS"],"build_version":"2018-12-20","purchased_purges":1,"victory":false,"max_hp_per_floor":[75,75,75,75,75,75,75,75,75,75,82,82,82,82,82,82],"card_choices":[{"not_picked":["Streamline","Cold Snap","Stack"],"picked":"SKIP","floor":1},{"not_picked":["Go for the Eyes","Steam"],"picked":"Gash","floor":5},{"not_picked":["Gash","Turbo"],"picked":"Redo","floor":6},{"not_picked":["Reprogram","Turbo"],"picked":"Beam Cell","floor":10},{"not_picked":["Turbo","Consume"],"picked":"Scrape","floor":10},{"not_picked":["Scrape","Steam"],"picked":"Gash","floor":11},{"not_picked":["Loop","Ball Lightning"],"picked":"Gash","floor":12},{"not_picked":["Steam","Conserve Battery"],"picked":"Genetic Algorithm","floor":12},{"not_picked":["Cold Snap","Rainbow"],"picked":"Conserve Battery","floor":14},{"not_picked":["Barrage","Rebound"],"picked":"Skim","floor":14}],"player_experience":535020,"relics_obtained":[{"floor":6,"key":"Bag of Preparation"},{"floor":9,"key":"Prayer Wheel"},{"floor":11,"key":"Strawberry"}],"event_choices":[{"damage_healed":0,"gold_gain":0,"player_choice":"Leave","damage_taken":0,"max_hp_gain":0,"max_hp_loss":0,"event_name":"The Cleric","floor":3,"gold_loss":0},{"damage_healed":0,"gold_gain":0,"player_choice":"Box","damage_taken":0,"relics_obtained":["Unceasing Top"],"max_hp_gain":0,"max_hp_loss":0,"event_name":"Big Fish","floor":7,"gold_loss":0,"cards_obtained":["Regret"]}],"is_beta":true,"boss_relics":[],"items_purged_floors":[13],"is_endless":false,"potions_floor_spawned":[5,10],"killed_by":"Hexaghost","ascension_level":2}