{"gold_per_floor":[218,231,11,11,29,29,204,204,204,204,42,92,123,138,138,234,234,251,267,21,111,127,127,142,155,208,208,208,224,224,79,79,79],"floor_reached":33,"playtime":1481,"items_purged":[],"score":245,"play_id":"3ee74483-f470-42d5-bc6a-6c7611851451","local_time":"20190221041018","is_ascension_mode":false,"campfire_choices":[{"data":"Bash","floor":6.0,"key":"SMITH"},{"data":"Dropkick","floor":8.0,"key":"SMITH"},{"data":"Shrug It Off","floor":10.0,"key":"SMITH"},{"data":"Apotheosis","floor":15,"key":"SMITH"},{"floor":23,"key":"REST"},{"floor":27,"key":"REST"},{"floor":30,"key":"RECALL"},{"data":"Flex","floor":32,"key":"SMITH"}],"neow_cost":"NONE","seed_source_timestamp":0,"circlet_count":0,"master_deck":["Strike_R","Strike_R","Strike_R","Strike_R","Strike_R","Defend_R","Defend_R","Defend_R","Defend_R","Bash+1","Shrug It Off+1","Dropkick+1","Bludgeon","Apotheosis+1","Cleave","Battle Trance","Dark Embrace+1","Whirlwind","Chrysalis","True Grit","Feed","Rampage+1","Shrug It Off+1","Flex+1"],"special_seed":0,"relics":["Burning Blood","Omamori","Pocketwatch","Orichalcum","Frozen Egg 2","Cursed Key","Bronze Scales"],"potions_floor_usage":[16,22,29,33,33],"damage_taken":[{"damage":11.0,"enemies":"Jaw Worm","floor":1.0,"turns":5.0},{"damage":0.0,"enemies":"2 Louse","floor":2.0,"turns":2.0},{"damage":6.0,"enemies":"Cultist","floor":5.0,"turns":3.0},{"damage":14.0,"enemies":"3 Sentries","floor":13.0,"turns":8.0},{"damage":6,"enemies":"Exordium Thugs","floor":14,"turns":4},{"damage":35,"enemies":"Hexaghost","floor":16,"turns":10},{"damage":21,"enemies":"2 Thieves","floor":18,"turns":4},{"damage":13,"enemies":"Shell Parasite","floor":19,"turns":3},{"damage":0,"enemies":"Cultist and Chosen","floor":22,"turns":4},{"damage":4,"enemies":"Chosen and Byrds","floor":24,"turns":5},{"damage":16,"enemies":"Sentry and Sphere","floor":25,"turns":8},{"damage":2,"enemies":"Cultist and Chosen","floor":29,"turns":6},{"damage":92,"enemies":"Champ","floor":33,"turns":13}],"seed_played":"-5584109408521038508","potions_obtained":[{"floor":2.0,"key":"Ancient Potion"},{"floor":13.0,"key":"Ancient Potion"},{"floor":14,"key":"Swift Potion"},{"floor":19,"key":"Fire Potion"},{"floor":25,"key":"Ancient Potion"}],"is_trial":false,"path_per_floor":["M","M","$","?","M","R","?","R","T","R","$","T","E","M","R","B",null,"M","M","$","?","M","R","M","M","T","R","$","M","R","$","R","B"],"character_chosen":"IRONCLAD","items_purchased":["Omamori","Dropkick","Apotheosis","Chrysalis","True Grit","Bronze Scales"],"campfire_rested":2,"item_purchase_floors":[3,3,11,20,20,31],"current_hp_per_floor":[75,80,80,80,80,80,80,80,80,80,80,80,72,72,72,43,80,65,58,58,42,48,72,78,68,68,84,84,84,84,84,84,0],"gold":79,"neow_bonus":"HUNDRED_GOLD","is_prod":false,"is_daily":false,"chose_seed":false,"campfire_upgraded":5,"win_rate":0,"timestamp":1550734818,"path_taken":["M","M","$","?","M","R","?","R","T","R","$","?","E","M","R","BOSS","M","M","$","?","M","R","M","M","T","R","?","M","R","$","R","BOSS"],"build_version":"2019-02-06","purchased_purges":0,"victory":false,"max_hp_per_floor":[80,80,80,80,80,80,80,80,80,80,80,80,80,80,80,80,80,80,80,80,80,80,80,84,84,84,84,84,84,84,84,84,84],"card_choices":[{"not_picked":["Sword Boomerang","Headbutt","Wild Strike"],"picked":"SKIP","floor":1.0},{"not_picked":["Bloodletting","Dual Wield"],"picked":"Shrug It Off","floor":2.0},{"not_picked":["Shrug It Off","Armaments"],"picked":"Bludgeon","floor":5.0},{"not_picked":["Clash","Heavy Blade"],"picked":"Cleave","floor":13.0},{"not_picked":["Havoc","Headbutt"],"picked":"Battle Trance","floor":14},{"not_picked":["Exhume","Immolate"],"picked":"Dark Embrace+1","floor":16},{"not_picked":["Armaments","Anger+1","Blood for Blood"],"picked":"SKIP","floor":18},{"not_picked":["Havoc","Twin Strike"],"picked":"Whirlwind","floor":19},{"not_picked":["Headbutt","Seeing Red"],"picked":"Feed","floor":22},{"not_picked":["Thunderclap","Iron Wave+1"],"picked":"Rampage+1","floor":24},{"not_picked":["Sword Boomerang","Iron Wave"],"picked":"Shrug It Off+1","floor":25},{"not_picked":["Shrug It Off","Anger"],"picked":"Flex","floor":29}],"player_experience":644333,"relics_obtained":[{"floor":9.0,"key":"Pocketwatch"},{"floor":12.0,"key":"Orichalcum"},{"floor":13.0,"key":"Frozen Egg 2"}],"event_choices":[{"damage_healed":0.0,"max_hp_gain":0.0,"max_hp_loss":0.0,"gold_gain":0.0,"event_name":"The Cleric","player_choice":"Leave","floor":4.0,"gold_loss":0.0,"damage_taken":0.0},{"damage_healed":0.0,"max_hp_gain":0.0,"max_hp_loss":0.0,"gold_gain":175.0,"event_name":"Liars Game","player_choice":"AGREE","floor":7.0,"gold_loss":0.0,"damage_taken":0.0,"cards_obtained":["Doubt"]},{"damage_healed":0,"gold_gain":90,"player_choice":"GOLD ","damage_taken":16,"max_hp_gain":0,"max_hp_loss":0,"event_name":"Knowing Skull","floor":21,"potions_obtained":[],"gold_loss":0,"cards_obtained":[]}],"is_beta":true,"boss_relics":[{"not_picked":["Ectoplasm","Runic Pyramid"],"picked":"Cursed Key"}],"items_purged_floors":[],"is_endless":false,"potions_floor_spawned":[2,13,14,19,25],"killed_by":"Champ","ascension_level":0}