{"gold_per_floor":[116,132,148,159,171,171,203,203,229,242,258,433,285,299,299,394,394,406,425,350,350,350],"floor_reached":22,"playtime":2214,"items_purged":["Doubt"],"score":190,"play_id":"f11cde94-6035-4214-9288-1f0f21d3bfbe","local_time":"20190223234817","is_ascension_mode":false,"campfire_choices":[{"data":"Clothesline","floor":6,"key":"SMITH"},{"data":"Armaments","floor":8,"key":"SMITH"},{"data":"True Grit","floor":15,"key":"SMITH"}],"neow_cost":"PERCENT_DAMAGE","seed_source_timestamp":633004108609735,"circlet_count":0,"master_deck":["Strike_R","Strike_R","Defend_R","Defend_R","Defend_R","Defend_R","Bash","Shrug It Off","Immolate","Armaments+1","Twin Strike","Shockwave","Clothesline+1","True Grit+1","Shrug It Off","Metallicize","Pommel Strike","Dark Embrace","Writhe","Injury","Evolve","Pommel Strike+1","Strike_R"],"relics":["Burning Blood","Girya","PreservedInsect","Calling Bell","Pen Nib","Blue Candle","Charon\u0027s Ashes"],"potions_floor_usage":[7,16,16,16,22],"damage_taken":[{"damage":0,"enemies":"Small Slimes","floor":1,"turns":2},{"damage":2,"enemies":"Jaw Worm","floor":2,"turns":3},{"damage":4,"enemies":"2 Louse","floor":3,"turns":3},{"damage":6,"enemies":"Lots of Slimes","floor":4,"turns":2},{"damage":7,"enemies":"Blue Slaver","floor":5,"turns":3},{"damage":18,"enemies":"3 Sentries","floor":7,"turns":5},{"damage":5,"enemies":"3 Louse","floor":10,"turns":3},{"damage":15,"enemies":"Exordium Wildlife","floor":11,"turns":5},{"damage":3,"enemies":"Looter","floor":14,"turns":3},{"damage":17,"enemies":"Hexaghost","floor":16,"turns":13},{"damage":20,"enemies":"Shell Parasite","floor":18,"turns":14},{"damage":16,"enemies":"Chosen","floor":19,"turns":6},{"damage":63,"enemies":"3 Cultists","floor":22,"turns":6}],"seed_played":"-4752633686151637075","potions_obtained":[{"floor":1,"key":"Weak Potion"},{"floor":3,"key":"LiquidBronze"},{"floor":4,"key":"FearPotion"},{"floor":10,"key":"SkillPotion"},{"floor":18,"key":"SkillPotion"}],"is_trial":false,"path_per_floor":["M","M","M","M","M","R","E","R","T","M","M","?","$","M","R","B",null,"M","M","?","?","M"],"character_chosen":"IRONCLAD","items_purchased":["Metallicize"],"campfire_rested":0,"item_purchase_floors":[13],"current_hp_per_floor":[62,66,68,68,67,67,55,55,55,56,47,47,47,50,50,39,80,66,56,56,56,0],"gold":350,"neow_bonus":"TRANSFORM_TWO_CARDS","is_prod":false,"is_daily":false,"chose_seed":false,"campfire_upgraded":3,"win_rate":0,"timestamp":1550933297,"path_taken":["M","M","M","M","M","R","E","R","T","M","M","?","$","M","R","BOSS","M","M","?","?","M"],"build_version":"2019-01-23","purchased_purges":1,"victory":false,"max_hp_per_floor":[80,80,80,80,80,80,80,80,80,80,80,80,80,80,80,80,80,80,80,80,80,80],"card_choices":[{"not_picked":["Infernal Blade","Intimidate"],"picked":"Armaments","floor":1},{"not_picked":["Rampage","Armaments"],"picked":"Twin Strike","floor":2},{"not_picked":["Reckless Charge","Evolve"],"picked":"Shockwave","floor":3},{"not_picked":["Entrench","Clash","Second Wind"],"picked":"SKIP","floor":4},{"not_picked":["Evolve","Warcry"],"picked":"Clothesline","floor":5},{"not_picked":["Twin Strike","Searing Blow","Thunderclap"],"picked":"SKIP","floor":7},{"not_picked":["Intimidate","Brutality"],"picked":"True Grit","floor":10},{"not_picked":["Cleave","Twin Strike"],"picked":"Shrug It Off","floor":11},{"not_picked":["Body Slam","Metallicize"],"picked":"Pommel Strike","floor":14},{"not_picked":["Brutality","Bludgeon"],"picked":"Dark Embrace","floor":16},{"not_picked":["Clothesline+1","Seeing Red"],"picked":"Evolve","floor":18},{"not_picked":["Cleave","Shockwave"],"picked":"Pommel Strike+1","floor":19}],"player_experience":362333,"relics_obtained":[{"floor":7,"key":"Girya"},{"floor":9,"key":"PreservedInsect"},{"floor":17,"key":"Pen Nib"},{"floor":17,"key":"Blue Candle"},{"floor":17,"key":"Charon\u0027s Ashes"}],"event_choices":[{"damage_healed":0,"gold_gain":175,"player_choice":"AGREE","damage_taken":0,"max_hp_gain":0,"max_hp_loss":0,"event_name":"Liars Game","floor":12,"gold_loss":0,"cards_obtained":["Doubt"]},{"cards_removed":["Doubt"],"damage_healed":0,"gold_gain":0,"player_choice":"Gave Gold","damage_taken":0,"max_hp_gain":0,"max_hp_loss":0,"event_name":"Beggar","floor":20,"gold_loss":75},{"cards_removed":["Strike_R"],"damage_healed":0,"gold_gain":0,"player_choice":"Took Card","damage_taken":0,"max_hp_gain":0,"max_hp_loss":0,"event_name":"NoteForYourself","floor":21,"gold_loss":0,"cards_obtained":["Strike_R"]}],"is_beta":false,"boss_relics":[{"not_picked":["Tiny House","Runic Cube"],"picked":"Calling Bell"}],"items_purged_floors":[13],"is_endless":false,"potions_floor_spawned":[1,3,4,5,10,18],"killed_by":"3 Cultists","ascension_level":0}