{"path_per_floor":["M","?","$","?","M","R","$","?","T","R","M","M","M","M","R","B",null,"M","$","?","M","$","R","?","M","T","?","M","M","M"],"character_chosen":"THE_SILENT","items_purchased":["Molten Egg 2","Toolbox"],"gold_per_floor":[144,144,144,104,149,149,74,24,49,49,94,139,184,229,229,529,529,574,74,104,149,149,149,149,194,194,194,239,284,329],"floor_reached":31,"campfire_rested":4,"playtime":2281,"current_hp_per_floor":[70,63,63,63,63,70,70,70,70,70,68,68,65,65,70,66,70,59,59,59,54,54,70,70,68,68,68,11,11,6],"items_purged":["Heel Hook"],"gold":329,"score":305,"play_id":"284b22ec-ba6c-4eb4-b673-ea49f0a12d81","local_time":"20180316043105","daily_mods":["Heirloom","Midas","Insanity"],"is_prod":false,"is_daily":true,"is_ascension_mode":false,"campfire_upgraded":0,"timestamp":1521183665,"path_taken":["M","?","?","?","?","R","?","?","T","R","M","M","?","M","R","BOSS","M","$","?","M","$","R","?","M","T","?","M","M","M","?"],"build_version":"2018-03-15","purchased_purges":2,"victory":false,"master_deck":["Slice","Finisher","Caltrops","Flying Knee","Corpse Explosion","A Thousand Cuts","Escape Plan","Defend_G","Malaise","Blur","Phantasmal Killer","Endless Agony","Noxious Fumes","Escape Plan","Choke","Burst","Blade Dance","Footwork","Distraction","Cloak And Dagger","Tactician","Wraith Form","Calculated Gamble","Outmaneuver","Quick Slash","Doppelganger","Dagger Throw","Neutralize","Expertise","Distraction","Venomology","Die Die Die","Unload","PiercingWail","A Thousand Cuts","Concentrate","PiercingWail","Storm of Steel","Burst","Distraction","Malaise","Acrobatics","Underhanded Strike","Calculated Gamble","Burst","Dagger Spray","Prepared","Accuracy","Bullet Time","Skewer+1","Backflip","Malaise","Distraction+1","Dodge and Roll","Deadly Poison"],"max_hp_per_floor":[70,70,70,70,70,70,70,70,70,70,70,70,70,70,70,70,70,70,70,70,70,70,70,70,70,70,70,70,70,70],"relics":["Ring of the Snake","Thread and Needle","Centennial Puzzle","Lantern","White Beast Statue","Molten Egg 2","Toolbox","Tiny Chest","Frozen Eye"],"card_choices":[{"not_picked":["Cloak And Dagger","Acrobatics"],"picked":"Accuracy"},{"not_picked":["Glass Knife","A Thousand Cuts"],"picked":"Bullet Time"},{"not_picked":["Heel Hook","Finisher"],"picked":"Skewer"},{"not_picked":["Dagger Throw","Blade Dance"],"picked":"Distraction"},{"not_picked":["Poisoned Stab","Underhanded Strike"],"picked":"Dodge and Roll"},{"not_picked":["Deflect","Sucker Punch"],"picked":"Deadly Poison"}],"player_experience":186714,"potions_floor_usage":[16,21,21,21,21,25,28,28,29,30,30,31,31],"damage_taken":[{"damage":0,"enemies":"Jaw Worm","floor":1,"turns":2},{"damage":0,"enemies":"Cultist","floor":5,"turns":4},{"damage":2,"enemies":"2 Louse","floor":11,"turns":2},{"damage":0,"enemies":"Lots of Slimes","floor":12,"turns":1},{"damage":3,"enemies":"Exordium Wildlife","floor":13,"turns":3},{"damage":0,"enemies":"Red Slaver","floor":14,"turns":4},{"damage":4,"enemies":"The Guardian","floor":16,"turns":14},{"damage":11,"enemies":"Chosen","floor":18,"turns":6},{"damage":5,"enemies":"Shell Parasite","floor":21,"turns":8},{"damage":2,"enemies":"Centurion and Healer","floor":25,"turns":6},{"damage":65,"enemies":"Chosen and Byrds","floor":28,"turns":10},{"damage":0,"enemies":"Snake Plant","floor":29,"turns":5},{"damage":5,"enemies":"Centurion and Healer","floor":30,"turns":6},{"damage":7,"enemies":"Slaver and Parasite","floor":31,"turns":1}],"event_choices":[{"event_name":"Scrap Ooze","player_choice":"success","floor":2,"damage_taken":7},{"event_name":"The Woman in Blue","player_choice":"Bought 3 Potions","floor":4,"damage_taken":0},{"event_name":"The Cleric","player_choice":"Card Removal","floor":8,"damage_taken":0},{"event_name":"Accursed Blacksmith","player_choice":"Rummage","floor":20,"damage_taken":0},{"event_name":"Match and Keep!","player_choice":"2 cards matched","floor":24,"damage_taken":0},{"event_name":"Purifier","player_choice":"One Purge","floor":27,"damage_taken":0}],"boss_relics":[{"not_picked":["Philosopher\u0027s Stone","Pandora\u0027s Box"],"picked":"White Beast Statue"}],"potions_floor_spawned":[11,12,13,18,21,25,28,29,30],"seed_played":"5375251351321028032","killed_by":"Slaver and Parasite","ascension_level":0,"is_trial":false}