{"gold_per_floor":[111,125,138,213,223,223,248,248,248,248,261,276,307,330,330,426,426,445,445,463,473,485,485,485],"floor_reached":24,"playtime":791,"items_purged":[],"score":305,"play_id":"870ef216-1c4b-4422-98e7-7f207061f949","local_time":"20190224135455","is_ascension_mode":true,"campfire_choices":[{"floor":6,"key":"REST"},{"data":"Corpse Explosion","floor":8,"key":"SMITH"},{"floor":15,"key":"DIG"},{"data":"Burst","floor":23,"key":"SMITH"}],"neow_cost":"NONE","seed_source_timestamp":221888271973493,"circlet_count":0,"master_deck":["Survivor","Neutralize","All Out Attack","Poisoned Stab","Corpse Explosion+1","Backstab","All Out Attack","Predator","Prepared","Corpse Explosion","Caltrops","Footwork","Dodge and Roll","Burst+1","Noxious Fumes","Caltrops","Escape Plan+1"],"relics":["Pandora\u0027s Box","Question Card","Mercury Hourglass","Shovel","Regal Pillow","Ice Cream","Busted Crown"],"potions_floor_usage":[7,22,24],"damage_taken":[{"damage":4,"enemies":"Jaw Worm","floor":1,"turns":2},{"damage":0,"enemies":"2 Louse","floor":2,"turns":1},{"damage":0,"enemies":"Cultist","floor":3,"turns":2},{"damage":19,"enemies":"Exordium Wildlife","floor":5,"turns":2},{"damage":6,"enemies":"Gremlin Nob","floor":7,"turns":3},{"damage":0,"enemies":"Gremlin Gang","floor":11,"turns":1},{"damage":11,"enemies":"Looter","floor":12,"turns":2},{"damage":15,"enemies":"Lagavulin","floor":13,"turns":6},{"damage":14,"enemies":"The Guardian","floor":16,"turns":8},{"damage":12,"enemies":"Chosen","floor":18,"turns":3},{"damage":21,"enemies":"Shell Parasite","floor":20,"turns":4},{"damage":19,"enemies":"Shelled Parasite and Fungi","floor":21,"turns":2},{"damage":0,"enemies":"Sentry and Sphere","floor":22,"turns":2},{"damage":25,"enemies":"Slavers","floor":24,"turns":1}],"seed_played":"459565559632295912","potions_obtained":[{"floor":1,"key":"SteroidPotion"},{"floor":12,"key":"EssenceOfSteel"},{"floor":13,"key":"Swift Potion"},{"floor":16,"key":"Swift Potion"}],"is_trial":false,"path_per_floor":["M","M","M","?","M","R","E","R","T","?","M","M","E","T","R","B",null,"M","?","M","M","M","R","E"],"character_chosen":"THE_SILENT","items_purchased":[],"campfire_rested":1,"item_purchase_floors":[],"current_hp_per_floor":[59,59,59,48,29,50,44,44,44,80,80,69,54,54,54,40,70,58,58,37,18,18,18,0],"gold":485,"neow_bonus":"BOSS_RELIC","is_prod":false,"is_daily":false,"chose_seed":false,"campfire_upgraded":2,"win_rate":0,"timestamp":1551034495,"path_taken":["M","M","M","?","M","R","E","R","T","?","?","M","E","?","R","BOSS","M","?","?","?","M","R","E"],"build_version":"2019-01-23","purchased_purges":0,"victory":false,"max_hp_per_floor":[70,70,70,70,70,70,70,70,70,80,80,80,80,80,80,80,80,80,80,80,80,80,80,80],"card_choices":[{"not_picked":["Expertise","Dash","Cloak And Dagger"],"picked":"SKIP","floor":1},{"not_picked":["Cloak And Dagger","Dash","Distraction"],"picked":"SKIP","floor":2},{"not_picked":["Dagger Spray","Eviscerate","Concentrate"],"picked":"SKIP","floor":3},{"not_picked":["Dagger Throw","Underhanded Strike"],"picked":"Caltrops","floor":5},{"not_picked":["Blur","Backflip"],"picked":"Footwork","floor":7},{"not_picked":["Deadly Poison","Deflect","Acrobatics"],"picked":"Dodge and Roll","floor":11},{"not_picked":["All Out Attack","Cloak And Dagger","Expertise","Acrobatics"],"picked":"SKIP","floor":12},{"not_picked":["Doppelganger","Flying Knee","PiercingWail","Finisher"],"picked":"SKIP","floor":13},{"not_picked":["A Thousand Cuts","Unload","Corpse Explosion"],"picked":"Burst","floor":16},{"not_picked":["Blade Dance"],"picked":"Noxious Fumes","floor":18},{"not_picked":["Sucker Punch","Cloak And Dagger"],"picked":"SKIP","floor":20},{"not_picked":["Backflip"],"picked":"Escape Plan+1","floor":21},{"not_picked":["Caltrops","Poisoned Stab"],"picked":"SKIP","floor":22}],"player_experience":367521,"relics_obtained":[{"floor":7,"key":"Question Card"},{"floor":9,"key":"Mercury Hourglass"},{"floor":13,"key":"Shovel"},{"floor":14,"key":"Regal Pillow"},{"floor":15,"key":"Ice Cream"}],"event_choices":[{"damage_healed":0,"gold_gain":75,"player_choice":"Gather Gold","damage_taken":11,"max_hp_gain":0,"max_hp_loss":0,"event_name":"World of Goop","floor":4,"gold_loss":0},{"cards_removed":["After Image"],"damage_healed":26,"gold_gain":0,"player_choice":"Offered Rare","damage_taken":0,"max_hp_gain":10,"max_hp_loss":0,"event_name":"Bonfire Elementals","floor":10,"gold_loss":0},{"damage_healed":0,"gold_gain":0,"cards_transformed":["Endless Agony"],"player_choice":"Transformed","damage_taken":0,"max_hp_gain":0,"max_hp_loss":0,"event_name":"Transmorgrifier","floor":19,"gold_loss":0,"cards_obtained":["Caltrops"]}],"is_beta":false,"boss_relics":[{"not_picked":["Runic Dome","White Beast Statue"],"picked":"Busted Crown"}],"items_purged_floors":[],"is_endless":false,"potions_floor_spawned":[1,12,13,16,20,21],"killed_by":"Slavers","ascension_level":9}