{"gold_per_floor":[115,115,40,52,52,52,80,80,80,99,174,174,203,222,222,293,343,363,376,22,22,22,22],"floor_reached":23,"playtime":1128,"items_purged":["Injury"],"score":335,"play_id":"3de6096c-beea-4b13-8682-9e5deeca3586","local_time":"20190127113840","is_ascension_mode":true,"campfire_choices":[{"data":"Poisoned Stab","floor":6.0,"key":"SMITH"},{"data":"Poisoned Stab","floor":8.0,"key":"SMITH"},{"data":"Infinite Blades","floor":15.0,"key":"SMITH"}],"neow_cost":"CURSE","seed_source_timestamp":6581763979490,"circlet_count":0,"master_deck":["AscendersBane","Defend_G","Defend_G","Defend_G","Defend_G+1","Defend_G","Strike_G","Strike_G","Strike_G","Strike_G","Survivor","Neutralize+1","Corpse Explosion","Poisoned Stab+1","Poisoned Stab+1","Infinite Blades+1","Die Die Die","Noxious Fumes","Leg Sweep","Backflip"],"special_seed":0,"relics":["Ring of the Snake","Sundial","Bottled Lightning","Unceasing Top","Tiny House","Membership Card","Mummified Hand"],"potions_floor_usage":[21],"damage_taken":[{"damage":0.0,"enemies":"Small Slimes","floor":1.0,"turns":4.0},{"damage":0.0,"enemies":"Jaw Worm","floor":4.0,"turns":4.0},{"damage":8.0,"enemies":"Lagavulin","floor":7.0,"turns":7.0},{"damage":0.0,"enemies":"2 Louse","floor":10.0,"turns":1.0},{"damage":24.0,"enemies":"Gremlin Nob","floor":13.0,"turns":4.0},{"damage":10.0,"enemies":"Large Slime","floor":14.0,"turns":5.0},{"damage":7.0,"enemies":"Hexaghost","floor":16.0,"turns":9.0},{"damage":10.0,"enemies":"Shell Parasite","floor":18.0,"turns":6.0},{"damage":12.0,"enemies":"2 Thieves","floor":19.0,"turns":2.0},{"damage":25,"enemies":"Colosseum Slavers","floor":21,"turns":4},{"damage":14,"enemies":"Slavers","floor":23,"turns":1}],"seed_played":"-830071539507441578","potions_obtained":[{"floor":1.0,"key":"Regen Potion"},{"floor":4.0,"key":"EssenceOfSteel"},{"floor":17.0,"key":"Energy Potion"},{"floor":19.0,"key":"PowerPotion"}],"is_trial":false,"path_per_floor":["M","?","$","M","?","R","E","R","T","M","?","?","E","M","R","B",null,"M","M","$","?","?","E"],"character_chosen":"THE_SILENT","items_purchased":["Membership Card","Mummified Hand","Backflip"],"campfire_rested":0,"item_purchase_floors":[20,20,20],"current_hp_per_floor":[59,59,59,59,52,52,44,44,44,44,33,33,9,14,14,7,56,46,34,34,9,9,0],"gold":22,"neow_bonus":"THREE_RARE_CARDS","is_prod":false,"is_daily":false,"chose_seed":false,"campfire_upgraded":3,"win_rate":0,"timestamp":1548585520,"path_taken":["M","?","$","M","?","R","E","R","T","M","?","?","E","M","R","BOSS","M","M","$","?","?","E"],"build_version":"2019-01-23","purchased_purges":1,"victory":false,"max_hp_per_floor":[66,66,66,66,66,66,66,66,66,66,66,66,66,66,66,66,71,71,71,71,71,71,71],"card_choices":[{"not_picked":["A Thousand Cuts","Burst"],"picked":"Corpse Explosion","floor":0.0},{"not_picked":["Prepared","Blur","Dodge and Roll"],"picked":"SKIP","floor":1.0},{"not_picked":["Dodge and Roll","Caltrops"],"picked":"Poisoned Stab","floor":4.0},{"not_picked":["Heel Hook","Flechettes"],"picked":"Poisoned Stab","floor":7.0},{"not_picked":["Sucker Punch","Masterful Stab","Endless Agony"],"picked":"SKIP","floor":10.0},{"not_picked":["Predator","Underhanded Strike"],"picked":"Infinite Blades","floor":13.0},{"not_picked":["Sucker Punch","Riddle With Holes","Quick Slash"],"picked":"SKIP","floor":14.0},{"not_picked":["Corpse Explosion","Wraith Form v2"],"picked":"Die Die Die","floor":16.0},{"not_picked":["Backflip","Deadly Poison"],"picked":"Noxious Fumes","floor":17.0},{"not_picked":["Slice","Dagger Spray","Bane"],"picked":"SKIP","floor":18.0},{"not_picked":["Quick Slash","Dodge and Roll"],"picked":"Leg Sweep","floor":19.0}],"player_experience":392220,"relics_obtained":[{"floor":7.0,"key":"Sundial"},{"floor":9.0,"key":"Bottled Lightning"},{"floor":13.0,"key":"Unceasing Top"}],"event_choices":[{"damage_healed":0.0,"max_hp_gain":0.0,"max_hp_loss":0.0,"gold_gain":0.0,"event_name":"Living Wall","player_choice":"Grow","floor":2.0,"gold_loss":0.0,"damage_taken":0.0,"cards_upgraded":["Neutralize"]},{"cards_removed":["Strike_G"],"damage_healed":0.0,"max_hp_gain":0.0,"max_hp_loss":0.0,"gold_gain":0.0,"event_name":"Golden Wing","player_choice":"Card Removal","floor":5.0,"gold_loss":0.0,"damage_taken":7.0},{"damage_healed":0.0,"max_hp_gain":0.0,"max_hp_loss":0.0,"gold_gain":75.0,"event_name":"World of Goop","player_choice":"Gather Gold","floor":11.0,"gold_loss":0.0,"damage_taken":11.0},{"damage_healed":0.0,"max_hp_gain":0.0,"max_hp_loss":0.0,"gold_gain":0.0,"event_name":"Liars Game","player_choice":"Ignored","floor":12.0,"gold_loss":0.0,"damage_taken":0.0},{"damage_healed":0,"gold_gain":0,"player_choice":"Fight","damage_taken":0,"max_hp_gain":0,"max_hp_loss":0,"event_name":"Colosseum","floor":21,"gold_loss":0},{"damage_healed":0,"gold_gain":0,"player_choice":"Fled From Nobs","damage_taken":0,"max_hp_gain":0,"max_hp_loss":0,"event_name":"Colosseum","floor":21,"gold_loss":0},{"damage_healed":0,"gold_gain":0,"player_choice":"Ignored","damage_taken":0,"max_hp_gain":0,"max_hp_loss":0,"event_name":"Beggar","floor":22,"gold_loss":0}],"is_beta":false,"boss_relics":[{"not_picked":["WristBlade","Runic Dome"],"picked":"Tiny House"}],"items_purged_floors":[3],"is_endless":false,"potions_floor_spawned":[1,4,13,19],"killed_by":"Slavers","ascension_level":14}