{"path_per_floor":["M","M","M","?","$","E","?","R","T","M","M","M","?","M","R","B",null,"M","M","$","?","M"],"character_chosen":"IRONCLAD","items_purchased":["Secret Weapon","Trip"],"gold_per_floor":[115,133,151,151,76,105,105,105,129,152,168,191,266,289,289,413,413,434,427,21,21,46,46],"floor_reached":23,"campfire_rested":2,"playtime":775,"current_hp_per_floor":[70,64,61,61,61,31,11,35,35,30,25,21,10,22,46,11,80,57,32,32,32,38,0],"items_purged":["Sentinel","Strike_R"],"gold":46,"score":215,"play_id":"577036d4-bb1f-4125-8578-e5a5f77e97e4","local_time":"20180429191404","is_prod":false,"is_daily":false,"chose_seed":false,"is_ascension_mode":true,"campfire_upgraded":0,"timestamp":1525043644,"path_taken":["M","M","M","?","?","E","?","R","T","M","M","M","?","M","R","BOSS","M","M","$","?","M","E"],"build_version":"2018-04-28v2","seed_source_timestamp":9173149481148,"purchased_purges":3,"victory":false,"master_deck":["Strike_R","Strike_R","Strike_R","Defend_R","Defend_R","Defend_R","Defend_R","Bash","Spot Weakness","Whirlwind","Twin Strike","Double Tap","Twin Strike","Thunderclap","Shrug It Off","Flex","Iron Wave","Heavy Blade+1","Secret Weapon","Trip","Heavy Blade+1","Warcry"],"max_hp_per_floor":[80,80,80,80,80,80,80,80,80,80,80,80,80,80,80,80,80,80,80,80,80,80,80],"relics":["Burning Blood","Lantern","Golden Idol","Pen Nib","Runic Pyramid"],"card_choices":[{"not_picked":["True Grit","Armaments"],"picked":"Spot Weakness","floor":1},{"not_picked":["Clash","Intimidate"],"picked":"Whirlwind","floor":2},{"not_picked":["Feel No Pain","Iron Wave"],"picked":"Twin Strike","floor":3},{"not_picked":["Havoc","Headbutt"],"picked":"Double Tap","floor":6},{"not_picked":["Havoc","Rampage"],"picked":"Twin Strike","floor":10},{"not_picked":["True Grit","Armaments"],"picked":"Thunderclap","floor":11},{"not_picked":["Combust","Pommel Strike"],"picked":"Shrug It Off","floor":12},{"not_picked":["Perfected Strike","Clothesline"],"picked":"Flex","floor":14},{"not_picked":["Rupture","Body Slam"],"picked":"Iron Wave","floor":18},{"not_picked":["Flex","Armaments"],"picked":"Heavy Blade","floor":19},{"not_picked":["Perfected Strike","Wild Strike"],"picked":"Warcry","floor":22}],"player_experience":129408,"potions_floor_usage":[14,16,16,16],"damage_taken":[{"damage":16,"enemies":"Small Slimes","floor":1,"turns":4},{"damage":12,"enemies":"2 Louse","floor":2,"turns":3},{"damage":9,"enemies":"Jaw Worm","floor":3,"turns":5},{"damage":36,"enemies":"Lagavulin","floor":6,"turns":5},{"damage":11,"enemies":"Looter","floor":10,"turns":2},{"damage":11,"enemies":"Blue Slaver","floor":11,"turns":3},{"damage":10,"enemies":"Large Slime","floor":12,"turns":4},{"damage":6,"enemies":"Exordium Wildlife","floor":14,"turns":5},{"damage":41,"enemies":"Slime Boss","floor":16,"turns":12},{"damage":29,"enemies":"Shell Parasite","floor":18,"turns":5},{"damage":31,"enemies":"2 Thieves","floor":19,"turns":4},{"damage":0,"enemies":"Centurion and Healer","floor":22,"turns":6},{"damage":41,"enemies":"Book of Stabbing","floor":23,"turns":4}],"event_choices":[{"event_name":"Living Wall","player_choice":"Change","floor":4,"damage_taken":0},{"event_name":"Golden Idol","player_choice":"Take Damage","floor":7,"damage_taken":0},{"event_name":"World of Goop","player_choice":"Gather Gold","floor":13,"damage_taken":0},{"event_name":"Duplicator","player_choice":"One dupe","floor":21,"damage_taken":0}],"boss_relics":[{"not_picked":["Ectoplasm","Runic Dome"],"picked":"Runic Pyramid"}],"potions_floor_spawned":[2,10,11,14],"seed_played":"2580138674017595626","killed_by":"Book of Stabbing","ascension_level":2,"is_trial":false}