{"path_per_floor":["M","M","?","?","$","R","E","R","T","M","M","M","?","E","R","B",null,"M","$","M","M","$","E","R"],"character_chosen":"DEFECT","items_purchased":["Double Energy","Pear","Leap","Blood Vial"],"gold_per_floor":[115,128,128,128,47,47,86,86,136,157,177,200,236,276,276,397,397,421,114,132,157,8,44,44,44],"floor_reached":25,"campfire_rested":4,"playtime":943,"item_purchase_floors":[5,19,19,22],"current_hp_per_floor":[68,62,44,44,44,66,49,75,75,73,67,54,42,31,68,38,75,48,58,48,32,32,2,42,0],"items_purged":[],"gold":44,"score":254,"play_id":"c22ee40c-1ccd-4839-b988-9347b930dbc3","local_time":"20180526044146","is_prod":false,"is_daily":false,"chose_seed":false,"is_ascension_mode":true,"campfire_upgraded":0,"win_rate":0,"timestamp":1527318706,"campfire_choices":[{"floor":6,"key":"REST"},{"floor":8,"key":"REST"},{"floor":15,"key":"REST"},{"floor":24,"key":"REST"}],"path_taken":["M","M","?","?","$","R","E","R","T","?","M","M","?","E","R","BOSS","M","$","M","M","$","E","R","E"],"build_version":"2018-05-24","seed_source_timestamp":109035001541159,"purchased_purges":0,"victory":false,"master_deck":["Strike_B","Strike_B","Strike_B","Strike_B","Defend_B","Defend_B","Defend_B","Defend_B","Zap","Dualcast","Hello World+1","Doom and Gloom","Double Energy","Chaos","Sunder","Static Discharge","Rip and Tear","Seek","Melter+1","Hyperbeam+1","Leap","Leap+1","Genetic Algorithm","Genetic Algorithm"],"max_hp_per_floor":[75,75,75,75,75,75,75,75,75,75,75,75,75,75,75,75,75,75,85,85,85,85,85,85,85],"relics":["Runic Dome","Golden Idol","Regal Pillow","Art of War","Odd Mushroom","Molten Egg 2","Runic Pyramid","Pear","Blood Vial","Emotion Chip"],"card_choices":[{"not_picked":["Cold Snap","Reinforced Body"],"picked":"Hello World","floor":1},{"not_picked":["Aggregate","Compile Driver"],"picked":"Doom and Gloom","floor":2},{"not_picked":["White Noise","Go for the Eyes"],"picked":"Chaos","floor":7},{"not_picked":["Barrage","Capacitor"],"picked":"Sunder","floor":10},{"not_picked":["White Noise","Rebound"],"picked":"Static Discharge","floor":11},{"not_picked":["Go for the Eyes","Stack"],"picked":"Rip and Tear","floor":12},{"not_picked":["Blizzard","Reprogram"],"picked":"Seek","floor":13},{"not_picked":["Hello World","Conserve Battery"],"picked":"Melter","floor":14},{"not_picked":["Machine Learning","Meteor Strike+1"],"picked":"Hyperbeam+1","floor":16},{"not_picked":["Steam Power","Sweeping Beam+1","Ball Lightning+1"],"picked":"SKIP","floor":18},{"not_picked":["Darkness","Turbo+1"],"picked":"Leap+1","floor":20},{"not_picked":["Steam+1","Stack"],"picked":"Genetic Algorithm","floor":21},{"not_picked":["Capacitor","Beam Cell+1"],"picked":"Genetic Algorithm","floor":23}],"player_experience":462607,"potions_floor_usage":[13,14,16,18,23],"damage_taken":[{"damage":7,"enemies":"Jaw Worm","floor":1,"turns":3},{"damage":6,"enemies":"2 Louse","floor":2,"turns":3},{"damage":17,"enemies":"Lagavulin","floor":7,"turns":5},{"damage":2,"enemies":"Small Slimes","floor":10,"turns":3},{"damage":6,"enemies":"Exordium Thugs","floor":11,"turns":4},{"damage":13,"enemies":"Blue Slaver","floor":12,"turns":3},{"damage":12,"enemies":"The Mushroom Lair","floor":13,"turns":3},{"damage":11,"enemies":"Gremlin Nob","floor":14,"turns":3},{"damage":30,"enemies":"Slime Boss","floor":16,"turns":6},{"damage":27,"enemies":"3 Byrds","floor":18,"turns":4},{"damage":10,"enemies":"Chosen","floor":20,"turns":4},{"damage":16,"enemies":"Snecko","floor":21,"turns":5},{"damage":32,"enemies":"Gremlin Leader","floor":23,"turns":7},{"damage":46,"enemies":"Slavers","floor":25,"turns":4}],"relics_obtained":[{"floor":7,"key":"Regal Pillow"},{"floor":9,"key":"Art of War"},{"floor":13,"key":"Odd Mushroom"},{"floor":14,"key":"Molten Egg 2"},{"floor":23,"key":"Emotion Chip"}],"event_choices":[{"event_name":"Golden Idol","player_choice":"Take Damage","floor":3,"damage_taken":0},{"event_name":"Upgrade Shrine","player_choice":"Upgraded","floor":4,"damage_taken":0},{"event_name":"Mushrooms","player_choice":"Fought Mushrooms","floor":13,"damage_taken":0}],"boss_relics":[{"not_picked":["Orrery","Snecko Eye"],"picked":"Runic Pyramid"}],"items_purged_floors":[],"potions_floor_spawned":[7,10,11,12,14,18],"seed_played":"-3770415523199686715","killed_by":"Slavers","ascension_level":2,"potions_obtained":[{"floor":7,"key":"Energy Potion"},{"floor":10,"key":"SpeedPotion"},{"floor":11,"key":"Ancient Potion"},{"floor":12,"key":"FearPotion"},{"floor":14,"key":"AttackPotion"},{"floor":18,"key":"Energy Potion"}],"is_trial":false}