{"path_per_floor":["M","?","?","M","M","R","E","M","T","$","M","M","R","?","R","B",null,"M","M","M","M","M","R","$","?","T","M","R","?","M","E","R","B",null,"M","?","M","M","?","R","E","M","T","R","M","M","?","$","R"],"character_chosen":"DEFECT","items_purchased":["Self Repair","Pear","Oddly Smooth Stone","Bottled Tornado"],"gold_per_floor":[114,189,189,204,219,219,249,264,264,5,20,35,35,35,35,135,135,150,165,180,195,210,210,30,30,30,45,45,45,60,90,90,190,190,205,205,220,235,235,235,265,280,355,355,370,385,385,105,105,105],"floor_reached":50,"campfire_rested":5,"playtime":3001,"item_purchase_floors":[10,10,24,48],"current_hp_per_floor":[75,64,70,70,69,69,59,52,52,62,61,64,64,61,88,55,109,87,87,69,51,24,56,56,56,62,37,71,71,79,63,97,68,121,121,127,127,125,125,125,127,100,106,106,89,83,83,83,122,0],"items_purged":["Normality","Pain"],"gold":105,"score":698,"play_id":"c5b38dd1-deaa-4e1a-bda5-5333a67a248f","local_time":"20180603042953","daily_mods":["Brewmaster","Cursed Run","Uncertain Future"],"is_prod":false,"is_daily":true,"chose_seed":false,"is_ascension_mode":false,"campfire_upgraded":4,"win_rate":0,"timestamp":1528009193,"campfire_choices":[{"data":"Aggregate","floor":6,"key":"SMITH"},{"data":"Storm","floor":13,"key":"SMITH"},{"floor":15,"key":"REST"},{"floor":23,"key":"REST"},{"floor":28,"key":"REST"},{"floor":32,"key":"REST"},{"data":"Echo Form","floor":40,"key":"SMITH"},{"data":"Seek","floor":44,"key":"SMITH"},{"floor":49,"key":"REST"}],"path_taken":["M","?","?","M","M","R","E","M","T","$","M","M","R","?","R","BOSS","M","M","M","M","M","R","$","?","T","?","R","?","M","E","R","BOSS","M","?","M","M","?","R","E","M","T","R","M","M","?","$","R","BOSS"],"build_version":"2018-05-30v2","seed_source_timestamp":0,"purchased_purges":2,"victory":false,"master_deck":["Strike_B","Strike_B","Strike_B","Strike_B","Defend_B","Defend_B","Defend_B","Defend_B","Zap","Dualcast","Venomology","Venomology","Venomology","Venomology","Venomology","Regret","Conserve Battery","Aggregate+1","Buffer","Sweeping Beam","Self Repair","Storm+1","Leap","Echo Form+1","Clumsy","Pain","Hello World","Doom and Gloom+1","Stack","White Noise+1","Undo","Parasite","Stack+1","Multi-Cast","Decay","Seek+1","Decay","Leap+1","Multi-Cast"],"max_hp_per_floor":[75,75,81,81,81,81,81,81,81,91,91,91,91,91,91,91,109,109,109,109,109,109,109,109,109,115,115,115,115,115,115,115,121,121,121,127,127,127,127,127,127,127,133,133,133,133,133,133,133,133],"relics":["Cursed Key","Darkstone Periapt","Du-Vu Doll","White Beast Statue","Omamori","Happy Flower","The Courier","Pear","Bronze Scales","Calling Bell","Ancient Tea Set","Molten Egg 2","Thread and Needle","Oddly Smooth Stone","Toolbox","Mummified Hand","Inserter","Juzu Bracelet","Centennial Puzzle","Bottled Tornado"],"card_choices":[{"not_picked":["Ball Lightning","Redo","Beam Cell"],"picked":"SKIP","floor":1},{"not_picked":["Compile Driver","Cold Snap"],"picked":"Conserve Battery","floor":4},{"not_picked":["Cold Snap","Rebound"],"picked":"Aggregate","floor":5},{"not_picked":["Streamline","Hologram"],"picked":"Buffer","floor":7},{"not_picked":["Chaos","Fusion"],"picked":"Sweeping Beam","floor":8},{"not_picked":["Gash","Recycle"],"picked":"Storm","floor":11},{"not_picked":["Biased Cognition","Defragment"],"picked":"Leap","floor":12},{"not_picked":["Hyperbeam","Multi-Cast"],"picked":"Echo Form","floor":16},{"not_picked":["Compile Driver+1","Chill"],"picked":"Hello World","floor":18},{"not_picked":["Loop","Fusion+1"],"picked":"Doom and Gloom+1","floor":19},{"not_picked":["Darkness","Sweeping Beam+1"],"picked":"Stack","floor":20},{"not_picked":["Ball Lightning+1","Rebound+1"],"picked":"White Noise+1","floor":21},{"not_picked":["Barrage+1","Double Energy"],"picked":"Undo","floor":22},{"not_picked":["Darkness","Hologram"],"picked":"Stack+1","floor":27},{"not_picked":["Machine Learning","Hologram+1","Tempest"],"picked":"SKIP","floor":30},{"not_picked":["Turbo","Stack+1"],"picked":"Multi-Cast","floor":31},{"not_picked":["Multi-Cast","Amplify"],"picked":"Seek","floor":33},{"not_picked":["Fusion","Glacier","Turbo+1"],"picked":"SKIP","floor":35},{"not_picked":["Compile Driver+1","Chaos"],"picked":"Leap+1","floor":37},{"not_picked":["Sweeping Beam+1","Darkness+1","Thunder Strike+1"],"picked":"SKIP","floor":38},{"not_picked":["Streamline+1","Steam Power","Go for the Eyes+1"],"picked":"SKIP","floor":41},{"not_picked":["Rebound+1","Go for the Eyes+1","Leap+1"],"picked":"SKIP","floor":42},{"not_picked":["Rip and Tear+1","Sweeping Beam+1","Reprogram+1"],"picked":"SKIP","floor":45},{"not_picked":["Capacitor+1","Rip and Tear+1","Cold Snap+1"],"picked":"SKIP","floor":46}],"player_experience":465826,"potions_floor_usage":[1,1,1,4,5,5,5,7,7,7,7,7,7,7,8,8,8,8,11,11,11,11,11,12,12,12,16,16,16,16,16,16,18,18,18,19,19,20,20,20,20,21,21,21,21,21,22,22,22,22,27,27,27,30,30,30,30,30,30,31,31,31,31,31,33,33,33,33,35,35,35,35,37,38,38,38,38,38,41,41,41,41,41,41,41,42,42,45,45,46,50,50,50,50,50,50],"damage_taken":[{"damage":0,"enemies":"Small Slimes","floor":1,"turns":3},{"damage":0,"enemies":"2 Louse","floor":4,"turns":1},{"damage":1,"enemies":"Jaw Worm","floor":5,"turns":5},{"damage":10,"enemies":"3 Sentries","floor":7,"turns":6},{"damage":7,"enemies":"3 Louse","floor":8,"turns":2},{"damage":8,"enemies":"Looter","floor":11,"turns":2},{"damage":4,"enemies":"Large Slime","floor":12,"turns":7},{"damage":70,"enemies":"The Guardian","floor":16,"turns":13},{"damage":22,"enemies":"2 Thieves","floor":18,"turns":4},{"damage":0,"enemies":"Spheric Guardian","floor":19,"turns":4},{"damage":18,"enemies":"Snake Plant","floor":20,"turns":3},{"damage":32,"enemies":"Centurion and Healer","floor":21,"turns":8},{"damage":48,"enemies":"Slaver and Parasite","floor":22,"turns":5},{"damage":25,"enemies":"Snake Plant","floor":27,"turns":3},{"damage":2,"enemies":"Cultist and Chosen","floor":30,"turns":5},{"damage":30,"enemies":"Book of Stabbing","floor":31,"turns":6},{"damage":42,"enemies":"Collector","floor":33,"turns":6},{"damage":7,"enemies":"3 Shapes","floor":35,"turns":3},{"damage":0,"enemies":"Orb Walker","floor":37,"turns":3},{"damage":9,"enemies":"Sphere and 2 Shapes","floor":38,"turns":6},{"damage":8,"enemies":"Nemesis","floor":41,"turns":7},{"damage":34,"enemies":"Flame Bruiser 2 Orb","floor":42,"turns":5},{"damage":17,"enemies":"3 Darklings","floor":45,"turns":3},{"damage":15,"enemies":"4 Shapes","floor":46,"turns":3},{"damage":146,"enemies":"Awakened One","floor":50,"turns":13}],"relics_obtained":[{"floor":7,"key":"Happy Flower"},{"floor":9,"key":"The Courier"},{"floor":17,"key":"Ancient Tea Set"},{"floor":17,"key":"Molten Egg 2"},{"floor":17,"key":"Thread and Needle"},{"floor":26,"key":"Toolbox"},{"floor":31,"key":"Mummified Hand"},{"floor":41,"key":"Juzu Bracelet"},{"floor":43,"key":"Centennial Puzzle"}],"event_choices":[{"event_name":"World of Goop","player_choice":"Gather Gold","floor":2,"damage_taken":0},{"event_name":"Big Fish","player_choice":"Box","floor":3,"damage_taken":0},{"event_name":"Scrap Ooze","player_choice":"success","floor":14,"damage_taken":3},{"event_name":"Ghosts","player_choice":"Ignored","floor":25,"damage_taken":0},{"event_name":"Addict","player_choice":"Ignored","floor":29,"damage_taken":0},{"event_name":"Wheel of Change","player_choice":"Curse","floor":36,"damage_taken":0},{"event_name":"Duplicator","player_choice":"One dupe","floor":39,"damage_taken":0},{"event_name":"Mysterious Sphere","player_choice":"Ignore","floor":47,"damage_taken":0}],"boss_relics":[{"not_picked":["Lizard Tail","Eternal Feather"],"picked":"Calling Bell"},{"not_picked":["Black Star","Velvet Choker"],"picked":"Inserter"}],"items_purged_floors":[24,48],"potions_floor_spawned":[1,4,5,7,8,11,12,16,18,19,20,21,22,27,30,31,33,35,37,38,41,42,45,46],"seed_played":"8893598992173634706","killed_by":"Awakened One","ascension_level":0,"potions_obtained":[{"floor":1,"key":"Explosive Potion"},{"floor":4,"key":"FocusPotion"},{"floor":7,"key":"AttackPotion"},{"floor":8,"key":"LiquidBronze"},{"floor":11,"key":"Regen Potion"},{"floor":12,"key":"Regen Potion"},{"floor":16,"key":"LiquidBronze"},{"floor":19,"key":"Ancient Potion"},{"floor":20,"key":"SpeedPotion"},{"floor":21,"key":"Regen Potion"},{"floor":22,"key":"LiquidBronze"},{"floor":27,"key":"FocusPotion"},{"floor":30,"key":"Poison Potion"},{"floor":31,"key":"SmokeBomb"},{"floor":33,"key":"Dexterity Potion"},{"floor":35,"key":"Ancient Potion"},{"floor":37,"key":"EssenceOfSteel"},{"floor":38,"key":"Strength Potion"},{"floor":41,"key":"Energy Potion"},{"floor":42,"key":"Poison Potion"},{"floor":45,"key":"Regen Potion"}],"is_trial":false}