{"path_per_floor":["M","M","M","M","?","R","E","R","T","M","$","$","M","M","R","B",null,"M","?","M","M","M","M","M","R","T","E","$","?","R","M","R","B",null,"M","M","M","M","?","E","R","?","T","M","M","$","R","M","R","B"],"character_chosen":"THE_SILENT","items_purchased":["Dark Shackles","Bronze Scales","Backstab","Gremlin Horn","Phantasmal Killer","Meat on the Bone"],"gold_per_floor":[114,129,144,129,304,304,334,334,334,349,100,31,46,61,61,161,161,176,187,202,217,232,247,262,262,262,292,92,92,92,92,92,192,192,207,207,222,237,237,267,267,489,489,504,519,205,205,220,220,220],"floor_reached":51,"campfire_rested":4,"playtime":3723,"current_hp_per_floor":[63,61,61,53,53,53,4,25,25,25,25,25,25,25,46,43,70,70,70,53,53,53,61,58,58,58,50,50,50,70,70,70,12,70,65,65,65,59,59,50,50,50,64,43,26,26,51,54,54,21],"items_purged":[],"gold":220,"score":782,"play_id":"78da5276-548a-4133-8d1f-c684c4f949ce","local_time":"20180511034439","daily_mods":["Brewmaster","Uncertain Future","Hoarder"],"is_prod":false,"is_daily":true,"chose_seed":false,"is_ascension_mode":false,"campfire_upgraded":3,"timestamp":1526019279,"path_taken":["M","M","M","M","?","R","E","R","T","M","?","$","?","M","R","BOSS","M","?","M","M","M","?","M","R","T","E","$","?","R","M","R","BOSS","M","M","M","M","?","E","R","?","T","M","?","$","R","M","R","BOSS"],"build_version":"2018-05-10","seed_source_timestamp":0,"purchased_purges":0,"victory":true,"master_deck":["Defend_G","Defend_G","Defend_G","Defend_G","Defend_G","Strike_G","Strike_G","Strike_G","Strike_G","Strike_G","Survivor","Neutralize","Venomology","Venomology","Venomology","Venomology","Venomology","Venomology","Venomology","Venomology","Venomology","Venomology","Venomology","Venomology","Venomology","Venomology","Venomology","Dagger Spray+1","Dagger Spray","Dagger Spray","Underhanded Strike","Underhanded Strike","Underhanded Strike","Doubt","Doubt","Doubt","Blur","Blur","Blur","Dark Shackles","Dark Shackles","Dark Shackles","Backstab","Backstab","Backstab","After Image+1","After Image","After Image","Backstab","Backstab","Backstab","Calculated Gamble+1","Calculated Gamble","Calculated Gamble","Doppelganger","Doppelganger","Doppelganger","Dagger Throw+1","Dagger Throw+1","Dagger Throw+1","Sucker Punch+1","Sucker Punch+1","Sucker Punch+1","Phantasmal Killer","Phantasmal Killer","Phantasmal Killer"],"max_hp_per_floor":[70,70,70,70,70,70,70,70,70,70,70,70,70,70,70,70,70,70,70,70,70,70,70,70,70,70,70,70,70,70,70,70,70,70,70,70,70,70,70,70,70,70,84,84,84,84,84,89,89,94],"relics":["Ring of the Snake","White Beast Statue","Thread and Needle","Pantograph","Bronze Scales","White Beast Statue","Red Mask","The Courier","Smiling Mask","Gremlin Horn","Lizard Tail","Shovel","Shuriken","Mango","Meat on the Bone","Letter Opener"],"card_choices":[{"not_picked":["Acrobatics","Dodge and Roll"],"picked":"Dagger Spray","floor":1},{"not_picked":["Choke","Deadly Poison"],"picked":"Underhanded Strike","floor":2},{"not_picked":["Dodge and Roll","Quick Slash"],"picked":"Blur","floor":7},{"not_picked":["Bullet Time","Glass Knife"],"picked":"After Image","floor":16},{"not_picked":["Cloak And Dagger","Slice"],"picked":"Backstab","floor":20},{"not_picked":["Bane","PiercingWail"],"picked":"Calculated Gamble","floor":24},{"not_picked":["Night Terror","Bullet Time"],"picked":"Doppelganger","floor":33},{"not_picked":["Flying Knee","Poisoned Stab"],"picked":"Dagger Throw","floor":35},{"not_picked":["Outmaneuver","Dodge and Roll"],"picked":"Sucker Punch","floor":38}],"player_experience":411343,"potions_floor_usage":[1,1,1,1,2,3,4,4,4,4,7,7,7,7,7,7,7,10,10,13,14,14,14,16,16,16,16,16,16,16,16,16,16,16,16,16,18,18,18,19,19,19,19,19,19,20,20,20,20,20,20,20,21,21,21,21,21,21,22,22,22,23,23,23,23,23,24,24,24,24,27,27,27,31,33,33,33,33,33,33,33,33,33,33,33,33,33,33,33,33,35,35,35,35,35,35,35,35,35,35,35,35,36,36,37,37,37,37,37,38,38,38,38,38,40,40,40,40,44,44,44,44,44,44,45,45,45,45,45,45,45,45,45,48,48,48,48,48,48,48,48,50,50,50,50,50,50,50,50,50,50,50,50,50],"damage_taken":[{"damage":7,"enemies":"2 Louse","floor":1,"turns":5},{"damage":2,"enemies":"Small Slimes","floor":2,"turns":3},{"damage":0,"enemies":"Cultist","floor":3,"turns":3},{"damage":11,"enemies":"Exordium Thugs","floor":4,"turns":2},{"damage":49,"enemies":"Lagavulin","floor":7,"turns":7},{"damage":0,"enemies":"Gremlin Gang","floor":10,"turns":1},{"damage":0,"enemies":"Looter","floor":13,"turns":1},{"damage":0,"enemies":"2 Fungi Beasts","floor":14,"turns":2},{"damage":27,"enemies":"Hexaghost","floor":16,"turns":15},{"damage":0,"enemies":"Shell Parasite","floor":18,"turns":4},{"damage":0,"enemies":"Masked Bandits","floor":19,"turns":4},{"damage":17,"enemies":"Chosen","floor":20,"turns":6},{"damage":0,"enemies":"Snecko","floor":21,"turns":5},{"damage":0,"enemies":"Centurion and Healer","floor":22,"turns":4},{"damage":1,"enemies":"3 Cultists","floor":23,"turns":6},{"damage":3,"enemies":"Cultist and Chosen","floor":24,"turns":6},{"damage":8,"enemies":"Book of Stabbing","floor":27,"turns":6},{"damage":0,"enemies":"Snake Plant","floor":31,"turns":1},{"damage":58,"enemies":"Automaton","floor":33,"turns":17},{"damage":20,"enemies":"Flame Bruiser 1 Orb","floor":35,"turns":9},{"damage":0,"enemies":"3 Shapes","floor":36,"turns":2},{"damage":0,"enemies":"Sphere and 2 Shapes","floor":37,"turns":7},{"damage":6,"enemies":"4 Shapes","floor":38,"turns":5},{"damage":9,"enemies":"2 Orb Walkers","floor":40,"turns":5},{"damage":24,"enemies":"3 Darklings","floor":44,"turns":5},{"damage":17,"enemies":"Maw","floor":45,"turns":10},{"damage":2,"enemies":"4 Shapes","floor":48,"turns":9},{"damage":112,"enemies":"Time Eater","floor":50,"turns":19}],"event_choices":[{"event_name":"Liars Game","player_choice":"agreed","floor":5,"damage_taken":0},{"event_name":"Masked Bandits","player_choice":"Fought over 176 gold","floor":19,"damage_taken":0},{"event_name":"The Lab","player_choice":"Got Potions","floor":29,"damage_taken":0},{"event_name":"The Woman in Blue","player_choice":"Bought 0 Potions","floor":39,"damage_taken":0},{"event_name":"Tomb of Lord Red Mask","player_choice":"Wore Mask","floor":42,"damage_taken":0}],"boss_relics":[{"not_picked":["Tiny House","Runic Dome"],"picked":"White Beast Statue"},{"not_picked":["Velvet Choker","Snecko Eye"],"picked":"Lizard Tail"}],"potions_floor_spawned":[1,2,3,4,7,10,13,14,16,18,19,20,21,22,23,24,27,31,33,35,36,37,38,40,44,45,48],"seed_played":"8049798504463620783","ascension_level":0,"is_trial":false}