{"gold_per_floor":[112,37,49,49,49,69,69,85,85,85,115,115,115,127,127,199,199,219,219,234,3,3,3,203,215,241,241,251,251,283,298,298,370,370,385,398,398,398,25,25,38,8,33,63,63,80,95,95,95,95,95],"floor_reached":52,"playtime":2212,"items_purged":["Injury","Pain","Anger"],"score":1805,"play_id":"2c005daf-0727-436b-a2cd-02cec30b83e3","local_time":"20181228015218","is_ascension_mode":true,"campfire_choices":[{"data":"Rampage","floor":7.0,"key":"SMITH"},{"data":"Inflame","floor":10.0,"key":"SMITH"},{"floor":12.0,"key":"REST"},{"data":"Clothesline","floor":15,"key":"SMITH"},{"floor":23,"key":"REST"},{"floor":27,"key":"REST"},{"floor":29,"key":"REST"},{"floor":32,"key":"REST"},{"data":"Demon Form","floor":40,"key":"SMITH"},{"data":"Thinking Ahead","floor":45,"key":"SMITH"},{"data":"Bash","floor":49,"key":"SMITH"}],"neow_cost":"CURSE","seed_source_timestamp":14898744486099,"circlet_count":0,"master_deck":["AscendersBane","Bash+1","Rampage+1","Inflame+1","Thunderclap","Clothesline+1","Sword Boomerang","Iron Wave","Demon Form+1","Shrug It Off","Thinking Ahead+1","RitualDagger","Evolve","Reaper","Entrench+1","Wild Strike","Shrug It Off+1","Seeing Red+1","Inflame+1","Evolve","Offering+1","Offering+1","Iron Wave","Havoc+1","Warcry+1","Battle Trance+1","Flame Barrier+1"],"special_seed":0,"relics":["Burning Blood","WarpedTongs","Oddly Smooth Stone","Odd Mushroom","The Courier","Busted Crown","Omamori","Toxic Egg 2","Pandora\u0027s Box","Paper Frog","Dream Catcher","Juzu Bracelet"],"potions_floor_usage":[16,16,30,30,33,51,51],"damage_taken":[{"damage":12.0,"enemies":"Cultist","floor":1.0,"turns":4.0},{"damage":10.0,"enemies":"Small Slimes","floor":3.0,"turns":4.0},{"damage":13.0,"enemies":"Jaw Worm","floor":6.0,"turns":5.0},{"damage":27.0,"enemies":"Exordium Thugs","floor":8.0,"turns":4.0},{"damage":19.0,"enemies":"The Mushroom Lair","floor":11.0,"turns":4.0},{"damage":8.0,"enemies":"3 Louse","floor":14.0,"turns":3.0},{"damage":30,"enemies":"Hexaghost","floor":16,"turns":7},{"damage":28,"enemies":"Shell Parasite","floor":18,"turns":4},{"damage":33,"enemies":"2 Thieves","floor":20,"turns":5},{"damage":28,"enemies":"Snake Plant","floor":25,"turns":5},{"damage":30,"enemies":"Shelled Parasite and Fungi","floor":28,"turns":6},{"damage":43,"enemies":"Slavers","floor":30,"turns":5},{"damage":11,"enemies":"Centurion and Healer","floor":31,"turns":5},{"damage":27,"enemies":"Champ","floor":33,"turns":10},{"damage":18,"enemies":"3 Shapes","floor":35,"turns":3},{"damage":24,"enemies":"3 Darklings","floor":36,"turns":3},{"damage":12,"enemies":"Spire Growth","floor":41,"turns":3},{"damage":9,"enemies":"Giant Head","floor":44,"turns":6},{"damage":13,"enemies":"Writhing Mass","floor":46,"turns":4},{"damage":12,"enemies":"3 Darklings","floor":47,"turns":4},{"damage":57,"enemies":"Donu and Deca","floor":50,"turns":7},{"damage":80,"enemies":"Time Eater","floor":51,"turns":6}],"seed_played":"-6482731030164045658","potions_obtained":[{"floor":3.0,"key":"Ancient Potion"},{"floor":6.0,"key":"LiquidBronze"},{"floor":11.0,"key":"Energy Potion"},{"floor":25,"key":"LiquidBronze"},{"floor":28,"key":"Explosive Potion"},{"floor":30,"key":"Energy Potion"},{"floor":35,"key":"Dexterity Potion"},{"floor":47,"key":"GamblersBrew"}],"is_trial":false,"path_per_floor":["M","$","M","$","?","M","R","M","T","R","?","R","T","M","B",null,"M","?","M","$","?","R","?","M","T","R","M","R","E","M","R","B",null,"M","M","?","?","$","R","M","$","T","E","R","M","M","?","R","B","B",null],"character_chosen":"IRONCLAD","items_purchased":["Thinking Ahead","Havoc+1","Paper Frog","Battle Trance+1"],"campfire_rested":5,"item_purchase_floors":[21,39,39,42],"current_hp_per_floor":[76,76,72,72,72,65,65,44,44,44,31,57,57,55,55,31,75,53,53,26,26,20,46,46,24,24,50,26,52,15,10,36,15,71,66,74,74,89,89,89,89,89,89,89,89,82,89,89,89,89,34],"gold":95,"neow_bonus":"TWENTY_PERCENT_HP_BONUS","is_prod":false,"is_daily":false,"chose_seed":false,"campfire_upgraded":6,"win_rate":0,"timestamp":1545958338,"path_taken":["M","$","M","?","?","M","R","?","T","R","?","R","?","?","R","BOSS","M","?","M","$","?","R","?","?","T","R","M","R","E","M","R","BOSS","M","?","?","?","$","R","M","?","T","E","R","M","M","?","R","BOSS","BOSS"],"build_version":"2018-12-25","purchased_purges":3,"victory":true,"max_hp_per_floor":[89,89,89,89,89,89,89,89,89,89,89,89,89,89,89,89,89,89,89,89,89,89,89,89,89,89,89,89,89,89,89,89,89,89,89,89,89,89,89,89,89,89,89,89,89,89,89,89,89,89,89],"card_choices":[{"not_picked":["True Grit","Wild Strike"],"picked":"Rampage","floor":1.0},{"not_picked":["Pummel","Shrug It Off"],"picked":"Inflame","floor":3.0},{"not_picked":["Rampage","Body Slam"],"picked":"Thunderclap","floor":6.0},{"not_picked":["Dual Wield","Perfected Strike"],"picked":"Clothesline","floor":8.0},{"not_picked":["Infernal Blade","Clothesline"],"picked":"Sword Boomerang","floor":11.0},{"not_picked":["Anger","Reckless Charge"],"picked":"Iron Wave","floor":14.0},{"not_picked":["Exhume","Brutality"],"picked":"Demon Form","floor":16},{"not_picked":["Thunderclap"],"picked":"SKIP","floor":18},{"not_picked":["Rupture"],"picked":"SKIP","floor":20},{"not_picked":["Cleave"],"picked":"SKIP","floor":25},{"not_picked":["Heavy Blade"],"picked":"SKIP","floor":28},{"not_picked":["Clash"],"picked":"SKIP","floor":30},{"not_picked":[],"picked":"Evolve","floor":31},{"not_picked":[],"picked":"Reaper","floor":33},{"not_picked":[],"picked":"Iron Wave","floor":35},{"not_picked":["Anger"],"picked":"SKIP","floor":36},{"not_picked":[],"picked":"Warcry+1","floor":41},{"not_picked":[],"picked":"Flame Barrier+1","floor":44},{"not_picked":["Carnage"],"picked":"SKIP","floor":46},{"not_picked":["Anger"],"picked":"SKIP","floor":47}],"player_experience":871139,"relics_obtained":[{"floor":9.0,"key":"Oddly Smooth Stone"},{"floor":11.0,"key":"Odd Mushroom"},{"floor":13.0,"key":"The Courier"},{"floor":26,"key":"Omamori"},{"floor":30,"key":"Toxic Egg 2"},{"floor":43,"key":"Dream Catcher"},{"floor":44,"key":"Juzu Bracelet"}],"event_choices":[{"damage_healed":0.0,"max_hp_gain":0.0,"max_hp_loss":0.0,"gold_gain":0.0,"event_name":"Accursed Blacksmith","player_choice":"Rummage","floor":5.0,"gold_loss":0.0,"damage_taken":0.0,"relics_obtained":["WarpedTongs"],"cards_obtained":["Pain"]},{"damage_healed":0.0,"max_hp_gain":0.0,"max_hp_loss":0.0,"gold_gain":0.0,"event_name":"Mushrooms","player_choice":"Fought Mushrooms","floor":11.0,"gold_loss":0.0,"damage_taken":0.0},{"damage_healed":0,"gold_gain":0,"player_choice":"Read","damage_taken":0,"max_hp_gain":0,"max_hp_loss":0,"event_name":"The Library","floor":19,"gold_loss":0,"cards_obtained":["Shrug It Off"]},{"damage_healed":0,"gold_gain":0,"player_choice":"Joined the Cult","damage_taken":6,"max_hp_gain":0,"max_hp_loss":0,"event_name":"Nest","floor":22,"gold_loss":0,"cards_obtained":["RitualDagger"]},{"damage_healed":0,"gold_gain":200,"player_choice":"Gold","damage_taken":0,"max_hp_gain":0,"max_hp_loss":0,"event_name":"Wheel of Change","floor":24,"gold_loss":0},{"damage_healed":0,"gold_gain":0,"player_choice":"Ignored","damage_taken":0,"max_hp_gain":0,"max_hp_loss":0,"event_name":"Tomb of Lord Red Mask","floor":37,"gold_loss":0},{"damage_healed":18,"gold_gain":0,"player_choice":"Writhe","damage_taken":0,"max_hp_gain":0,"max_hp_loss":0,"event_name":"Winding Halls","floor":38,"gold_loss":0,"cards_obtained":["Writhe"]},{"damage_healed":0,"gold_gain":0,"player_choice":"Upgraded","damage_taken":0,"max_hp_gain":0,"max_hp_loss":0,"event_name":"Upgrade Shrine","floor":48,"gold_loss":0,"cards_upgraded":["Inflame"]}],"is_beta":true,"boss_relics":[{"not_picked":["Ectoplasm","Lizard Tail"],"picked":"Busted Crown"},{"not_picked":["Orrery","Black Blood"],"picked":"Pandora\u0027s Box"}],"items_purged_floors":[2,21,39],"is_endless":false,"potions_floor_spawned":[3,6,11,25,28,30,35,47],"ascension_level":20}