{"path_per_floor":["M","M","M","$","?","E","R","M","T","R","M","R","?","T","R","B",null,"M","M","?","T","$","R","M","R","T","M","?","?","R","?","R","B",null,"M","M","?","M","?","$","R"],"character_chosen":"DEFECT","items_purchased":["Doom and Gloom","Steam","Omamori","Jack Of All Trades","Seek"],"gold_per_floor":[113,126,138,15,15,44,44,54,54,54,70,70,70,70,70,168,168,181,191,191,217,23,23,40,40,40,51,51,51,51,51,51,152,152,164,183,183,200,200,41,41,41],"floor_reached":42,"campfire_rested":3,"playtime":1993,"item_purchase_floors":[4,4,22,40,40],"current_hp_per_floor":[64,56,56,56,56,56,62,47,47,75,69,75,75,75,75,10,75,75,57,57,57,57,63,47,55,55,42,42,28,60,60,68,23,80,61,42,42,22,22,22,56,0],"items_purged":["Normality"],"gold":41,"score":440,"play_id":"ea3d49f7-9875-4592-971e-7d89d0422fc6","local_time":"20180521063420","is_prod":false,"is_daily":false,"chose_seed":false,"is_ascension_mode":true,"campfire_upgraded":6,"timestamp":1526893460,"campfire_choices":[{"data":"Skim","floor":7,"key":"SMITH"},{"floor":10,"key":"REST"},{"data":"Double Energy","floor":12,"key":"SMITH"},{"data":"Stack","floor":15,"key":"SMITH"},{"data":"Hyperbeam","floor":23,"key":"SMITH"},{"data":"White Noise","floor":25,"key":"SMITH"},{"floor":30,"key":"REST"},{"data":"Steam","floor":32,"key":"SMITH"},{"floor":41,"key":"REST"}],"path_taken":["M","M","M","$","?","E","R","M","T","R","M","R","?","?","R","BOSS","M","M","?","?","$","R","M","R","T","M","?","?","R","?","R","BOSS","M","M","?","M","?","$","R","E"],"build_version":"2018-05-18","seed_source_timestamp":441326464399358,"purchased_purges":1,"victory":false,"master_deck":["Strike_B","Strike_B","Strike_B","Defend_B","Defend_B","Defend_B","Defend_B","Zap+1","Dualcast","Stack+1","Skim+1","Rebound","Doom and Gloom","Steam+1","Double Energy+1","Hyperbeam+1","Tempest","Ball Lightning+1","White Noise+1","Scrape","Leap","Multi-Cast","Steam+1","Leap+1","Hyperbeam","Bandage Up","Jack Of All Trades","Seek"],"max_hp_per_floor":[75,75,75,75,75,75,75,75,75,75,75,75,75,75,75,75,75,75,75,75,75,75,75,75,75,75,75,75,80,80,80,80,80,80,80,80,80,80,80,80,80,80],"relics":["Eternal Feather","DataDisk","Juzu Bracelet","Cursed Key","Bag of Marbles","Omamori","Torii","Nloth\u0027s Gift","Inserter"],"card_choices":[{"not_picked":["Axe Kick","Heatsinks"],"picked":"Stack","floor":1},{"not_picked":["Undo","Recycle"],"picked":"Skim","floor":2},{"not_picked":["Reprogram","FTL"],"picked":"Rebound","floor":3},{"not_picked":["Streamline","Stack"],"picked":"Double Energy","floor":6},{"not_picked":["Glacier","Streamline"],"picked":"Go for the Eyes","floor":8},{"not_picked":["Sweeping Beam","Reprogram","Cold Snap"],"picked":"SKIP","floor":11},{"not_picked":["Thunder Strike","Echo Form"],"picked":"Hyperbeam","floor":16},{"not_picked":["Gash","Go for the Eyes"],"picked":"Tempest","floor":18},{"not_picked":["Steam","Defragment"],"picked":"Ball Lightning+1","floor":19},{"not_picked":["Lockon","Stack"],"picked":"White Noise","floor":24},{"not_picked":["Sweeping Beam","Force Field"],"picked":"Scrape","floor":27},{"not_picked":["Hyperbeam","Nova"],"picked":"Multi-Cast","floor":33},{"not_picked":["Skim","Genetic Algorithm"],"picked":"Steam+1","floor":35},{"not_picked":["Cold Snap","Beam Cell"],"picked":"Leap+1","floor":36},{"not_picked":["Beam Cell+1","Cold Snap+1"],"picked":"Hyperbeam","floor":38},{"not_picked":["Flash of Steel","Blind"],"picked":"Bandage Up","floor":39}],"player_experience":448045,"potions_floor_usage":[8,16,16,33],"damage_taken":[{"damage":11,"enemies":"Jaw Worm","floor":1,"turns":4},{"damage":8,"enemies":"Cultist","floor":2,"turns":5},{"damage":0,"enemies":"Small Slimes","floor":3,"turns":3},{"damage":0,"enemies":"3 Sentries","floor":6,"turns":6},{"damage":15,"enemies":"2 Fungi Beasts","floor":8,"turns":4},{"damage":6,"enemies":"Red Slaver","floor":11,"turns":4},{"damage":65,"enemies":"Hexaghost","floor":16,"turns":10},{"damage":0,"enemies":"Spheric Guardian","floor":18,"turns":3},{"damage":18,"enemies":"2 Thieves","floor":19,"turns":5},{"damage":16,"enemies":"Chosen and Byrds","floor":24,"turns":4},{"damage":20,"enemies":"Centurion and Healer","floor":27,"turns":7},{"damage":45,"enemies":"Champ","floor":33,"turns":14},{"damage":19,"enemies":"Orb Walker","floor":35,"turns":4},{"damage":19,"enemies":"Flame Bruiser 1 Orb","floor":36,"turns":8},{"damage":20,"enemies":"Sphere and 2 Shapes","floor":38,"turns":4},{"damage":77,"enemies":"Giant Head","floor":42,"turns":9}],"relics_obtained":[{"floor":6,"key":"DataDisk"},{"floor":9,"key":"Smiling Mask"},{"floor":14,"key":"Juzu Bracelet"},{"floor":21,"key":"Bag of Marbles"},{"floor":26,"key":"Torii"}],"event_choices":[{"event_name":"Upgrade Shrine","player_choice":"Upgraded","floor":5,"damage_taken":0},{"event_name":"Bonfire Elementals","player_choice":"COMMON","floor":13,"damage_taken":0},{"event_name":"Vampires","player_choice":"Ignored","floor":20,"damage_taken":0},{"event_name":"N\u0027loth","player_choice":"Traded a Smiling Mask","floor":28,"damage_taken":0},{"event_name":"Forgotten Altar","player_choice":"Shed Blood","floor":29,"damage_taken":0},{"event_name":"The Library","player_choice":"Read","floor":31,"damage_taken":0},{"event_name":"SensoryStone","player_choice":"Memory 1","floor":39,"damage_taken":0}],"boss_relics":[{"not_picked":["Velvet Choker","Tiny House"],"picked":"Cursed Key"},{"not_picked":["Orrery","Black Star"],"picked":"Inserter"}],"items_purged_floors":[22],"potions_floor_spawned":[3,8,11,27],"seed_played":"-7602049267181172757","killed_by":"Giant Head","ascension_level":1,"potions_obtained":[{"floor":3,"key":"SneckoOil"},{"floor":8,"key":"Swift Potion"},{"floor":11,"key":"LiquidBronze"},{"floor":27,"key":"SkillPotion"}],"is_trial":false}