{"gold_per_floor":[119,132,145,161,173,173,199,199,199,199,234,253,177,194,194,194],"floor_reached":16,"playtime":803,"items_purged":[],"score":114,"play_id":"96caaad2-3487-44f2-9ca2-db38146fd049","local_time":"20190122051607","is_ascension_mode":false,"campfire_choices":[{"floor":6,"key":"REST"},{"floor":8,"key":"REST"},{"data":"Pommel Strike","floor":10,"key":"SMITH"},{"floor":15,"key":"REST"}],"neow_cost":"NONE","seed_source_timestamp":379698507860257,"circlet_count":0,"master_deck":["Strike_R","Strike_R","Strike_R","Strike_R","Strike_R","Defend_R","Defend_R","Defend_R","Defend_R","Bash+1","Cleave","Pommel Strike+1","True Grit","Brutality","Feel No Pain","Whirlwind","Burning Pact","Rage"],"relics":["Burning Blood","Meat on the Bone","Du-Vu Doll","Ginger"],"potions_floor_usage":[7,14,14,16],"damage_taken":[{"damage":10,"enemies":"Cultist","floor":1,"turns":4},{"damage":0,"enemies":"Small Slimes","floor":2,"turns":3},{"damage":0,"enemies":"2 Louse","floor":3,"turns":2},{"damage":24,"enemies":"Gremlin Gang","floor":4,"turns":4},{"damage":28,"enemies":"Large Slime","floor":5,"turns":5},{"damage":28,"enemies":"Gremlin Nob","floor":7,"turns":4},{"damage":51,"enemies":"3 Sentries","floor":11,"turns":11},{"damage":12,"enemies":"2 Fungi Beasts","floor":12,"turns":4},{"damage":9,"enemies":"Red Slaver","floor":14,"turns":5},{"damage":95,"enemies":"The Guardian","floor":16,"turns":12}],"seed_played":"8287007775400992088","potions_obtained":[{"floor":5,"key":"Regen Potion"},{"floor":7,"key":"GamblersBrew"},{"floor":12,"key":"SkillPotion"},{"floor":14,"key":"LiquidBronze"}],"is_trial":false,"path_per_floor":["M"],"character_chosen":"IRONCLAD","items_purchased":["Burning Pact"],"campfire_rested":3,"item_purchase_floors":[13],"current_hp_per_floor":[76,80,80,62,40,64,54,78,78,78,45,51,51,48,72,0],"gold":194,"neow_bonus":"UPGRADE_CARD","is_prod":false,"is_daily":false,"chose_seed":false,"campfire_upgraded":1,"win_rate":0,"timestamp":1548146767,"path_taken":["M","M","M","?","M","R","E","R","T","R","E","M","$","M","R","BOSS"],"build_version":"2019-01-20","purchased_purges":0,"victory":false,"max_hp_per_floor":[80,80,80,80,80,80,80,80,80,80,80,80,80,80,80,80],"card_choices":[{"not_picked":["Perfected Strike","Havoc"],"picked":"Cleave","floor":1},{"not_picked":["Iron Wave","Sever Soul"],"picked":"Pommel Strike","floor":2},{"not_picked":["Iron Wave","Headbutt"],"picked":"True Grit","floor":3},{"not_picked":["Ghostly Armor","Carnage","Reckless Charge"],"picked":"SKIP","floor":4},{"not_picked":["True Grit","Perfected Strike","Headbutt"],"picked":"SKIP","floor":5},{"not_picked":["Ghostly Armor","Flex"],"picked":"Brutality","floor":7},{"not_picked":["Perfected Strike","Battle Trance"],"picked":"Feel No Pain","floor":11},{"not_picked":["Feel No Pain","Headbutt"],"picked":"Whirlwind","floor":12},{"not_picked":["Intimidate","Shrug It Off"],"picked":"Rage","floor":14}],"player_experience":598296,"relics_obtained":[{"floor":7,"key":"Meat on the Bone"},{"floor":9,"key":"Du-Vu Doll"},{"floor":11,"key":"Ginger"}],"event_choices":[],"is_beta":true,"boss_relics":[],"items_purged_floors":[],"is_endless":false,"potions_floor_spawned":[5,7,12,14],"killed_by":"The Guardian","ascension_level":0}