{"path_per_floor":["M","T","?","?","$","M","R","E","T","$","$","M","M","M","R","B",null,"M","?","M","$","M","R","E","M","T","R","$","E","?","?","R"],"character_chosen":"DEFECT","items_purchased":["Melter","Streamline","Regen Potion","Meat on the Bone","Undo"],"gold_per_floor":[110,133,133,133,12,27,27,56,81,81,33,52,67,84,84,187,187,200,290,304,65,85,85,113,124,124,124,51,84,84,84,84,84],"floor_reached":33,"campfire_rested":4,"playtime":1826,"current_hp_per_floor":[70,70,70,63,63,64,64,36,36,36,36,49,49,41,63,14,75,75,59,61,61,26,48,21,54,54,75,75,55,55,55,75,0],"items_purged":[],"gold":84,"score":283,"play_id":"ae21d6f6-6cb0-4a0e-9576-215b5ed823de","local_time":"20180428054251","is_prod":false,"is_daily":false,"chose_seed":false,"is_ascension_mode":false,"campfire_upgraded":1,"timestamp":1524903171,"path_taken":["M","?","?","?","$","M","R","E","T","?","$","M","M","?","R","BOSS","M","?","M","$","M","R","E","M","T","R","$","E","?","?","R","BOSS"],"build_version":"2018-04-27v3","seed_source_timestamp":265157663118409,"purchased_purges":0,"victory":false,"master_deck":["Strike_B","Strike_B","Strike_B","Strike_B","Defend_B","Defend_B","Defend_B","Defend_B","Zap","Dualcast","Prime","Self Repair","Melter","Streamline+1","Doom and Gloom","Creative AI","Reboot","Static Discharge+1","Coolheaded","Glacier+1","Undo"],"max_hp_per_floor":[75,75,75,75,75,75,75,75,75,75,75,75,75,75,75,75,75,75,75,75,75,75,75,75,75,75,75,75,75,75,75,75,75],"relics":["Cracked Core","Bag of Marbles","Omamori","Vajra","Lantern","Lizard Tail","Meat on the Bone","Happy Flower","Mummified Hand","Kunai"],"card_choices":[{"not_picked":["Capacitor","Axe Kick"],"picked":"Self Repair","floor":1},{"not_picked":["Blaster","Cold Snap"],"picked":"Doom and Gloom","floor":6},{"not_picked":["Stack","Sweeping Beam"],"picked":"Creative AI","floor":8},{"not_picked":["Fusion","Creative AI"],"picked":"Reboot","floor":16},{"not_picked":["Defragment","Streamline"],"picked":"Static Discharge","floor":18},{"not_picked":["Hologram","Barrage"],"picked":"Coolheaded","floor":20},{"not_picked":["Capacitor","Static Discharge"],"picked":"Glacier","floor":22}],"player_experience":377579,"potions_floor_usage":[12,16,16,22,33],"damage_taken":[{"damage":5,"enemies":"Cultist","floor":1,"turns":4},{"damage":6,"enemies":"2 Louse","floor":6,"turns":2},{"damage":35,"enemies":"3 Sentries","floor":8,"turns":5},{"damage":0,"enemies":"Small Slimes","floor":12,"turns":3},{"damage":0,"enemies":"3 Louse","floor":13,"turns":1},{"damage":8,"enemies":"Large Slime","floor":14,"turns":5},{"damage":56,"enemies":"Hexaghost","floor":16,"turns":11},{"damage":0,"enemies":"Spheric Guardian","floor":18,"turns":2},{"damage":5,"enemies":"3 Byrds","floor":20,"turns":3},{"damage":54,"enemies":"Centurion and Healer","floor":22,"turns":9},{"damage":46,"enemies":"Book of Stabbing","floor":24,"turns":7},{"damage":29,"enemies":"Snake Plant","floor":25,"turns":6},{"damage":46,"enemies":"Slavers","floor":29,"turns":5},{"damage":95,"enemies":"Collector","floor":33,"turns":9}],"event_choices":[{"event_name":"Accursed Blacksmith","player_choice":"Rummage","floor":3,"damage_taken":0},{"event_name":"Golden Wing","player_choice":"Card Removal","floor":4,"damage_taken":0},{"event_name":"Knowing Skull","player_choice":"GOLD ","floor":19,"damage_taken":0},{"event_name":"Drug Dealer","player_choice":"Ignored","floor":30,"damage_taken":0},{"event_name":"Vampires","player_choice":"Ignored","floor":31,"damage_taken":0}],"boss_relics":[{"not_picked":["Eternal Feather","Tiny House"],"picked":"Lizard Tail"}],"potions_floor_spawned":[8,14,20,29],"seed_played":"1904176887297047868","killed_by":"Collector","ascension_level":0,"is_trial":false}