{"gold_per_floor":[110,120,120,138,138,138,164,164,244,244,171,171,181,212,212,311,311,322,339,58,78,88,88,188,199,268,6,22,22,22,48,48,48],"floor_reached":33,"playtime":2767,"items_purged":[],"score":255,"play_id":"5be99f85-e3be-4b35-b68e-396053530d0c","local_time":"20190126012218","is_ascension_mode":false,"campfire_choices":[{"data":"Madness","floor":6,"key":"SMITH"},{"data":"Dagger Spray","floor":8,"key":"SMITH"},{"data":"Survivor","floor":10,"key":"SMITH"},{"floor":12,"key":"RECALL"},{"floor":15,"key":"REST"},{"floor":23,"key":"REST"},{"floor":30,"key":"REST"},{"data":"Mind Blast","floor":32,"key":"SMITH"}],"neow_cost":"NONE","seed_source_timestamp":107695406367121,"circlet_count":0,"master_deck":["Defend_G","Defend_G","Defend_G","Defend_G","Defend_G","Strike_G","Strike_G","Strike_G","Strike_G","Strike_G","Survivor+1","Neutralize","Madness+1","Dagger Throw","Backflip+1","Dagger Spray+1","Blur","Burst","Leg Sweep","After Image","Poisoned Stab+1","Quick Slash+1","PiercingWail","Calculated Gamble","Poisoned Stab","Bane","Mind Blast+1","Dagger Spray+1","Bane"],"relics":["Ring of the Snake","PreservedInsect","Boot","Tiny Chest","Oddly Smooth Stone","Eternal Feather","Tough Bandages","Ornamental Fan","Meat on the Bone","Pear"],"potions_floor_usage":[7,14,18,19,22,25],"damage_taken":[{"damage":2,"enemies":"Small Slimes","floor":1,"turns":4},{"damage":0,"enemies":"2 Louse","floor":2,"turns":2},{"damage":3,"enemies":"Jaw Worm","floor":4,"turns":4},{"damage":7,"enemies":"3 Sentries","floor":7,"turns":9},{"damage":0,"enemies":"Exordium Wildlife","floor":13,"turns":2},{"damage":20,"enemies":"Lagavulin","floor":14,"turns":8},{"damage":28,"enemies":"The Guardian","floor":16,"turns":30},{"damage":2,"enemies":"Chosen","floor":18,"turns":7},{"damage":16,"enemies":"Spheric Guardian","floor":19,"turns":6},{"damage":14,"enemies":"3 Cultists","floor":21,"turns":5},{"damage":3,"enemies":"Snake Plant","floor":22,"turns":4},{"damage":9,"enemies":"Colosseum Slavers","floor":24,"turns":6},{"damage":29,"enemies":"Colosseum Nobs","floor":24,"turns":5},{"damage":28,"enemies":"Sentry and Sphere","floor":25,"turns":10},{"damage":6,"enemies":"Centurion and Healer","floor":28,"turns":11},{"damage":74,"enemies":"Automaton","floor":33,"turns":10}],"seed_played":"-3500932672003178432","potions_obtained":[{"floor":4,"key":"Regen Potion"},{"floor":7,"key":"Dexterity Potion"},{"floor":16,"key":"Poison Potion"},{"floor":18,"key":"LiquidBronze"},{"floor":21,"key":"FearPotion"},{"floor":24,"key":"SkillPotion"}],"is_trial":false,"path_per_floor":["M","M","?","M","?","R","E","R","T","R","$","R","M","E","R","B",null,"M","M","$","M","M","R","?","M","T","$","M","$","R","T","R","B"],"character_chosen":"THE_SILENT","items_purchased":["Blur","PiercingWail","Calculated Gamble","Poisoned Stab","Bane","Mind Blast","Pear"],"campfire_rested":3,"item_purchase_floors":[11,20,20,20,20,20,27],"current_hp_per_floor":[68,68,61,58,58,58,66,66,66,66,66,66,66,46,67,39,70,68,52,52,38,35,70,32,4,4,14,20,20,59,59,74,0],"gold":48,"neow_bonus":"RANDOM_COLORLESS","is_prod":false,"is_daily":false,"chose_seed":false,"campfire_upgraded":4,"win_rate":0,"timestamp":1548478338,"path_taken":["M","M","?","M","?","R","E","R","T","R","$","R","M","E","R","BOSS","M","M","$","M","M","R","?","M","T","$","M","$","R","?","R","BOSS"],"build_version":"2019-01-23","purchased_purges":0,"victory":false,"max_hp_per_floor":[70,70,70,70,70,70,70,70,70,70,70,70,70,70,70,70,70,70,70,70,70,70,70,70,70,70,80,80,80,80,80,80,80],"card_choices":[{"not_picked":["Prepared","Finisher"],"picked":"Dagger Throw","floor":1},{"not_picked":["Eviscerate","Prepared","Deflect"],"picked":"SKIP","floor":2},{"not_picked":["Catalyst","Outmaneuver"],"picked":"Backflip","floor":4},{"not_picked":["Dodge and Roll","Quick Slash"],"picked":"Dagger Spray","floor":7},{"not_picked":["Dodge and Roll","Accuracy"],"picked":"Burst","floor":13},{"not_picked":["Blade Dance","Deadly Poison"],"picked":"Leg Sweep","floor":14},{"not_picked":["Tools of the Trade","Malaise"],"picked":"After Image","floor":16},{"not_picked":["Deadly Poison+1","Cloak And Dagger"],"picked":"Poisoned Stab+1","floor":18},{"not_picked":["Blur","Finisher"],"picked":"Quick Slash+1","floor":19},{"not_picked":["Dagger Spray","Flying Knee","Dodge and Roll"],"picked":"SKIP","floor":21},{"not_picked":["Dash","Setup"],"picked":"Dagger Spray+1","floor":22},{"not_picked":["Acrobatics","Outmaneuver","Terror"],"picked":"SKIP","floor":25},{"not_picked":["Riddle With Holes+1","Slice"],"picked":"Bane","floor":28}],"player_experience":605972,"relics_obtained":[{"floor":7,"key":"Boot"},{"floor":9,"key":"Tiny Chest"},{"floor":14,"key":"Oddly Smooth Stone"},{"floor":24,"key":"Tough Bandages"},{"floor":24,"key":"Ornamental Fan"},{"floor":26,"key":"Meat on the Bone"}],"event_choices":[{"damage_healed":0,"gold_gain":0,"player_choice":"Success","damage_taken":7,"relics_obtained":["PreservedInsect"],"max_hp_gain":0,"max_hp_loss":0,"event_name":"Scrap Ooze","floor":3,"gold_loss":0},{"damage_healed":0,"gold_gain":0,"player_choice":"Grow","damage_taken":0,"max_hp_gain":0,"max_hp_loss":0,"event_name":"Living Wall","floor":5,"gold_loss":0,"cards_upgraded":["Backflip"]},{"damage_healed":0,"gold_gain":0,"player_choice":"Fight","damage_taken":0,"max_hp_gain":0,"max_hp_loss":0,"event_name":"Colosseum","floor":24,"gold_loss":0},{"damage_healed":0,"gold_gain":0,"player_choice":"Fought Nobs","damage_taken":0,"max_hp_gain":0,"max_hp_loss":0,"event_name":"Colosseum","floor":24,"gold_loss":0}],"is_beta":true,"boss_relics":[{"not_picked":["Pandora\u0027s Box","Ectoplasm"],"picked":"Eternal Feather"}],"items_purged_floors":[],"is_endless":false,"potions_floor_spawned":[4,7,16,18,21,24],"killed_by":"Automaton","ascension_level":0}