{"path_per_floor":["M","?","?","?","M","R","M","R","T","M","M","M","$","$","R","B",null,"M","?","M","M","?","R","M","R","T","M","$","T","M","$","R","B",null,"M","M","?","M","?","?","M","M","T","?","M","M","$","?","R","B"],"character_chosen":"IRONCLAD","items_purchased":["Bronze Scales"],"gold_per_floor":[114,114,114,114,129,129,144,144,144,159,174,189,39,39,39,139,139,154,154,169,184,154,154,169,169,169,184,109,109,124,24,24,124,124,139,154,154,169,169,169,184,199,199,199,214,229,104,104,104,104],"floor_reached":51,"campfire_rested":2,"playtime":1973,"current_hp_per_floor":[80,80,86,69,68,68,66,66,72,71,68,67,67,67,92,85,98,96,96,94,83,83,83,92,92,102,100,100,100,99,99,99,70,114,110,109,109,106,106,112,111,100,106,106,103,102,102,102,123,98],"items_purged":["Pain","Rupture","Parasite"],"gold":104,"score":843,"play_id":"18381866-6f9a-4377-86d1-1da9b3095034","local_time":"20180313232548","daily_mods":["Diverse","Cursed Run","Vintage"],"is_prod":false,"is_daily":true,"is_ascension_mode":false,"campfire_upgraded":1,"timestamp":1520992548,"path_taken":["M","?","?","?","M","R","M","R","T","M","M","M","?","$","R","BOSS","M","?","M","M","?","R","?","R","T","M","$","?","M","$","R","BOSS","M","M","?","M","?","?","?","M","T","?","M","M","$","?","R","BOSS"],"build_version":"2018-03-09","purchased_purges":3,"victory":true,"master_deck":["Strike_R+1","Strike_R","Strike_R+1","Defend_R+1","Defend_R+1","Defend_R+1","Bash+1","Poisoned Stab+1","Blur+1","Impervious+1","Immolate+1","Evolve+1","Pommel Strike+1","Flame Barrier+1","Writhe","Exhume+1","Clumsy","Anger+1","Regret"],"max_hp_per_floor":[80,80,86,86,86,86,86,86,92,92,92,92,92,92,92,98,98,98,98,98,98,98,98,98,98,108,108,108,108,108,108,108,114,114,114,114,114,114,114,120,120,120,126,126,126,126,123,123,123,129],"relics":["Cursed Key","Darkstone Periapt","Du-Vu Doll","Toxic Egg 2","Oddly Smooth Stone","Champion Belt","Shovel","Blue Candle","Anchor","Prayer Wheel","Toolbox","Kunai","Bronze Scales","Mercury Hourglass","Astrolabe","Girya","Pen Nib","Omamori","Meat on the Bone","Pear","Bottled Tornado","Charon\u0027s Ashes","War Paint","Thread and Needle","Black Star","Sundial","Vajra","Matryoshka","Ice Cream","Shuriken","Whetstone","Gambling Chip","Juzu Bracelet","Dead Branch"],"card_choices":[{"not_picked":["Offering","Barricade"],"picked":"Impervious"},{"not_picked":["Shrug It Off","Sword Boomerang"],"picked":"Pommel Strike"},{"not_picked":["Rupture","Searing Blow"],"picked":"Flame Barrier"},{"not_picked":["Dark Embrace","Juggernaut"],"picked":"Exhume"},{"not_picked":["Flex","Body Slam"],"picked":"Anger"}],"player_experience":181005,"potions_floor_usage":[11,16,16,21,24,27,33,42,50,50],"damage_taken":[{"damage":0,"enemies":"2 Louse","floor":1,"turns":2},{"damage":1,"enemies":"Small Slimes","floor":5,"turns":3},{"damage":2,"enemies":"Jaw Worm","floor":7,"turns":2},{"damage":1,"enemies":"Looter","floor":10,"turns":3},{"damage":3,"enemies":"Large Slime","floor":11,"turns":6},{"damage":1,"enemies":"Blue Slaver","floor":12,"turns":3},{"damage":13,"enemies":"Slime Boss","floor":16,"turns":10},{"damage":2,"enemies":"3 Byrds","floor":18,"turns":4},{"damage":2,"enemies":"Spheric Guardian","floor":20,"turns":4},{"damage":11,"enemies":"Centurion and Healer","floor":21,"turns":4},{"damage":3,"enemies":"Sentry and Sphere","floor":24,"turns":5},{"damage":2,"enemies":"Snecko","floor":27,"turns":2},{"damage":1,"enemies":"Snake Plant","floor":30,"turns":2},{"damage":35,"enemies":"Automaton","floor":33,"turns":9},{"damage":4,"enemies":"Orb Walker","floor":35,"turns":3},{"damage":1,"enemies":"3 Shapes","floor":36,"turns":2},{"damage":3,"enemies":"3 Darklings","floor":38,"turns":2},{"damage":1,"enemies":"Maw","floor":41,"turns":5},{"damage":11,"enemies":"4 Shapes","floor":42,"turns":3},{"damage":3,"enemies":"3 Darklings","floor":45,"turns":3},{"damage":1,"enemies":"Sphere and 2 Shapes","floor":46,"turns":3},{"damage":40,"enemies":"Awakened One","floor":50,"turns":9}],"event_choices":[{"event_name":"The Cleric","player_choice":"Leave","floor":2,"damage_taken":0},{"event_name":"Big Fish","player_choice":"Box","floor":3,"damage_taken":0},{"event_name":"Shining Light","player_choice":"Entered Light","floor":4,"damage_taken":0},{"event_name":"Vampires","player_choice":"Ignored","floor":19,"damage_taken":0},{"event_name":"The Woman in Blue","player_choice":"Bought 2 Potions","floor":22,"damage_taken":0},{"event_name":"Fountain of Cleansing","player_choice":"Ignored","floor":37,"damage_taken":0},{"event_name":"Purifier","player_choice":"One Purge","floor":39,"damage_taken":0},{"event_name":"Transmorgrifier","player_choice":"Transform","floor":40,"damage_taken":0},{"event_name":"Upgrade Shrine","player_choice":"Upgraded","floor":44,"damage_taken":0},{"event_name":"Mysterious Sphere","player_choice":"Ignore","floor":48,"damage_taken":0}],"boss_relics":[{"not_picked":["Runic Dome","Sozu"],"picked":"Astrolabe"},{"not_picked":["Tiny House","Orrery"],"picked":"Black Star"}],"potions_floor_spawned":[1,10,11,18,21,33,42,45,46],"seed_played":"2308081983426786839","ascension_level":0,"is_trial":false}