{"gold_per_floor":[114,124,150,162,177,207,224,224,224,75,110,123,133,88,88,184,184,201,215,235,44,44],"floor_reached":22,"playtime":1483,"items_purged":["Pain","Shame"],"score":200,"play_id":"403575e8-b3e6-406c-ae47-9c165ea975d1","local_time":"20190122185136","is_ascension_mode":false,"campfire_choices":[{"data":"Limit Break","floor":15,"key":"SMITH"}],"neow_cost":"PERCENT_DAMAGE","seed_source_timestamp":2588941864446,"circlet_count":0,"master_deck":["Strike_R+1","Strike_R+1","Strike_R","Strike_R","Strike_R","Defend_R","Defend_R","Defend_R","Defend_R","Bash","Juggernaut","Dual Wield","Flex","Body Slam","Barricade","Flex","True Grit","Iron Wave","Pommel Strike","Limit Break+1","Limit Break","Writhe","Doubt","Warcry+1","Inflame","Flex"],"relics":["Burning Blood","Bronze Scales","Whetstone","WarpedTongs","Self Forming Clay","Kunai","Calling Bell","Juzu Bracelet","Matryoshka","Torii"],"potions_floor_usage":[7,7,11,22],"damage_taken":[{"damage":6,"enemies":"Cultist","floor":1,"turns":3},{"damage":0,"enemies":"Small Slimes","floor":2,"turns":4},{"damage":0,"enemies":"2 Louse","floor":4,"turns":3},{"damage":8,"enemies":"2 Fungi Beasts","floor":5,"turns":3},{"damage":26,"enemies":"Lagavulin","floor":6,"turns":7},{"damage":3,"enemies":"Large Slime","floor":7,"turns":4},{"damage":10,"enemies":"3 Sentries","floor":11,"turns":8},{"damage":1,"enemies":"Exordium Wildlife","floor":12,"turns":3},{"damage":7,"enemies":"Blue Slaver","floor":13,"turns":2},{"damage":10,"enemies":"Slime Boss","floor":16,"turns":11},{"damage":20,"enemies":"Spheric Guardian","floor":18,"turns":5},{"damage":2,"enemies":"Chosen","floor":19,"turns":6},{"damage":28,"enemies":"Snecko","floor":20,"turns":7},{"damage":35,"enemies":"Colosseum Slavers","floor":22,"turns":5},{"damage":22,"enemies":"Colosseum Nobs","floor":22,"turns":2}],"seed_played":"1153933153787317852","potions_obtained":[{"floor":2,"key":"Strength Potion"},{"floor":4,"key":"LiquidBronze"},{"floor":6,"key":"SteroidPotion"},{"floor":7,"key":"AttackPotion"},{"floor":11,"key":"EssenceOfSteel"},{"floor":18,"key":"Dexterity Potion"}],"is_trial":false,"path_per_floor":["M","M","T","M","M","E","M","?","T","$","E","M","M","?","R","B",null,"M","M","M","$","?"],"character_chosen":"IRONCLAD","items_purchased":["Flex","True Grit","Inflame","Flex"],"campfire_rested":0,"item_purchase_floors":[10,10,21,21],"current_hp_per_floor":[56,62,62,68,66,46,49,49,49,49,45,50,49,49,49,45,80,66,70,48,48,0],"gold":44,"neow_bonus":"THREE_RARE_CARDS","is_prod":false,"is_daily":false,"chose_seed":false,"campfire_upgraded":1,"win_rate":0,"timestamp":1548183096,"path_taken":["M","M","?","?","M","E","M","?","T","?","E","M","M","?","R","BOSS","M","M","M","$","?"],"build_version":"2019-01-17v2","purchased_purges":2,"victory":false,"max_hp_per_floor":[80,80,80,80,80,80,80,80,80,80,80,80,80,80,80,80,80,80,80,80,80,80],"card_choices":[{"not_picked":["Bludgeon","Dark Embrace"],"picked":"Juggernaut","floor":0},{"not_picked":["Body Slam","Reckless Charge"],"picked":"Dual Wield","floor":1},{"not_picked":["Clash","Reckless Charge"],"picked":"Flex","floor":2},{"not_picked":["Clash","Reckless Charge","Perfected Strike"],"picked":"SKIP","floor":4},{"not_picked":["Headbutt","Rage"],"picked":"Body Slam","floor":5},{"not_picked":["Cleave","Wild Strike"],"picked":"Barricade","floor":6},{"not_picked":["Bloodletting","Shockwave","Anger"],"picked":"SKIP","floor":7},{"not_picked":["Intimidate","Body Slam"],"picked":"Iron Wave","floor":11},{"not_picked":["Headbutt","Sword Boomerang"],"picked":"Pommel Strike","floor":12},{"not_picked":["Perfected Strike","Wild Strike"],"picked":"Limit Break","floor":13},{"not_picked":["Double Tap","Reaper"],"picked":"Limit Break","floor":16},{"not_picked":["Flex","Searing Blow+1"],"picked":"Warcry+1","floor":18},{"not_picked":["Cleave+1","Sword Boomerang","Bloodletting"],"picked":"SKIP","floor":19},{"not_picked":["Headbutt","Wild Strike","Uppercut"],"picked":"SKIP","floor":20}],"player_experience":116045,"relics_obtained":[{"floor":3,"key":"Bronze Scales"},{"floor":6,"key":"Whetstone"},{"floor":9,"key":"Self Forming Clay"},{"floor":11,"key":"Kunai"},{"floor":17,"key":"Juzu Bracelet"},{"floor":17,"key":"Matryoshka"},{"floor":17,"key":"Torii"}],"event_choices":[{"damage_healed":0,"gold_gain":0,"player_choice":"Rummage","damage_taken":0,"relics_obtained":["WarpedTongs"],"max_hp_gain":0,"max_hp_loss":0,"event_name":"Accursed Blacksmith","floor":8,"gold_loss":0,"cards_obtained":["Pain"]},{"damage_healed":0,"gold_gain":0,"player_choice":"Left Gold","damage_taken":0,"max_hp_gain":0,"max_hp_loss":0,"event_name":"World of Goop","floor":14,"gold_loss":45},{"damage_healed":0,"gold_gain":0,"player_choice":"Fight","damage_taken":0,"max_hp_gain":0,"max_hp_loss":0,"event_name":"Colosseum","floor":22,"gold_loss":0},{"damage_healed":0,"gold_gain":0,"player_choice":"Fought Nobs","damage_taken":0,"max_hp_gain":0,"max_hp_loss":0,"event_name":"Colosseum","floor":22,"gold_loss":0}],"is_beta":false,"boss_relics":[{"not_picked":["Lizard Tail","Empty Cage"],"picked":"Calling Bell"}],"items_purged_floors":[10,21],"is_endless":false,"potions_floor_spawned":[2,4,6,7,11,18,22],"killed_by":"Colosseum Nobs","ascension_level":0}