{"gold_per_floor":[116,128,144,219,236,236,267,324,348,367,382,382,382,396,396,471,471,411,162,162,162,162,162,162,162,162,162,162,162,112,112,112,112,112,112,73,73,73,73,73,73,73,73,73,73,73,73,73,73,73],"floor_reached":51,"playtime":4487,"items_purged":[],"score":1303,"play_id":"e54f3bc7-35ee-429c-84d4-b0b1122ed968","local_time":"20190130210931","is_ascension_mode":true,"campfire_choices":[{"data":"Bash","floor":6.0,"key":"SMITH"},{"data":"Armaments","floor":13.0,"key":"SMITH"},{"data":"Armaments","floor":15.0,"key":"SMITH"},{"data":"Inflame","floor":23.0,"key":"SMITH"},{"data":"1","floor":32.0,"key":"LIFT"},{"data":"Body Slam","floor":40.0,"key":"SMITH"},{"data":"2","floor":42.0,"key":"LIFT"},{"data":"3","floor":47.0,"key":"LIFT"},{"data":"Inflame","floor":49.0,"key":"SMITH"}],"neow_cost":"PERCENT_DAMAGE","seed_source_timestamp":181230502846750,"circlet_count":0,"master_deck":["AscendersBane","Defend_R","Defend_R","Defend_R","Defend_R","Bash+1","Feed","Pommel Strike","Thunderclap","Battle Trance","Fiend Fire","Power Through","Inflame+1","Armaments+1","Armaments+1","Impervious","Disarm+1","Disarm","Disarm","Shrug It Off","Reaper","Shockwave","Bite","Bite","Bite+1","Bite","Bite+1","Flame Barrier","Shrug It Off","RitualDagger","Impervious","Inflame+1","Body Slam+1","Decay"],"special_seed":0,"relics":["Burning Blood","Anchor","Pen Nib","Happy Flower","Ectoplasm","Oddly Smooth Stone","Red Mask","Darkstone Periapt","Nilry\u0027s Codex","Girya","Orichalcum","Cursed Key","Mummified Hand","Whetstone"],"potions_floor_usage":[50],"damage_taken":[{"damage":2.0,"enemies":"Jaw Worm","floor":1.0,"turns":4.0},{"damage":6.0,"enemies":"2 Louse","floor":2.0,"turns":5.0},{"damage":1.0,"enemies":"Small Slimes","floor":3.0,"turns":4.0},{"damage":10.0,"enemies":"2 Fungi Beasts","floor":5.0,"turns":4.0},{"damage":25.0,"enemies":"3 Sentries","floor":7.0,"turns":5.0},{"damage":36.0,"enemies":"Lagavulin Event","floor":8.0,"turns":4.0},{"damage":0.0,"enemies":"Exordium Thugs","floor":10.0,"turns":4.0},{"damage":0.0,"enemies":"Red Slaver","floor":11.0,"turns":6.0},{"damage":4.0,"enemies":"Large Slime","floor":14.0,"turns":5.0},{"damage":23.0,"enemies":"Slime Boss","floor":16.0,"turns":12.0},{"damage":7.0,"enemies":"2 Thieves","floor":18.0,"turns":3.0},{"damage":3.0,"enemies":"Chosen","floor":20.0,"turns":7.0},{"damage":18.0,"enemies":"Masked Bandits","floor":21.0,"turns":6.0},{"damage":20.0,"enemies":"3 Cultists","floor":22.0,"turns":5.0},{"damage":5.0,"enemies":"Gremlin Leader","floor":24.0,"turns":6.0},{"damage":0.0,"enemies":"Chosen and Byrds","floor":27.0,"turns":7.0},{"damage":9.0,"enemies":"Slavers","floor":29.0,"turns":9.0},{"damage":60.0,"enemies":"Automaton","floor":33.0,"turns":13.0},{"damage":21.0,"enemies":"3 Darklings","floor":35.0,"turns":6.0},{"damage":0.0,"enemies":"3 Shapes","floor":37.0,"turns":7.0},{"damage":0.0,"enemies":"Writhing Mass","floor":38.0,"turns":8.0},{"damage":26.0,"enemies":"Transient","floor":39.0,"turns":5.0},{"damage":47.0,"enemies":"Giant Head","floor":41.0,"turns":10.0},{"damage":0.0,"enemies":"Spire Growth","floor":44.0,"turns":5.0},{"damage":22.0,"enemies":"3 Darklings","floor":46.0,"turns":5.0},{"damage":7.0,"enemies":"Sphere and 2 Shapes","floor":48.0,"turns":3.0},{"damage":51,"enemies":"Donu and Deca","floor":50,"turns":11}],"seed_played":"-8901541071601553549","potions_obtained":[{"floor":3.0,"key":"GamblersBrew"},{"floor":5.0,"key":"PowerPotion"},{"floor":11.0,"key":"SpeedPotion"},{"floor":16.0,"key":"Ancient Potion"},{"floor":21.0,"key":"EssenceOfSteel"},{"floor":41.0,"key":"AttackPotion"}],"is_trial":false,"path_per_floor":["M","M","M","?","M","R","E","?","T","M","M","?","R","M","R","B",null,"M","$","M","?","M","R","E","?","T","M","?","E","$","?","R","B",null,"M","$","M","M","M","R","E","R","T","M","?","M","R","M","R","B",null],"character_chosen":"IRONCLAD","items_purchased":["Oddly Smooth Stone","Disarm","Shrug It Off","Inflame"],"campfire_rested":0,"item_purchase_floors":[19,19,30,36],"current_hp_per_floor":[57,60,68,57,56,56,40,13,13,19,28,28,28,33,33,20,82,85,85,92,83,69,69,70,49,49,62,62,82,82,76,76,51,74,73,73,86,86,66,66,59,59,65,91,91,78,78,92,92,60],"gold":73,"neow_bonus":"THREE_RARE_CARDS","is_prod":false,"is_daily":false,"chose_seed":false,"campfire_upgraded":6,"win_rate":0,"timestamp":1548878971,"path_taken":["M","M","M","?","M","R","E","?","T","M","M","?","R","M","R","BOSS","M","$","M","?","M","R","E","?","T","M","?","E","$","?","R","BOSS","M","$","M","M","M","R","E","R","T","M","?","?","R","M","R","BOSS"],"build_version":"2019-01-23","purchased_purges":0,"victory":true,"max_hp_per_floor":[78,81,84,84,87,87,90,93,93,93,96,96,96,99,99,103,103,107,107,111,114,114,114,114,114,114,114,79,82,82,82,82,82,82,82,82,86,86,86,86,86,86,92,92,92,92,92,92,92,96],"card_choices":[{"not_picked":["Reaper","Impervious"],"picked":"Feed","floor":0.0},{"not_picked":["Flex","Warcry","Rupture"],"picked":"SKIP","floor":1.0},{"not_picked":["True Grit","Flex"],"picked":"Pommel Strike","floor":2.0},{"not_picked":["True Grit","Body Slam"],"picked":"Thunderclap","floor":3.0},{"not_picked":["Heavy Blade","Limit Break"],"picked":"Battle Trance","floor":5.0},{"not_picked":["Body Slam","Havoc"],"picked":"Fiend Fire","floor":7.0},{"not_picked":["Rampage","Cleave"],"picked":"Power Through","floor":8.0},{"not_picked":["Anger","Cleave"],"picked":"Inflame","floor":10.0},{"not_picked":["Cleave","Perfected Strike"],"picked":"Armaments","floor":11.0},{"not_picked":["Perfected Strike","Rampage"],"picked":"Armaments","floor":14.0},{"not_picked":["Dark Embrace","Fiend Fire"],"picked":"Impervious","floor":16.0},{"not_picked":["Sentinel","Twin Strike"],"picked":"Disarm+1","floor":18.0},{"not_picked":["Perfected Strike","Clothesline"],"picked":"Disarm","floor":20.0},{"not_picked":["Body Slam","Warcry"],"picked":"Shrug It Off","floor":22.0},{"not_picked":["Clothesline","Headbutt"],"picked":"Reaper","floor":24.0},{"not_picked":["Reckless Charge+1","Evolve"],"picked":"Shockwave","floor":27.0},{"not_picked":["Barricade","Fire Breathing"],"picked":"Flame Barrier","floor":29.0},{"not_picked":["Fiend Fire","Reaper"],"picked":"Impervious","floor":33.0},{"not_picked":["Wild Strike","Dropkick","Whirlwind"],"picked":"SKIP","floor":35.0},{"not_picked":["Headbutt+1","Pummel"],"picked":"Body Slam","floor":37.0},{"not_picked":["Heavy Blade","Shockwave","Pommel Strike+1"],"picked":"SKIP","floor":38.0},{"not_picked":["Sword Boomerang","Rupture+1","Feel No Pain"],"picked":"SKIP","floor":39.0},{"not_picked":["Wild Strike","Cleave","Corruption"],"picked":"SKIP","floor":41.0},{"not_picked":["Second Wind+1","Seeing Red+1","Iron Wave"],"picked":"SKIP","floor":44.0},{"not_picked":["Twin Strike","Seeing Red+1","Pommel Strike"],"picked":"SKIP","floor":46.0},{"not_picked":["Thunderclap","Rampage","Seeing Red"],"picked":"SKIP","floor":48.0}],"player_experience":403762,"relics_obtained":[{"floor":7.0,"key":"Anchor"},{"floor":8.0,"key":"Pen Nib"},{"floor":9.0,"key":"Happy Flower"},{"floor":21.0,"key":"Red Mask"},{"floor":24.0,"key":"Darkstone Periapt"},{"floor":25.0,"key":"Nilry\u0027s Codex"},{"floor":26.0,"key":"Girya"},{"floor":29.0,"key":"Orichalcum"},{"floor":41.0,"key":"Mummified Hand"},{"floor":43.0,"key":"Whetstone"}],"event_choices":[{"damage_healed":0.0,"max_hp_gain":0.0,"max_hp_loss":0.0,"gold_gain":75.0,"event_name":"World of Goop","player_choice":"Gather Gold","floor":4.0,"gold_loss":0.0,"damage_taken":11.0},{"damage_healed":0.0,"max_hp_gain":0.0,"max_hp_loss":0.0,"gold_gain":0.0,"event_name":"Dead Adventurer","player_choice":"Searched \u00271\u0027 times","floor":8.0,"gold_loss":0.0,"damage_taken":0.0},{"cards_removed":["Strike_R"],"damage_healed":0.0,"max_hp_gain":0.0,"max_hp_loss":0.0,"gold_gain":0.0,"event_name":"Living Wall","player_choice":"Forget","floor":12.0,"gold_loss":0.0,"damage_taken":0.0},{"damage_healed":0.0,"max_hp_gain":0.0,"max_hp_loss":0.0,"gold_gain":0.0,"event_name":"Masked Bandits","player_choice":"Fought Bandits","floor":21.0,"gold_loss":0.0,"damage_taken":0.0},{"damage_healed":0.0,"max_hp_gain":0.0,"max_hp_loss":0.0,"gold_gain":0.0,"event_name":"Cursed Tome","player_choice":"Obtained Book","floor":25.0,"gold_loss":0.0,"damage_taken":21.0},{"damage_healed":0.0,"max_hp_gain":0.0,"max_hp_loss":35.0,"gold_gain":0.0,"event_name":"Vampires","player_choice":"Became a vampire","floor":28.0,"gold_loss":0.0,"damage_taken":0.0,"cards_obtained":["Bite","Bite","Bite","Bite","Bite"]},{"damage_healed":0.0,"max_hp_gain":0.0,"max_hp_loss":0.0,"gold_gain":0.0,"event_name":"Nest","player_choice":"Joined the Cult","floor":31.0,"gold_loss":0.0,"damage_taken":6.0,"cards_obtained":["RitualDagger"]},{"damage_healed":0.0,"max_hp_gain":0.0,"max_hp_loss":0.0,"gold_gain":0.0,"event_name":"Lab","player_choice":"Got Potions","floor":45.0,"gold_loss":0.0,"damage_taken":0.0}],"is_beta":false,"boss_relics":[{"not_picked":["Philosopher\u0027s Stone","Lizard Tail"],"picked":"Ectoplasm"},{"not_picked":["Tiny House","Orrery"],"picked":"Cursed Key"}],"items_purged_floors":[],"is_endless":false,"potions_floor_spawned":[3,5,11,16,21,29,39,41],"ascension_level":16}