{"gold_per_floor":[113,125,125,143,418,418,433,433,433,433,445,445,74,99,99,99],"floor_reached":16,"playtime":548,"items_purged":["Regret"],"score":200,"play_id":"c14f92ff-9b9a-4c45-bec6-1e47f2870711","local_time":"20181204215340","is_ascension_mode":true,"campfire_choices":[{"data":"Zap","floor":6,"key":"SMITH"},{"data":"Buffer","floor":8,"key":"SMITH"},{"data":"Go for the Eyes","floor":10,"key":"SMITH"},{"data":"Sweeping Beam","floor":15,"key":"SMITH"}],"neow_cost":"NONE","seed_source_timestamp":10359253695995,"circlet_count":0,"master_deck":["AscendersBane","Strike_B","Strike_B","Strike_B","Strike_B","Defend_B","Defend_B","Defend_B","Defend_B","Zap+1","Dualcast","Buffer+1","Conserve Battery","Go for the Eyes+1","Steam","Auto Shields","Genetic Algorithm","Sweeping Beam+1","Gash","Flash of Steel","Gash"],"relics":["Cracked Core","Letter Opener","Bottled Flame","Thread and Needle","Membership Card","Matryoshka"],"potions_floor_usage":[7,14],"damage_taken":[{"damage":8,"enemies":"2 Louse","floor":1,"turns":3},{"damage":2,"enemies":"Jaw Worm","floor":2,"turns":4},{"damage":0,"enemies":"Cultist","floor":4,"turns":3},{"damage":0,"enemies":"Exordium Wildlife","floor":7,"turns":3},{"damage":1,"enemies":"2 Fungi Beasts","floor":11,"turns":3},{"damage":7,"enemies":"Gremlin Nob","floor":14,"turns":5},{"damage":40,"enemies":"Slime Boss","floor":16,"turns":10}],"seed_played":"3283042297892378026","potions_obtained":[{"floor":2,"key":"EntropicBrew"}],"is_trial":false,"path_per_floor":["M","M","?","M","?","R","M","R","T","R","M","T","$","E","R","B"],"character_chosen":"DEFECT","items_purchased":["Membership Card","Sweeping Beam","Gash","Flash of Steel"],"campfire_rested":0,"item_purchase_floors":[13,13,13,13],"current_hp_per_floor":[56,54,43,43,43,43,43,43,43,43,42,42,42,35,35,0],"gold":99,"neow_bonus":"ONE_RANDOM_RARE_CARD","is_prod":false,"is_daily":false,"chose_seed":false,"campfire_upgraded":4,"win_rate":0,"timestamp":1543956820,"path_taken":["M","M","?","M","?","R","M","R","T","R","?","?","?","E","R","BOSS"],"build_version":"2018-12-4","purchased_purges":1,"victory":false,"max_hp_per_floor":[71,71,71,71,71,71,71,71,71,71,71,71,71,71,71,71],"card_choices":[{"not_picked":["Hologram","Beam Cell"],"picked":"Conserve Battery","floor":1},{"not_picked":["Barrage","Beam Cell"],"picked":"Go for the Eyes","floor":2},{"not_picked":["Scrape","Sweeping Beam"],"picked":"Steam","floor":4},{"not_picked":["Static Discharge","Gash"],"picked":"Auto Shields","floor":7},{"not_picked":["Cold Snap","Rebound"],"picked":"Genetic Algorithm","floor":11},{"not_picked":["FTL","Stack"],"picked":"Gash","floor":14}],"player_experience":844310,"relics_obtained":[{"floor":9,"key":"Bottled Flame"},{"floor":12,"key":"Thread and Needle"},{"floor":14,"key":"Matryoshka"}],"event_choices":[{"damage_healed":0,"gold_gain":0,"player_choice":"Success","damage_taken":11,"relics_obtained":["Letter Opener"],"max_hp_gain":0,"max_hp_loss":0,"event_name":"Scrap Ooze","floor":3,"gold_loss":0},{"damage_healed":0,"gold_gain":275,"player_choice":"Desecrate","damage_taken":0,"max_hp_gain":0,"max_hp_loss":0,"event_name":"Golden Shrine","floor":5,"gold_loss":0,"cards_obtained":["Regret"]}],"is_beta":true,"boss_relics":[],"items_purged_floors":[13],"is_endless":false,"potions_floor_spawned":[2,7],"killed_by":"Slime Boss","ascension_level":20}