{"gold_per_floor":[114,126,126,140,154,154,171,171,241,276,276,293,325,336,336,407,407,422,441,441,456,466,466,156,156,180,212,212,225,225,69,69,147,147,158,158,178,178,14,14,31,31,31,51,51,51,81,22,22,22],"floor_reached":50,"playtime":3263,"items_purged":["Strike_R","Bash"],"score":1079,"play_id":"3f5b9740-3ae6-4aa9-92f8-9b1212c5e2b6","local_time":"20190223175519","is_ascension_mode":true,"campfire_choices":[{"data":"Flame Barrier","floor":6.0,"key":"SMITH"},{"data":"Barricade","floor":8.0,"key":"SMITH"},{"floor":11.0,"key":"REST"},{"data":"Pummel","floor":15.0,"key":"SMITH"},{"data":"Fiend Fire","floor":23.0,"key":"SMITH"},{"data":"Iron Wave","floor":25.0,"key":"SMITH"},{"floor":30.0,"key":"REST"},{"data":"True Grit","floor":32.0,"key":"SMITH"},{"floor":40,"key":"RECALL"},{"data":"Impervious","floor":42,"key":"SMITH"},{"floor":45,"key":"REST"},{"data":"Body Slam","floor":49,"key":"SMITH"}],"neow_cost":"NONE","seed_source_timestamp":0,"circlet_count":0,"master_deck":["AscendersBane","Strike_R","Defend_R","Defend_R","Defend_R","Barricade+1","Headbutt","Whirlwind+1","Flame Barrier+1","Metallicize","Metallicize","Pummel+1","Fiend Fire+1","Shrug It Off","Ghostly Armor","Iron Wave+1","Feel No Pain","Impervious+1","Shrug It Off","Body Slam+1","True Grit+1","Juggernaut+1","True Grit+1","Iron Wave+1","Carnage+1","Shrug It Off+1","Shrug It Off+1","Offering","Body Slam+1"],"special_seed":0,"relics":["Burning Blood","Bottled Tornado","Gambling Chip","Boot","Runic Pyramid","Mercury Hourglass","Astrolabe","Happy Flower","Pantograph","Dodecahedron"],"potions_floor_usage":[47,50],"damage_taken":[{"damage":7.0,"enemies":"Cultist","floor":1.0,"turns":4.0},{"damage":9.0,"enemies":"Jaw Worm","floor":2.0,"turns":4.0},{"damage":10.0,"enemies":"Small Slimes","floor":4.0,"turns":3.0},{"damage":16.0,"enemies":"Looter","floor":5.0,"turns":4.0},{"damage":16.0,"enemies":"Red Slaver","floor":7.0,"turns":5.0},{"damage":32.0,"enemies":"3 Sentries","floor":10.0,"turns":6.0},{"damage":0.0,"enemies":"2 Fungi Beasts","floor":12.0,"turns":3.0},{"damage":27.0,"enemies":"Gremlin Nob","floor":13.0,"turns":4.0},{"damage":0.0,"enemies":"Gremlin Gang","floor":14.0,"turns":2.0},{"damage":13.0,"enemies":"Slime Boss","floor":16.0,"turns":18.0},{"damage":0.0,"enemies":"3 Byrds","floor":18.0,"turns":1.0},{"damage":5.0,"enemies":"Spheric Guardian","floor":19.0,"turns":10.0},{"damage":3.0,"enemies":"Cultist and Chosen","floor":21.0,"turns":11.0},{"damage":14.0,"enemies":"Snake Plant","floor":22.0,"turns":4.0},{"damage":57.0,"enemies":"Gremlin Leader","floor":27.0,"turns":7.0},{"damage":11.0,"enemies":"Centurion and Healer","floor":29.0,"turns":14.0},{"damage":9.0,"enemies":"Champ","floor":33.0,"turns":11.0},{"damage":33,"enemies":"3 Darklings","floor":35,"turns":5},{"damage":1,"enemies":"3 Shapes","floor":37,"turns":7},{"damage":0,"enemies":"Sphere and 2 Shapes","floor":41,"turns":6},{"damage":0,"enemies":"Maw","floor":44,"turns":7},{"damage":20,"enemies":"Giant Head","floor":47,"turns":9},{"damage":86,"enemies":"Awakened One","floor":50,"turns":10}],"seed_played":"-5576441324835362871","potions_obtained":[{"floor":1.0,"key":"Strength Potion"},{"floor":7.0,"key":"Ancient Potion"},{"floor":12.0,"key":"AttackPotion"},{"floor":13.0,"key":"Poison Potion"},{"floor":16.0,"key":"Dexterity Potion"},{"floor":21.0,"key":"BloodPotion"},{"floor":35,"key":"Dexterity Potion"},{"floor":44,"key":"Block Potion"}],"is_trial":false,"path_per_floor":["M","M","?","M","M","R","M","R","T","E","R","M","E","M","R","B",null,"M","M","?","M","M","R","$","R","T","E","?","M","R","$","R","B",null,"M","?","M","?","$","R","M","R","T","M","R","?","E","$","R","B"],"character_chosen":"IRONCLAD","items_purchased":["Feel No Pain","Impervious","True Grit","Happy Flower","Body Slam"],"campfire_rested":3,"item_purchase_floors":[24,24,31,39,48],"current_hp_per_floor":[67,64,64,60,50,50,40,40,40,14,36,42,21,27,27,20,61,67,68,64,67,59,59,59,59,59,8,8,10,32,32,32,29,64,37,37,42,42,42,42,48,48,48,54,75,75,61,61,61,0],"gold":22,"neow_bonus":"ONE_RANDOM_RARE_CARD","is_prod":false,"is_daily":false,"chose_seed":false,"campfire_upgraded":8,"win_rate":0,"timestamp":1550940919,"path_taken":["M","M","?","?","M","R","M","R","T","E","R","?","E","M","R","BOSS","M","M","?","?","M","R","$","R","T","E","?","M","R","$","R","BOSS","M","?","?","?","$","R","?","R","T","M","R","?","E","$","R","BOSS"],"build_version":"2019-02-06","purchased_purges":2,"victory":false,"max_hp_per_floor":[75,75,75,75,75,75,75,75,75,75,75,75,75,75,75,75,75,75,75,75,75,75,75,75,75,75,75,75,75,75,75,75,75,75,75,75,75,75,75,75,75,75,75,75,75,75,75,75,75,75],"card_choices":[{"not_picked":["Pummel","Perfected Strike"],"picked":"Headbutt","floor":1.0},{"not_picked":["Pommel Strike","Thunderclap"],"picked":"Whirlwind","floor":2.0},{"not_picked":["Reckless Charge","Wild Strike","Barricade"],"picked":"SKIP","floor":4.0},{"not_picked":["Ghostly Armor","Iron Wave"],"picked":"Flame Barrier","floor":5.0},{"not_picked":["Twin Strike","Headbutt"],"picked":"Metallicize","floor":7.0},{"not_picked":["Clash","Wild Strike","Whirlwind"],"picked":"SKIP","floor":10.0},{"not_picked":["Twin Strike","Pummel"],"picked":"Metallicize","floor":12.0},{"not_picked":["Hemokinesis","Seeing Red"],"picked":"Pummel","floor":13.0},{"not_picked":["Rupture","Blood for Blood","Cleave"],"picked":"SKIP","floor":14.0},{"not_picked":["Barricade","Exhume"],"picked":"Fiend Fire","floor":16.0},{"not_picked":["Twin Strike","Carnage+1"],"picked":"Shrug It Off","floor":18.0},{"not_picked":["Cleave","Bloodletting","Burning Pact"],"picked":"SKIP","floor":19.0},{"not_picked":["Thunderclap","Sword Boomerang"],"picked":"Ghostly Armor","floor":21.0},{"not_picked":["Second Wind","Sentinel"],"picked":"Iron Wave","floor":22.0},{"not_picked":["Pommel Strike","Intimidate"],"picked":"Shrug It Off","floor":27.0},{"not_picked":["Sword Boomerang","Perfected Strike"],"picked":"Body Slam+1","floor":29.0},{"not_picked":["Brutality","Reaper"],"picked":"Juggernaut","floor":33.0},{"not_picked":["Disarm","Rampage"],"picked":"Shrug It Off+1","floor":35},{"not_picked":["Armaments","Heavy Blade","Pommel Strike"],"picked":"SKIP","floor":37},{"not_picked":["Uppercut+1","Metallicize","Thunderclap"],"picked":"SKIP","floor":41},{"not_picked":["Armaments","Pummel","Whirlwind"],"picked":"SKIP","floor":44},{"not_picked":["Armaments","Pummel","Whirlwind"],"picked":"SKIP","floor":44},{"not_picked":["Perfected Strike","Pommel Strike"],"picked":"Offering","floor":47}],"player_experience":972260,"relics_obtained":[{"floor":9.0,"key":"Bottled Tornado"},{"floor":10.0,"key":"Gambling Chip"},{"floor":13.0,"key":"Boot"},{"floor":27.0,"key":"Mercury Hourglass"},{"floor":43,"key":"Pantograph"},{"floor":47,"key":"Dodecahedron"}],"event_choices":[{"damage_healed":0.0,"max_hp_gain":0.0,"max_hp_loss":0.0,"gold_gain":0.0,"event_name":"Upgrade Shrine","player_choice":"Upgraded","floor":3.0,"gold_loss":0.0,"damage_taken":0.0,"cards_upgraded":["Whirlwind"]},{"damage_healed":0.0,"max_hp_gain":0.0,"max_hp_loss":0.0,"gold_gain":0.0,"event_name":"The Woman in Blue","player_choice":"Bought 0 Potions","floor":20.0,"gold_loss":0.0,"damage_taken":0.0},{"damage_healed":0.0,"max_hp_gain":0.0,"max_hp_loss":0.0,"gold_gain":0.0,"event_name":"Cursed Tome","player_choice":"Ignored","floor":28.0,"gold_loss":0.0,"damage_taken":0.0},{"damage_healed":0,"gold_gain":0,"player_choice":"Copied","damage_taken":0,"max_hp_gain":0,"max_hp_loss":0,"event_name":"Duplicator","floor":36,"gold_loss":0,"cards_obtained":["Shrug It Off"]},{"damage_healed":0,"gold_gain":0,"player_choice":"Forge","damage_taken":0,"max_hp_gain":0,"max_hp_loss":0,"event_name":"Accursed Blacksmith","floor":38,"gold_loss":0,"cards_upgraded":["Juggernaut"]},{"cards_removed":["Defend_R"],"damage_healed":0,"gold_gain":0,"player_choice":"Removed Skill","damage_taken":0,"max_hp_gain":0,"max_hp_loss":0,"event_name":"Falling","floor":46,"gold_loss":0}],"is_beta":true,"boss_relics":[{"not_picked":["Orrery","White Beast Statue"],"picked":"Runic Pyramid"},{"not_picked":["Calling Bell","Runic Cube"],"picked":"Astrolabe"}],"items_purged_floors":[24,31],"is_endless":false,"potions_floor_spawned":[1,7,12,13,16,18,21,35,44],"killed_by":"Awakened One","ascension_level":20}