{"gold_per_floor":[212,33,52,52,127,127,145,145,170,184,196,196,146,181,181,283,283,294,113,124,124,136,162,162,179,179,54,54,70,70,104,104,104],"floor_reached":33,"playtime":1691,"items_purged":["Defend_G","Strike_G","Strike_G"],"score":285,"play_id":"0f1ed91c-bc87-49be-a289-8f3c7b9ef8ed","local_time":"20190223100940","is_ascension_mode":false,"campfire_choices":[{"floor":6,"key":"REST"},{"floor":12,"key":"RECALL"},{"floor":15,"key":"REST"},{"floor":24,"key":"REST"},{"floor":30,"key":"REST"},{"floor":32,"key":"REST"}],"neow_cost":"NONE","seed_source_timestamp":40404940692979,"circlet_count":0,"master_deck":["Defend_G","Defend_G","Defend_G","Defend_G","Strike_G","Strike_G+1","Survivor","Neutralize","Prepared","Tactician","Footwork+1","All Out Attack","Dagger Throw","PiercingWail","Underhanded Strike+1","Dash","Adrenaline","Terror","Footwork+1","Underhanded Strike","Outmaneuver+1","Tactician"],"relics":["Ring of the Snake","Regal Pillow","Velvet Choker","Ninja Scroll","Whetstone","Mummified Hand"],"potions_floor_usage":[14,14,16,22,23,29],"damage_taken":[{"damage":2,"enemies":"Jaw Worm","floor":1,"turns":5},{"damage":0,"enemies":"Small Slimes","floor":3,"turns":4},{"damage":0,"enemies":"2 Louse","floor":7,"turns":3},{"damage":2,"enemies":"Red Slaver","floor":10,"turns":4},{"damage":4,"enemies":"Looter","floor":11,"turns":4},{"damage":23,"enemies":"3 Sentries","floor":14,"turns":8},{"damage":56,"enemies":"Slime Boss","floor":16,"turns":19},{"damage":9,"enemies":"2 Thieves","floor":18,"turns":5},{"damage":0,"enemies":"Shell Parasite","floor":20,"turns":5},{"damage":5,"enemies":"Cultist and Chosen","floor":22,"turns":10},{"damage":35,"enemies":"Book of Stabbing","floor":23,"turns":9},{"damage":10,"enemies":"Centurion and Healer","floor":25,"turns":5},{"damage":6,"enemies":"Snake Plant","floor":29,"turns":6},{"damage":36,"enemies":"Slavers","floor":31,"turns":8},{"damage":96,"enemies":"Champ","floor":33,"turns":15}],"seed_played":"3096762156799356760","potions_obtained":[{"floor":7,"key":"AttackPotion"},{"floor":10,"key":"Swift Potion"},{"floor":11,"key":"Regen Potion"},{"floor":14,"key":"FearPotion"},{"floor":16,"key":"SteroidPotion"},{"floor":18,"key":"Block Potion"},{"floor":23,"key":"Swift Potion"}],"is_trial":false,"path_per_floor":["M","$","M","?","?","R","M","?","T","M","M","R","?","E","R","B",null,"M","$","M","?","M","E","R","M","T","$","?","M","R","E","R","B"],"character_chosen":"THE_SILENT","items_purchased":["Tactician","Footwork","Footwork"],"campfire_rested":5,"item_purchase_floors":[2,2,19],"current_hp_per_floor":[68,68,68,68,57,70,70,70,70,68,64,64,64,56,70,14,70,61,61,61,54,49,14,50,40,40,40,40,34,70,34,70,0],"gold":104,"neow_bonus":"HUNDRED_GOLD","is_prod":false,"is_daily":false,"chose_seed":false,"campfire_upgraded":0,"win_rate":0,"timestamp":1550884180,"path_taken":["M","$","M","?","?","R","?","?","T","?","M","R","?","E","R","BOSS","M","$","M","?","?","E","R","M","T","$","?","M","R","E","R","BOSS"],"build_version":"2019-01-23","purchased_purges":3,"victory":false,"max_hp_per_floor":[70,70,70,70,70,70,70,70,70,70,70,70,70,70,70,70,70,70,70,70,70,70,70,70,70,70,70,70,70,70,70,70,70],"card_choices":[{"not_picked":["PiercingWail","Well Laid Plans"],"picked":"Prepared","floor":1},{"not_picked":["Flying Knee","Noxious Fumes"],"picked":"All Out Attack","floor":3},{"not_picked":["Slice","Blade Dance"],"picked":"Dagger Throw","floor":7},{"not_picked":["Dagger Throw","Poisoned Stab"],"picked":"PiercingWail","floor":10},{"not_picked":["Prepared","Flying Knee"],"picked":"Underhanded Strike","floor":11},{"not_picked":["Flying Knee","Choke"],"picked":"Dash","floor":14},{"not_picked":["Night Terror","Doppelganger"],"picked":"Adrenaline","floor":16},{"not_picked":["Deflect","Catalyst+1"],"picked":"Terror","floor":18},{"not_picked":["PiercingWail","Poisoned Stab","Blade Dance+1"],"picked":"SKIP","floor":20},{"not_picked":["Endless Agony","Noxious Fumes","Slice"],"picked":"SKIP","floor":22},{"not_picked":["Poisoned Stab","Acrobatics"],"picked":"Underhanded Strike","floor":23},{"not_picked":["Quick Slash+1","Flying Knee"],"picked":"Outmaneuver+1","floor":25},{"not_picked":["Blade Dance","Masterful Stab","Prepared"],"picked":"SKIP","floor":29},{"not_picked":["PiercingWail","Choke"],"picked":"Tactician","floor":31}],"player_experience":659215,"relics_obtained":[{"floor":14,"key":"Regal Pillow"},{"floor":23,"key":"Ninja Scroll"},{"floor":26,"key":"Whetstone"},{"floor":31,"key":"Mummified Hand"}],"event_choices":[{"damage_healed":0,"gold_gain":0,"player_choice":"Grow","damage_taken":0,"max_hp_gain":0,"max_hp_loss":0,"event_name":"Living Wall","floor":4,"gold_loss":0,"cards_upgraded":["Footwork"]},{"damage_healed":0,"gold_gain":75,"player_choice":"Gather Gold","damage_taken":11,"max_hp_gain":0,"max_hp_loss":0,"event_name":"World of Goop","floor":5,"gold_loss":0},{"damage_healed":0,"gold_gain":0,"player_choice":"Ignored","damage_taken":0,"max_hp_gain":0,"max_hp_loss":0,"event_name":"NoteForYourself","floor":8,"gold_loss":0},{"cards_removed":["Strike_G"],"damage_healed":0,"gold_gain":0,"player_choice":"Card Removal","damage_taken":0,"max_hp_gain":0,"max_hp_loss":0,"event_name":"The Cleric","floor":13,"gold_loss":50},{"damage_healed":0,"gold_gain":0,"player_choice":"","damage_taken":7,"max_hp_gain":0,"max_hp_loss":0,"event_name":"Knowing Skull","floor":21,"potions_obtained":[],"gold_loss":0,"cards_obtained":[]},{"damage_healed":0,"gold_gain":0,"player_choice":"Forge","damage_taken":0,"max_hp_gain":0,"max_hp_loss":0,"event_name":"Accursed Blacksmith","floor":28,"gold_loss":0,"cards_upgraded":["Footwork"]}],"is_beta":false,"boss_relics":[{"not_picked":["Calling Bell","Ectoplasm"],"picked":"Velvet Choker"}],"items_purged_floors":[2,19,27],"is_endless":false,"potions_floor_spawned":[7,10,11,14,16,18,23],"killed_by":"Champ","ascension_level":0}