{"gold_per_floor":[113,288,308,38,38,38,73,73,73,89,106,119,119,137,137,242,242,258,68,102,112,112,112,124,142,166,166,166,200,223,236,236,236],"floor_reached":33,"playtime":1554,"items_purged":["Doubt"],"score":452,"play_id":"07f3ee01-2408-4347-9e36-a94df4e7fa52","local_time":"20190212073921","is_ascension_mode":true,"campfire_choices":[{"data":"Clothesline","floor":6,"key":"SMITH"},{"floor":8,"key":"REST"},{"data":"True Grit","floor":13,"key":"SMITH"},{"data":"Juggernaut","floor":15,"key":"SMITH"},{"data":"True Grit","floor":23,"key":"SMITH"},{"floor":27,"key":"REST"},{"data":"Armaments","floor":32,"key":"SMITH"}],"neow_cost":"NONE","seed_source_timestamp":923927369233577,"circlet_count":0,"master_deck":["AscendersBane","Defend_R","Defend_R","Defend_R","Defend_R","Bash","Shrug It Off","Clothesline+1","Feed","Spot Weakness+1","Cleave","Heavy Blade","Battle Trance","True Grit+1","Juggernaut+1","Barricade","Body Slam","True Grit+1","Uppercut","Bite","Bite","Bite","Bite","Bite","Evolve+1","Armaments+1"],"relics":["Burning Blood","Centennial Puzzle","Pantograph","Velvet Choker","Bronze Scales","Red Mask","Bag of Preparation","Potion Belt"],"potions_floor_usage":[12,16,20,20,21,25,25],"damage_taken":[{"damage":6,"enemies":"Small Slimes","floor":1,"turns":4},{"damage":9,"enemies":"Jaw Worm","floor":3,"turns":5},{"damage":41,"enemies":"Lagavulin","floor":7,"turns":6},{"damage":8,"enemies":"2 Louse","floor":10,"turns":2},{"damage":8,"enemies":"Large Slime","floor":11,"turns":5},{"damage":5,"enemies":"Lots of Slimes","floor":12,"turns":3},{"damage":10,"enemies":"Blue Slaver","floor":14,"turns":4},{"damage":40,"enemies":"Hexaghost","floor":16,"turns":10},{"damage":19,"enemies":"Shell Parasite","floor":18,"turns":5},{"damage":28,"enemies":"Masked Bandits","floor":20,"turns":5},{"damage":21,"enemies":"Spheric Guardian","floor":21,"turns":5},{"damage":43,"enemies":"Cultist and Chosen","floor":24,"turns":6},{"damage":18,"enemies":"Snake Plant","floor":25,"turns":3},{"damage":47,"enemies":"Slavers","floor":29,"turns":8},{"damage":12,"enemies":"Centurion and Healer","floor":31,"turns":38},{"damage":121,"enemies":"Automaton","floor":33,"turns":12}],"seed_played":"-6185071512386283484","potions_obtained":[{"floor":7,"key":"AttackPotion"},{"floor":10,"key":"PowerPotion"},{"floor":12,"key":"Weak Potion"},{"floor":14,"key":"AttackPotion"},{"floor":16,"key":"AttackPotion"},{"floor":18,"key":"EntropicBrew"},{"floor":21,"key":"Ancient Potion"},{"floor":24,"key":"Fire Potion"}],"is_trial":false,"path_per_floor":["M","?","M","$","?","R","E","R","T","M","M","M","R","M","R","B",null,"M","$","?","M","?","R","M","M","T","R","?","E","T","M","R","B"],"character_chosen":"IRONCLAD","items_purchased":["Feed","Spot Weakness","True Grit","Bronze Scales"],"campfire_rested":2,"item_purchase_floors":[4,4,19,19],"current_hp_per_floor":[80,80,77,77,59,59,24,50,50,51,52,56,56,55,55,49,90,77,77,58,46,46,46,22,17,17,41,41,14,14,80,80,0],"gold":236,"neow_bonus":"TEN_PERCENT_HP_BONUS","is_prod":false,"is_daily":false,"chose_seed":false,"campfire_upgraded":5,"win_rate":0,"timestamp":1549949961,"path_taken":["M","?","M","$","?","R","E","R","T","M","M","M","R","M","R","BOSS","M","$","?","M","?","R","M","M","T","R","?","E","?","M","R","BOSS"],"build_version":"2019-01-23","purchased_purges":1,"victory":false,"max_hp_per_floor":[88,88,88,88,88,88,88,88,88,91,94,97,97,100,100,103,103,103,103,106,109,76,76,79,82,82,82,82,82,82,85,85,85],"card_choices":[{"not_picked":["Headbutt","Intimidate"],"picked":"Shrug It Off","floor":1},{"not_picked":["Perfected Strike","Rupture"],"picked":"Clothesline","floor":3},{"not_picked":["Clash","Warcry"],"picked":"Cleave","floor":7},{"not_picked":["Reckless Charge","Clothesline"],"picked":"Heavy Blade","floor":10},{"not_picked":["Sentinel","Feel No Pain"],"picked":"Battle Trance","floor":11},{"not_picked":["Ghostly Armor","Thunderclap"],"picked":"True Grit","floor":12},{"not_picked":["Flex","Warcry"],"picked":"Juggernaut","floor":14},{"not_picked":["Impervious","Brutality"],"picked":"Barricade","floor":16},{"not_picked":["Heavy Blade","Wild Strike"],"picked":"Body Slam","floor":18},{"not_picked":["Flame Barrier","Sword Boomerang+1"],"picked":"Uppercut","floor":21},{"not_picked":["Twin Strike","Havoc+1"],"picked":"Evolve+1","floor":24},{"not_picked":["Hemokinesis","Anger"],"picked":"Armaments","floor":25},{"not_picked":["Dual Wield","Thunderclap","Twin Strike"],"picked":"SKIP","floor":29},{"not_picked":["Corruption","Flex+1","Twin Strike"],"picked":"SKIP","floor":31}],"player_experience":731645,"relics_obtained":[{"floor":7,"key":"Centennial Puzzle"},{"floor":9,"key":"Pantograph"},{"floor":20,"key":"Red Mask"},{"floor":29,"key":"Bag of Preparation"},{"floor":30,"key":"Potion Belt"}],"event_choices":[{"damage_healed":0,"gold_gain":175,"player_choice":"AGREE","damage_taken":0,"max_hp_gain":0,"max_hp_loss":0,"event_name":"Liars Game","floor":2,"gold_loss":0,"cards_obtained":["Doubt"]},{"damage_healed":0,"gold_gain":0,"player_choice":"Entered Light","damage_taken":18,"max_hp_gain":0,"max_hp_loss":0,"event_name":"Shining Light","floor":5,"gold_loss":0,"cards_upgraded":["Strike_R","Spot Weakness"]},{"damage_healed":0,"gold_gain":0,"player_choice":"Fought Bandits","damage_taken":0,"max_hp_gain":0,"max_hp_loss":0,"event_name":"Masked Bandits","floor":20,"gold_loss":0},{"damage_healed":0,"gold_gain":0,"player_choice":"Became a vampire","damage_taken":0,"max_hp_gain":0,"max_hp_loss":33,"event_name":"Vampires","floor":22,"gold_loss":0,"cards_obtained":["Bite","Bite","Bite","Bite","Bite"]},{"damage_healed":0,"gold_gain":0,"player_choice":"Ignored","damage_taken":0,"max_hp_gain":0,"max_hp_loss":0,"event_name":"Ghosts","floor":28,"gold_loss":0}],"is_beta":false,"boss_relics":[{"not_picked":["Pandora\u0027s Box","White Beast Statue"],"picked":"Velvet Choker"}],"items_purged_floors":[4],"is_endless":false,"potions_floor_spawned":[7,10,12,14,16,18,21,24],"killed_by":"Automaton","ascension_level":12}