{"path_per_floor":["M","$","?","M","M","R","?","R","T","M","$","M","T","M","R","B",null,"M","?","?","?","M","R","M","$","T","?","M","$","T","M","R"],"character_chosen":"IRONCLAD","items_purchased":["Mercury Hourglass","Reaper","Feed","Regen Potion","Strength Potion"],"gold_per_floor":[363,26,26,51,65,65,65,65,65,89,19,40,40,64,64,185,185,204,129,44,44,63,63,84,84,84,84,98,2,28,49,49],"floor_reached":33,"campfire_rested":3,"playtime":1268,"current_hp_per_floor":[46,46,46,52,57,80,80,80,94,84,84,78,78,93,93,32,100,82,82,82,82,80,103,89,89,89,89,65,65,65,82,106],"items_purged":[],"gold":49,"score":262,"play_id":"c5cb616f-f090-444c-be1e-790d093f0819","local_time":"20180313042055","is_prod":false,"is_daily":false,"is_ascension_mode":false,"campfire_upgraded":2,"timestamp":1520923855,"path_taken":["M","$","?","M","?","R","?","R","T","M","$","M","?","?","R","BOSS","M","?","?","?","?","R","M","?","T","?","M","$","?","M","R","BOSS"],"build_version":"2018-03-09","purchased_purges":0,"victory":false,"master_deck":["Strike_R+1","Strike_R+1","Strike_R+1","Strike_R+1","Strike_R+1","Defend_R+1","Defend_R+1","Defend_R+1","Defend_R+1","Bash","Armaments+1","Reaper","Cleave","Flex+1","Feed","Iron Wave","Juggernaut","Whirlwind","True Grit","Flame Barrier","Battle Trance","Power Through","Heavy Blade"],"max_hp_per_floor":[80,80,80,80,80,80,80,80,94,94,94,97,97,100,100,100,100,103,103,103,103,103,103,103,103,103,103,106,106,106,106,106],"relics":["Black Blood","Mercury Hourglass","Golden Idol","Mango","Du-Vu Doll","Smiling Mask","Ginger","Bag of Marbles"],"card_choices":[{"not_picked":["Reckless Charge","Warcry"],"picked":"Armaments"},{"not_picked":["Intimidate","Exhume"],"picked":"Cleave"},{"not_picked":["Combust","Thunderclap"],"picked":"Flex"},{"not_picked":["Wild Strike","Warcry"],"picked":"Iron Wave"},{"not_picked":["Fiend Fire","Offering"],"picked":"Juggernaut"},{"not_picked":["Pommel Strike","Clash"],"picked":"Whirlwind"},{"not_picked":["Headbutt","Searing Blow"],"picked":"True Grit"},{"not_picked":["True Grit","Wild Strike"],"picked":"Flame Barrier"},{"not_picked":["Feel No Pain","Ghostly Armor"],"picked":"Power Through"},{"not_picked":["Searing Blow","Burning Pact"],"picked":"Heavy Blade"}],"player_experience":174774,"potions_floor_usage":[5,12,16,16,22,31,33,33,33],"damage_taken":[{"damage":0,"enemies":"2 Louse","floor":1,"turns":2},{"damage":0,"enemies":"Jaw Worm","floor":4,"turns":3},{"damage":5,"enemies":"Cultist","floor":5,"turns":4},{"damage":16,"enemies":"Red Slaver","floor":10,"turns":3},{"damage":19,"enemies":"Blue Slaver","floor":12,"turns":3},{"damage":13,"enemies":"Lots of Slimes","floor":14,"turns":2},{"damage":67,"enemies":"Hexaghost","floor":16,"turns":12},{"damage":31,"enemies":"Spheric Guardian","floor":18,"turns":6},{"damage":12,"enemies":"Chosen","floor":22,"turns":5},{"damage":24,"enemies":"Snake Plant","floor":24,"turns":5},{"damage":37,"enemies":"Sentry and Sphere","floor":28,"turns":6},{"damage":12,"enemies":"Centurion and Healer","floor":31,"turns":6},{"damage":109,"enemies":"Champ","floor":33,"turns":16}],"event_choices":[{"event_name":"Golden Idol","player_choice":"Take Wound","floor":3,"damage_taken":0},{"event_name":"The Cleric","player_choice":"Leave","floor":7,"damage_taken":0},{"event_name":"Beggar","player_choice":"Gave Gold","floor":19,"damage_taken":0},{"event_name":"Addict","player_choice":"Obtained Relic","floor":20,"damage_taken":0},{"event_name":"Back to Basics","player_choice":"Simplicity","floor":21,"damage_taken":0},{"event_name":"The Library","player_choice":"Read","floor":27,"damage_taken":0}],"boss_relics":[{"not_picked":["Cursed Key","Velvet Choker"],"picked":"Black Blood"}],"potions_floor_spawned":[1,5,10,14,16,24,31],"seed_played":"1571476992728319655","killed_by":"Champ","ascension_level":0,"is_trial":false}