{"path_per_floor":["M","$","?","$","M","R","?","R","T","?","R","T","R","M","R","B",null,"M","?","M","M","$"],"character_chosen":"IRONCLAD","items_purchased":["Cleave","Apotheosis","Bottled Lightning","Anger","Flex"],"gold_per_floor":[109,59,59,59,71,71,71,71,153,328,328,353,353,369,369,466,496,508,508,518,531,42],"floor_reached":23,"campfire_rested":0,"playtime":975,"current_hp_per_floor":[80,80,80,80,80,80,80,80,80,80,80,80,80,80,80,51,85,85,85,73,32,32],"items_purged":["Doubt"],"gold":42,"score":177,"play_id":"f785837b-85cd-43b6-bbd1-b649eaf2bfcf","local_time":"20180321055127","is_prod":false,"is_daily":false,"is_ascension_mode":false,"campfire_upgraded":5,"timestamp":1521620487,"path_taken":["M","$","?","$","M","R","?","R","T","?","R","?","R","M","R","BOSS","M","?","M","M","?","E"],"build_version":"2018-03-15v3","purchased_purges":1,"victory":false,"master_deck":["Strike_R","Strike_R+1","Strike_R","Strike_R","Strike_R+1","Defend_R","Defend_R","Defend_R","Defend_R","Bash+1","Bludgeon+1","Cleave+1","Thunderclap+1","Whirlwind+1","Double Tap","Clash+1","Searing Blow","Warcry+1","Apotheosis","Anger","Flex"],"max_hp_per_floor":[80,80,80,80,80,80,80,80,80,80,80,80,80,80,80,80,85,85,85,85,85,85],"relics":["Burning Blood","The Courier","Juzu Bracelet","Tiny House","Bottled Lightning"],"card_choices":[{"not_picked":["Havoc","Feel No Pain"],"picked":"Bludgeon"},{"not_picked":["Pommel Strike","Perfected Strike"],"picked":"Thunderclap"},{"not_picked":["Thunderclap","Twin Strike"],"picked":"Whirlwind"},{"not_picked":["Bludgeon","Exhume"],"picked":"Double Tap"},{"not_picked":["Iron Wave","Blood for Blood"],"picked":"Pommel Strike"},{"not_picked":["Combust","Pommel Strike"],"picked":"Clash"},{"not_picked":["Thunderclap","Iron Wave"],"picked":"Warcry"}],"player_experience":218928,"potions_floor_usage":[16,18],"damage_taken":[{"damage":6,"enemies":"2 Louse","floor":1,"turns":4},{"damage":5,"enemies":"Jaw Worm","floor":5,"turns":4},{"damage":1,"enemies":"Cultist","floor":14,"turns":3},{"damage":35,"enemies":"Slime Boss","floor":16,"turns":9},{"damage":2,"enemies":"3 Byrds","floor":18,"turns":4},{"damage":18,"enemies":"Chosen","floor":20,"turns":4},{"damage":47,"enemies":"Snake Plant","floor":21,"turns":5},{"damage":37,"enemies":"Gremlin Leader","floor":23,"turns":3}],"event_choices":[{"event_name":"The Cleric","player_choice":"Leave","floor":3,"damage_taken":0},{"event_name":"Upgrade Shrine","player_choice":"Upgraded","floor":7,"damage_taken":0},{"event_name":"Liars Game","player_choice":"agreed","floor":10,"damage_taken":0},{"event_name":"Transmorgrifier","player_choice":"Transform","floor":19,"damage_taken":0}],"boss_relics":[{"not_picked":["Sozu","Snecko Eye"],"picked":"Tiny House"}],"potions_floor_spawned":[5],"seed_played":"8577374909508484592","killed_by":"Gremlin Leader","ascension_level":0,"is_trial":false}