{"gold_per_floor":[112,112,112,130,150,181,181,198,198,198,127,145,145,160,160,258,258,271,34,34,34,34,44,44,44,70,70,70,88,142,162,162,265,265,285,285,303,320,35,35],"floor_reached":40,"playtime":2392,"items_purged":[],"score":405,"play_id":"b0b9506d-d891-4b0f-99ad-0ba295d9d179","local_time":"20181216225625","is_ascension_mode":true,"campfire_choices":[{"data":"Calculated Gamble","floor":7,"key":"SMITH"},{"data":"Dagger Spray","floor":10,"key":"SMITH"},{"floor":15,"key":"REST"},{"floor":25,"key":"REST"},{"data":"Adrenaline","floor":27,"key":"SMITH"},{"floor":32,"key":"REST"}],"neow_cost":"NONE","seed_source_timestamp":273296137988855,"circlet_count":0,"master_deck":["Defend_G","Defend_G","Defend_G","Defend_G","Defend_G","Strike_G","Strike_G","Strike_G","Strike_G","Strike_G","Survivor","Neutralize","Caltrops+1","Calculated Gamble+1","Noxious Fumes","Die Die Die","Dagger Spray+1","Leg Sweep","Adrenaline+1","Phantasmal Killer","Sucker Punch+1","Chrysalis","PiercingWail","Backstab","Escape Plan+1","After Image+1","Accuracy+1","Quick Slash+1","Skewer","Skewer+1"],"relics":["Ring of the Snake","Letter Opener","Mummified Hand","NlothsMask","Lizard Tail","Enchiridion","Happy Flower","Astrolabe","Bird Faced Urn"],"potions_floor_usage":[6,14,16,23,29,29,40],"damage_taken":[{"damage":0,"enemies":"Jaw Worm","floor":1,"turns":6},{"damage":1,"enemies":"Cultist","floor":4,"turns":4},{"damage":3,"enemies":"Small Slimes","floor":5,"turns":4},{"damage":23,"enemies":"Gremlin Nob","floor":6,"turns":5},{"damage":0,"enemies":"2 Fungi Beasts","floor":8,"turns":2},{"damage":0,"enemies":"3 Louse","floor":12,"turns":1},{"damage":2,"enemies":"Looter","floor":14,"turns":3},{"damage":46,"enemies":"The Guardian","floor":16,"turns":13},{"damage":16,"enemies":"Chosen","floor":18,"turns":4},{"damage":2,"enemies":"Shell Parasite","floor":23,"turns":6},{"damage":33,"enemies":"Chosen and Byrds","floor":29,"turns":9},{"damage":8,"enemies":"Centurion and Healer","floor":31,"turns":3},{"damage":45,"enemies":"Collector","floor":33,"turns":11},{"damage":10,"enemies":"3 Shapes","floor":35,"turns":7},{"damage":11,"enemies":"3 Darklings","floor":37,"turns":4},{"damage":16,"enemies":"Sphere and 2 Shapes","floor":38,"turns":7},{"damage":56,"enemies":"Nemesis","floor":40,"turns":6}],"seed_played":"-8350914654471089164","potions_obtained":[{"floor":1,"key":"Regen Potion"},{"floor":5,"key":"Dexterity Potion"},{"floor":6,"key":"Poison Potion"},{"floor":16,"key":"Strength Potion"},{"floor":18,"key":"Block Potion"},{"floor":23,"key":"SpeedPotion"},{"floor":35,"key":"Strength Potion"}],"is_trial":false,"path_per_floor":["M","?","$","M","M","E","R","M","T","R","$","M","?","M","R","B",null,"M","$","?","?","$","M","$","R","T","R","?","M","T","M","R","B",null,"M","?","M","M","$","E"],"character_chosen":"THE_SILENT","items_purchased":["Leg Sweep","Chrysalis","PiercingWail","Bird Faced Urn"],"campfire_rested":3,"item_purchase_floors":[11,19,19,39],"current_hp_per_floor":[77,77,77,76,73,59,59,59,59,59,59,59,59,57,77,31,77,61,61,45,45,45,43,43,66,66,66,52,19,19,11,35,41,82,72,72,61,45,45,0],"gold":35,"neow_bonus":"TEN_PERCENT_HP_BONUS","is_prod":false,"is_daily":false,"chose_seed":false,"campfire_upgraded":3,"win_rate":0,"timestamp":1545013585,"path_taken":["M","?","$","M","M","E","R","?","T","R","$","M","?","?","R","BOSS","M","$","?","?","$","M","$","R","T","R","?","M","?","?","R","BOSS","M","?","M","M","$","E"],"build_version":"2018-12-13","purchased_purges":0,"victory":false,"max_hp_per_floor":[77,77,77,77,77,77,77,77,77,77,77,77,77,77,77,77,77,77,77,77,77,77,77,77,77,77,77,82,82,82,82,82,82,82,82,82,82,82,82,82],"card_choices":[{"not_picked":["Infinite Blades","Deflect"],"picked":"Caltrops","floor":1},{"not_picked":["Bane","Outmaneuver"],"picked":"Calculated Gamble","floor":4},{"not_picked":["All Out Attack","Blur"],"picked":"Noxious Fumes","floor":5},{"not_picked":["Sucker Punch","Wraith Form v2"],"picked":"Die Die Die","floor":6},{"not_picked":["Sucker Punch","Bane"],"picked":"Dagger Spray","floor":8},{"not_picked":["Catalyst","Terror"],"picked":"Dagger Spray","floor":12},{"not_picked":["Slice","Leg Sweep"],"picked":"Adrenaline","floor":14},{"not_picked":["Night Terror","Doppelganger"],"picked":"Phantasmal Killer","floor":16},{"not_picked":["Infinite Blades","Quick Slash+1"],"picked":"Sucker Punch+1","floor":18},{"not_picked":["Slice+1","Blade Dance"],"picked":"Backstab","floor":23},{"not_picked":["Terror","Prepared"],"picked":"Escape Plan+1","floor":29},{"not_picked":["Crippling Poison","Underhanded Strike+1"],"picked":"Sucker Punch+1","floor":31},{"not_picked":["Grand Finale","Tools of the Trade"],"picked":"Unload","floor":33},{"not_picked":["Reflex+1","Bouncing Flask+1"],"picked":"Skewer","floor":35},{"not_picked":["Slice+1","Bane+1"],"picked":"Skewer+1","floor":37},{"not_picked":["Crippling Poison","Poisoned Stab+1","Blade Dance"],"picked":"SKIP","floor":38}],"player_experience":509378,"relics_obtained":[{"floor":6,"key":"Letter Opener"},{"floor":9,"key":"Mummified Hand"},{"floor":20,"key":"Enchiridion"},{"floor":30,"key":"Happy Flower"}],"event_choices":[{"damage_healed":0,"gold_gain":0,"player_choice":"Upgraded","damage_taken":0,"max_hp_gain":0,"max_hp_loss":0,"event_name":"Upgrade Shrine","floor":2,"gold_loss":0,"cards_upgraded":["Caltrops"]},{"damage_healed":0,"gold_gain":0,"player_choice":"Trade","damage_taken":0,"relics_obtained":["NlothsMask"],"max_hp_gain":0,"max_hp_loss":0,"event_name":"FaceTrader","floor":13,"gold_loss":0},{"damage_healed":0,"gold_gain":0,"player_choice":"Obtained Book","damage_taken":16,"max_hp_gain":0,"max_hp_loss":0,"event_name":"Cursed Tome","floor":20,"gold_loss":0},{"damage_healed":0,"gold_gain":0,"player_choice":"Ignored","damage_taken":0,"max_hp_gain":0,"max_hp_loss":0,"event_name":"Ghosts","floor":21,"gold_loss":0},{"damage_healed":0,"gold_gain":0,"player_choice":"Shed Blood","damage_taken":19,"max_hp_gain":5,"max_hp_loss":0,"event_name":"Forgotten Altar","floor":28,"gold_loss":0},{"damage_healed":0,"gold_gain":0,"player_choice":"Ignored","damage_taken":0,"max_hp_gain":0,"max_hp_loss":0,"event_name":"Tomb of Lord Red Mask","floor":36,"gold_loss":0}],"is_beta":true,"boss_relics":[{"not_picked":["WristBlade","Calling Bell"],"picked":"Lizard Tail"},{"not_picked":["Pandora\u0027s Box","Runic Pyramid"],"picked":"Astrolabe"}],"items_purged_floors":[],"is_endless":false,"potions_floor_spawned":[1,5,6,16,18,23,35],"killed_by":"Nemesis","ascension_level":1}