{"gold_per_floor":[115,11,29,179,179,179,214,232,256,256,311,338,338,356,356,432,432,447,465,465,485,501,536,536,554,554,587,62,92,92,120,120,195,195,208,208,33,33,47,73,295,295,295,295,10,40,54,65,65,65,65],"floor_reached":51,"playtime":2549,"items_purged":["Pain","Strike_B+1","Writhe"],"score":1542,"play_id":"29b8d70e-dd4e-4763-b862-44c4cd332629","local_time":"20190202001153","is_ascension_mode":true,"campfire_choices":[{"data":"Zap","floor":6.0,"key":"SMITH"},{"floor":10.0,"key":"REST"},{"data":"Tempest","floor":13.0,"key":"SMITH"},{"data":"Thunder Strike","floor":15.0,"key":"SMITH"},{"data":"Hologram","floor":24,"key":"SMITH"},{"data":"Hologram","floor":30,"key":"SMITH"},{"data":"Dark Shackles","floor":32,"key":"SMITH"},{"floor":42,"key":"RECALL"},{"data":"Buffer","floor":49,"key":"SMITH"}],"neow_cost":"CURSE","seed_source_timestamp":5850340245537,"circlet_count":0,"master_deck":["AscendersBane","Strike_B+1","Strike_B+1","Strike_B+1","Defend_B+1","Defend_B+1","Defend_B+1","Defend_B+1","Zap+1","Dualcast","Electrodynamics","Chill","Coolheaded+1","Compile Driver","Hologram+1","Tempest+1","Hologram+1","Thunder Strike+1","Ball Lightning","Core Surge","Compile Driver","White Noise","Conserve Battery","Chill+1","Undo","Cold Snap","BootSequence","Dark Shackles+1","Coolheaded+1","Echo Form","Buffer+1","Skim+1","Defragment+1","Capacitor+1","Core Surge","Chaos+1","Hologram+1","Barrage+1"],"special_seed":0,"relics":["Cracked Core","Strawberry","DataDisk","Girya","Meat on the Bone","Philosopher\u0027s Stone","The Courier","Bag of Marbles","Lee\u0027s Waffle","War Paint","Red Mask","Nunchaku","Cursed Key","Medical Kit","Toxic Egg 2","Happy Flower","Ancient Tea Set"],"potions_floor_usage":[18,23,23,25,27,33,40,46,50,51],"damage_taken":[{"damage":8.0,"enemies":"Jaw Worm","floor":1.0,"turns":3.0},{"damage":8.0,"enemies":"Small Slimes","floor":3.0,"turns":3.0},{"damage":30.0,"enemies":"Gremlin Nob","floor":7.0,"turns":4.0},{"damage":7.0,"enemies":"2 Louse","floor":8.0,"turns":3.0},{"damage":3.0,"enemies":"3 Sentries","floor":11.0,"turns":4.0},{"damage":7.0,"enemies":"3 Sentries","floor":12.0,"turns":2.0},{"damage":0.0,"enemies":"Looter","floor":14.0,"turns":3.0},{"damage":18,"enemies":"The Guardian","floor":16,"turns":7},{"damage":21,"enemies":"2 Thieves","floor":18,"turns":4},{"damage":0,"enemies":"3 Byrds","floor":19,"turns":2},{"damage":5,"enemies":"3 Cultists","floor":21,"turns":3},{"damage":10,"enemies":"Centurion and Healer","floor":22,"turns":3},{"damage":25,"enemies":"Book of Stabbing","floor":23,"turns":3},{"damage":5,"enemies":"Snecko","floor":25,"turns":4},{"damage":25,"enemies":"Slavers","floor":27,"turns":4},{"damage":0,"enemies":"Masked Bandits","floor":29,"turns":3},{"damage":0,"enemies":"Gremlin Leader","floor":31,"turns":4},{"damage":6,"enemies":"Champ","floor":33,"turns":6},{"damage":2,"enemies":"Orb Walker","floor":35,"turns":3},{"damage":1,"enemies":"3 Darklings","floor":39,"turns":6},{"damage":4,"enemies":"Nemesis","floor":40,"turns":11},{"damage":14,"enemies":"Reptomancer","floor":46,"turns":6},{"damage":2,"enemies":"Transient","floor":47,"turns":6},{"damage":0,"enemies":"Maw","floor":48,"turns":5},{"damage":35,"enemies":"Donu and Deca","floor":50,"turns":8},{"damage":54,"enemies":"Awakened One","floor":51,"turns":11}],"seed_played":"-490764757558457946","potions_obtained":[{"floor":1.0,"key":"Dexterity Potion"},{"floor":11.0,"key":"Regen Potion"},{"floor":16,"key":"PowerPotion"},{"floor":22,"key":"FearPotion"},{"floor":23,"key":"SkillPotion"},{"floor":25,"key":"Energy Potion"},{"floor":27,"key":"EssenceOfSteel"},{"floor":33,"key":"EssenceOfSteel"},{"floor":39,"key":"FocusPotion"},{"floor":40,"key":"Fire Potion"},{"floor":47,"key":"Weak Potion"}],"is_trial":false,"path_per_floor":["M","$","M","?","?","R","E","M","T","R","?","E","R","M","R","B",null,"M","M","?","M","M","E","R","M","T","E","$","?","R","E","R","B",null,"M","?","$","T","M","E","?","R","T","?","$","E","M","M","R","B","B"],"character_chosen":"DEFECT","items_purchased":["Coolheaded","Lee\u0027s Waffle","FocusPotion","War Paint","Dark Shackles","Medical Kit","Core Surge","Chaos+1"],"campfire_rested":1,"item_purchase_floors":[2,28,28,28,28,37,45,45],"current_hp_per_floor":[56,56,48,48,41,41,18,11,11,34,31,29,29,41,41,35,67,46,46,46,41,43,30,30,37,37,24,85,85,85,85,85,79,84,82,82,82,82,81,77,77,77,77,77,77,63,61,61,61,38,0],"gold":65,"neow_bonus":"THREE_RARE_CARDS","is_prod":false,"is_daily":false,"chose_seed":false,"campfire_upgraded":7,"win_rate":0,"timestamp":1549062713,"path_taken":["M","$","M","?","?","R","E","M","T","R","?","E","R","M","R","BOSS","M","M","?","M","M","E","R","M","T","E","$","?","R","E","R","BOSS","M","?","$","?","M","E","?","R","T","?","?","E","?","M","R","BOSS","BOSS"],"build_version":"2019-01-23","purchased_purges":3,"victory":false,"max_hp_per_floor":[71,71,71,71,71,71,78,78,78,78,78,78,78,78,78,78,78,78,78,78,78,78,78,78,78,78,78,85,85,85,85,85,85,85,85,85,85,85,85,85,85,85,85,81,81,81,81,81,81,81,81],"card_choices":[{"not_picked":["Multi-Cast","Meteor Strike"],"picked":"Electrodynamics","floor":0.0},{"not_picked":["Streamline","Skim"],"picked":"Chill","floor":1.0},{"not_picked":["White Noise","Hello World"],"picked":"Compile Driver","floor":3.0},{"not_picked":["Sweeping Beam","Auto Shields"],"picked":"Hologram","floor":7.0},{"not_picked":["Redo","Darkness"],"picked":"Tempest","floor":8.0},{"not_picked":["Barrage","Steam Power"],"picked":"Hologram","floor":11.0},{"not_picked":["Go for the Eyes","Sweeping Beam"],"picked":"Thunder Strike","floor":12.0},{"not_picked":["Sweeping Beam","Go for the Eyes"],"picked":"Ball Lightning","floor":14.0},{"not_picked":["Hyperbeam","Electrodynamics"],"picked":"Core Surge","floor":16},{"not_picked":["Compile Driver","Sweeping Beam","Sunder"],"picked":"SKIP","floor":18},{"not_picked":["Sweeping Beam","Sunder"],"picked":"Compile Driver","floor":18},{"not_picked":["Steam","Hologram"],"picked":"White Noise","floor":19},{"not_picked":["Gash","Self Repair"],"picked":"Conserve Battery","floor":21},{"not_picked":["Cold Snap","Gash"],"picked":"Chill","floor":22},{"not_picked":["Turbo","Sweeping Beam"],"picked":"Undo","floor":23},{"not_picked":["Gash","Ball Lightning"],"picked":"Cold Snap","floor":25},{"not_picked":["Sunder","Aggregate"],"picked":"BootSequence","floor":27},{"not_picked":["Force Field","Loop"],"picked":"Coolheaded+1","floor":29},{"not_picked":["Doom and Gloom+1","Streamline+1"],"picked":"Echo Form","floor":31},{"not_picked":["Core Surge","Seek"],"picked":"Buffer","floor":33},{"not_picked":["Turbo","Gash+1"],"picked":"Skim+1","floor":35},{"not_picked":["Steam+1","Ball Lightning"],"picked":"Defragment+1","floor":39},{"not_picked":["Loop","Hologram+1"],"picked":"Capacitor+1","floor":40},{"not_picked":["Compile Driver","Sweeping Beam+1"],"picked":"Hologram+1","floor":46},{"not_picked":["Beam Cell","Melter","Ball Lightning"],"picked":"SKIP","floor":47},{"not_picked":["Meteor Strike","Compile Driver"],"picked":"Barrage+1","floor":48}],"player_experience":942160,"relics_obtained":[{"floor":7.0,"key":"Strawberry"},{"floor":9.0,"key":"DataDisk"},{"floor":11.0,"key":"Girya"},{"floor":12.0,"key":"Meat on the Bone"},{"floor":23,"key":"The Courier"},{"floor":27,"key":"Bag of Marbles"},{"floor":29,"key":"Red Mask"},{"floor":31,"key":"Nunchaku"},{"floor":38,"key":"Toxic Egg 2"},{"floor":40,"key":"Happy Flower"},{"floor":46,"key":"Ancient Tea Set"}],"event_choices":[{"damage_healed":0.0,"max_hp_gain":0.0,"max_hp_loss":0.0,"gold_gain":150.0,"event_name":"Liars Game","player_choice":"AGREE","floor":4.0,"gold_loss":0.0,"damage_taken":0.0,"cards_obtained":["Doubt"]},{"cards_removed":["Doubt"],"damage_healed":0.0,"max_hp_gain":0.0,"max_hp_loss":0.0,"gold_gain":0.0,"event_name":"Golden Wing","player_choice":"Card Removal","floor":5.0,"gold_loss":0.0,"damage_taken":7.0},{"damage_healed":0.0,"max_hp_gain":0.0,"max_hp_loss":0.0,"gold_gain":0.0,"event_name":"Dead Adventurer","player_choice":"Searched \u00272\u0027 times","floor":11.0,"gold_loss":0.0,"damage_taken":0.0},{"damage_healed":0,"gold_gain":0,"player_choice":"Simplicity","damage_taken":0,"max_hp_gain":0,"max_hp_loss":0,"event_name":"Back to Basics","floor":20,"gold_loss":0,"cards_upgraded":["Strike_B","Strike_B","Strike_B","Strike_B","Defend_B","Defend_B","Defend_B","Defend_B"]},{"damage_healed":0,"gold_gain":0,"player_choice":"Fought Bandits","damage_taken":0,"max_hp_gain":0,"max_hp_loss":0,"event_name":"Masked Bandits","floor":29,"gold_loss":0},{"damage_healed":0,"gold_gain":0,"player_choice":"Ignored","damage_taken":0,"max_hp_gain":0,"max_hp_loss":0,"event_name":"SecretPortal","floor":36,"gold_loss":0},{"damage_healed":0,"gold_gain":222,"player_choice":"Wore Mask","damage_taken":0,"max_hp_gain":0,"max_hp_loss":0,"event_name":"Tomb of Lord Red Mask","floor":41,"gold_loss":0},{"damage_healed":0,"gold_gain":0,"player_choice":"Max HP","damage_taken":0,"max_hp_gain":0,"max_hp_loss":4,"event_name":"Winding Halls","floor":44,"gold_loss":0}],"is_beta":true,"boss_relics":[{"not_picked":["FrozenCore","Lizard Tail"],"picked":"Philosopher\u0027s Stone"},{"not_picked":["Runic Pyramid","Runic Dome"],"picked":"Cursed Key"}],"items_purged_floors":[2,28,45],"is_endless":false,"potions_floor_spawned":[1,11,16,22,23,25,27,33,39,40,47],"killed_by":"Awakened One","ascension_level":20}