{"gold_per_floor":[109,109,120,45,64,94,94,94,166,195,210,222,255,275,275,371,371,391,410,510,526,540,574,574,607,682,695,695,730,746,776,776,871,871,888,94,94,112,129,163,188,200,290,302,330,387,432,463,475,487,499,511,28,60,60],"floor_reached":56,"playtime":4004,"items_purged":["Strike_R","Strike_R","Dark Embrace"],"score":1540,"play_id":"00bdac93-197b-41c3-8581-06413a926fd9","local_time":"20190126173247","is_ascension_mode":true,"campfire_choices":[{"data":"Sword Boomerang","floor":8,"key":"SMITH"},{"data":"Infernal Blade","floor":15,"key":"SMITH"},{"data":"Inflame","floor":24,"key":"SMITH"},{"data":"Metallicize","floor":32,"key":"SMITH"},{"floor":42,"key":"RECALL"},{"data":"1","floor":44,"key":"LIFT"},{"floor":49,"key":"DIG"},{"data":"2","floor":52,"key":"LIFT"}],"neow_cost":"NONE","seed_source_timestamp":17647169875255,"circlet_count":0,"master_deck":["Strike_R+1","Strike_R+1","Defend_R","Defend_R","Defend_R","Defend_R","Bash","Shrug It Off","Sword Boomerang+1","Body Slam+1","Inflame+1","Infernal Blade+1","Metallicize+1","Infernal Blade","Feed+1","Feed","Pummel+1","Infernal Blade+1","Pummel","Shrug It Off","Heavy Blade+1","Infernal Blade","Demon Form","Dual Wield","Armaments+1","Mind Blast+1","Seeing Red","Sword Boomerang+1","Shrug It Off+1","Finesse","Brutality"],"relics":["Burning Blood","Boot","Strawberry","Mercury Hourglass","Anchor","Ancient Tea Set","Black Star","Pocketwatch","Mummified Hand","Thread and Needle","Whetstone","Molten Egg 2","Oddly Smooth Stone","Shuriken","MutagenicStrength","Orichalcum","Pantograph","Omamori","Prayer Wheel","Cursed Key","Sling","Girya","Art of War","Happy Flower","MawBank","Incense Burner","Shovel","Vajra","Bronze Scales","Membership Card","Charon\u0027s Ashes","Pen Nib","Gremlin Horn"],"potions_floor_usage":[13,13,16,16,16,20,20,20,21,33,45,45,46,47,55,55],"damage_taken":[{"damage":4,"enemies":"Small Slimes","floor":1,"turns":4},{"damage":0,"enemies":"Cultist","floor":3,"turns":3},{"damage":1,"enemies":"2 Louse","floor":5,"turns":3},{"damage":34,"enemies":"Lagavulin","floor":6,"turns":10},{"damage":26,"enemies":"Gremlin Nob","floor":10,"turns":4},{"damage":0,"enemies":"Exordium Wildlife","floor":11,"turns":2},{"damage":0,"enemies":"Large Slime","floor":12,"turns":3},{"damage":30,"enemies":"Lagavulin","floor":13,"turns":4},{"damage":0,"enemies":"2 Fungi Beasts","floor":14,"turns":3},{"damage":32,"enemies":"Hexaghost","floor":16,"turns":8},{"damage":7,"enemies":"3 Byrds","floor":18,"turns":4},{"damage":0,"enemies":"2 Thieves","floor":19,"turns":2},{"damage":12,"enemies":"Colosseum Slavers","floor":20,"turns":4},{"damage":26,"enemies":"Colosseum Nobs","floor":20,"turns":4},{"damage":9,"enemies":"Snake Plant","floor":21,"turns":3},{"damage":7,"enemies":"Centurion and Healer","floor":22,"turns":5},{"damage":12,"enemies":"Gremlin Leader","floor":23,"turns":7},{"damage":3,"enemies":"Slavers","floor":25,"turns":3},{"damage":8,"enemies":"Snecko","floor":27,"turns":3},{"damage":0,"enemies":"Book of Stabbing","floor":29,"turns":4},{"damage":1,"enemies":"Snake Plant","floor":30,"turns":2},{"damage":8,"enemies":"Gremlin Leader","floor":31,"turns":6},{"damage":58,"enemies":"Collector","floor":33,"turns":9},{"damage":0,"enemies":"3 Darklings","floor":35,"turns":3},{"damage":24,"enemies":"3 Shapes","floor":38,"turns":3},{"damage":30,"enemies":"Maw","floor":39,"turns":6},{"damage":0,"enemies":"Giant Head","floor":40,"turns":5},{"damage":3,"enemies":"Jaw Worm Horde","floor":41,"turns":3},{"damage":11,"enemies":"Sphere and 2 Shapes","floor":45,"turns":3},{"damage":7,"enemies":"2 Orb Walkers","floor":46,"turns":3},{"damage":23,"enemies":"Nemesis","floor":47,"turns":5},{"damage":8,"enemies":"Writhing Mass","floor":48,"turns":6},{"damage":52,"enemies":"Time Eater","floor":50,"turns":6},{"damage":0,"enemies":"Shield and Spear","floor":54,"turns":2},{"damage":98,"enemies":"The Heart","floor":55,"turns":7}],"seed_played":"-4525336694377783319","potions_obtained":[{"floor":5,"key":"Dexterity Potion"},{"floor":6,"key":"SkillPotion"},{"floor":11,"key":"AttackPotion"},{"floor":13,"key":"Fruit Juice"},{"floor":14,"key":"EntropicBrew"},{"floor":20,"key":"Poison Potion"},{"floor":22,"key":"FearPotion"},{"floor":25,"key":"LiquidBronze"},{"floor":30,"key":"SpeedPotion"},{"floor":39,"key":"Energy Potion"},{"floor":45,"key":"Ancient Potion"},{"floor":46,"key":"Weak Potion"}],"is_trial":false,"path_per_floor":["M","?","M","$","M","E","?","R","T","E","M","M","E","M","R","B",null,"M","M","?","M","M","E","R","E","T","M","?","E","M","E","R","B",null,"M","$","?","M","M","E","M","R","T","R","M","?","E","M","R","B",null,"R","$","E","B",null],"character_chosen":"IRONCLAD","items_purchased":["Sling","Swift Potion","Girya","Art of War","Membership Card","Charon\u0027s Ashes","Weak Potion","Finesse"],"campfire_rested":0,"item_purchase_floors":[36,36,36,36,53,53,53,53],"current_hp_per_floor":[80,64,70,70,75,54,54,54,54,34,40,46,27,36,36,10,95,97,98,81,81,83,80,80,87,87,88,88,94,99,101,101,69,121,121,121,121,107,87,96,103,103,103,103,102,108,91,92,92,71,150,150,150,154,66],"gold":60,"neow_bonus":"RANDOM_COMMON_RELIC","is_prod":false,"is_daily":false,"chose_seed":false,"campfire_upgraded":4,"win_rate":0,"timestamp":1548523967,"path_taken":["M","?","M","$","M","E","?","R","T","E","?","M","E","M","R","BOSS","M","M","?","M","M","E","R","E","T","M","?","E","M","E","R","BOSS","M","$","?","M","M","E","M","R","T","R","M","?","E","M","R","BOSS","R","$","E","BOSS"],"build_version":"2019-01-23","purchased_purges":3,"victory":true,"max_hp_per_floor":[80,80,80,80,80,87,87,87,87,87,87,87,92,95,95,95,95,98,98,98,101,104,107,107,111,111,114,114,114,114,118,118,121,121,121,121,121,125,129,132,136,136,136,136,140,147,147,150,150,150,150,150,150,154,158],"card_choices":[{"not_picked":["Wild Strike","Flex"],"picked":"Shrug It Off","floor":1},{"not_picked":["Heavy Blade","Pummel"],"picked":"Sword Boomerang","floor":3},{"not_picked":["Flex","Power Through"],"picked":"Body Slam","floor":5},{"not_picked":["Rampage","Corruption"],"picked":"Inflame","floor":6},{"not_picked":["Warcry","Clothesline"],"picked":"Infernal Blade","floor":10},{"not_picked":["Warcry","Havoc"],"picked":"Metallicize","floor":11},{"not_picked":["Hemokinesis","Carnage"],"picked":"Infernal Blade","floor":12},{"not_picked":["Perfected Strike","Flame Barrier"],"picked":"Feed","floor":13},{"not_picked":["Armaments","Combust","Sever Soul"],"picked":"SKIP","floor":14},{"not_picked":["Fiend Fire","Brutality"],"picked":"Feed","floor":16},{"not_picked":["Cleave","Havoc"],"picked":"Pummel+1","floor":18},{"not_picked":["Thunderclap","Headbutt","Cleave"],"picked":"SKIP","floor":19},{"not_picked":["Feel No Pain","Rage"],"picked":"Infernal Blade+1","floor":20},{"not_picked":["Reckless Charge","Shrug It Off+1"],"picked":"Pummel","floor":21},{"not_picked":["Clothesline","Body Slam+1","Burning Pact"],"picked":"SKIP","floor":22},{"not_picked":["Clothesline+1","Cleave","Flex"],"picked":"SKIP","floor":23},{"not_picked":["Twin Strike","Iron Wave","Perfected Strike"],"picked":"SKIP","floor":25},{"not_picked":["Cleave+1","Armaments"],"picked":"Shrug It Off","floor":27},{"not_picked":["Thunderclap+1","Iron Wave+1"],"picked":"Heavy Blade+1","floor":29},{"not_picked":["Blood for Blood+1","Armaments+1"],"picked":"Infernal Blade","floor":30},{"not_picked":["Berserk","Corruption+1","Heavy Blade+1"],"picked":"SKIP","floor":31},{"not_picked":["Impervious","Offering"],"picked":"Demon Form","floor":33},{"not_picked":["Feel No Pain+1","Anger+1"],"picked":"Dual Wield","floor":35},{"not_picked":["Shrug It Off","Spot Weakness"],"picked":"Armaments+1","floor":35},{"not_picked":["Jack Of All Trades","Impatience"],"picked":"Mind Blast+1","floor":37},{"not_picked":["Body Slam+1","Havoc+1","Uppercut+1"],"picked":"SKIP","floor":38},{"not_picked":["Entrench","Feel No Pain","Sever Soul+1"],"picked":"SKIP","floor":38},{"not_picked":["Iron Wave+1","Wild Strike+1"],"picked":"Seeing Red","floor":39},{"not_picked":["Cleave+1","Perfected Strike+1","True Grit+1"],"picked":"SKIP","floor":39},{"not_picked":["Anger+1","Exhume","Rampage+1"],"picked":"SKIP","floor":40},{"not_picked":["Clash+1","Shrug It Off"],"picked":"Sword Boomerang+1","floor":41},{"not_picked":["Headbutt+1","Twin Strike+1","Ghostly Armor+1"],"picked":"SKIP","floor":41},{"not_picked":["Seeing Red+1","Searing Blow+1","Pommel Strike+1"],"picked":"SKIP","floor":45},{"not_picked":["Shrug It Off","Flex+1","Warcry"],"picked":"SKIP","floor":45},{"not_picked":["Sword Boomerang+1","Havoc+1"],"picked":"Dark Embrace","floor":46},{"not_picked":["Sword Boomerang+1","Cleave+1"],"picked":"Shrug It Off+1","floor":47},{"not_picked":["Clothesline+1","Second Wind+1","Uppercut+1"],"picked":"SKIP","floor":48},{"not_picked":["Clothesline+1","Iron Wave+1","Flex"],"picked":"SKIP","floor":48},{"not_picked":["Cleave+1","Havoc+1"],"picked":"Brutality","floor":54}],"player_experience":126518,"relics_obtained":[{"floor":6,"key":"Strawberry"},{"floor":9,"key":"Mercury Hourglass"},{"floor":10,"key":"Anchor"},{"floor":13,"key":"Ancient Tea Set"},{"floor":20,"key":"Pocketwatch"},{"floor":20,"key":"Mummified Hand"},{"floor":23,"key":"Thread and Needle"},{"floor":23,"key":"Whetstone"},{"floor":25,"key":"Molten Egg 2"},{"floor":25,"key":"Oddly Smooth Stone"},{"floor":26,"key":"Shuriken"},{"floor":29,"key":"Orichalcum"},{"floor":29,"key":"Pantograph"},{"floor":31,"key":"Omamori"},{"floor":31,"key":"Prayer Wheel"},{"floor":40,"key":"Happy Flower"},{"floor":40,"key":"MawBank"},{"floor":46,"key":"Incense Burner"},{"floor":47,"key":"Shovel"},{"floor":47,"key":"Vajra"},{"floor":49,"key":"Bronze Scales"},{"floor":54,"key":"Pen Nib"},{"floor":54,"key":"Gremlin Horn"}],"event_choices":[{"damage_healed":0,"gold_gain":0,"player_choice":"Entered Light","damage_taken":16,"max_hp_gain":0,"max_hp_loss":0,"event_name":"Shining Light","floor":2,"gold_loss":0,"cards_upgraded":["Strike_R","Strike_R"]},{"cards_removed":["Strike_R"],"damage_healed":0,"gold_gain":0,"player_choice":"Purged","damage_taken":0,"max_hp_gain":0,"max_hp_loss":0,"event_name":"Purifier","floor":7,"gold_loss":0},{"damage_healed":0,"gold_gain":0,"player_choice":"Fight","damage_taken":0,"max_hp_gain":0,"max_hp_loss":0,"event_name":"Colosseum","floor":20,"gold_loss":0},{"damage_healed":0,"gold_gain":0,"player_choice":"Fought Nobs","damage_taken":0,"max_hp_gain":0,"max_hp_loss":0,"event_name":"Colosseum","floor":20,"gold_loss":0},{"damage_healed":0,"gold_gain":0,"player_choice":"Inject Mutagens","damage_taken":0,"relics_obtained":["MutagenicStrength"],"max_hp_gain":0,"max_hp_loss":0,"event_name":"Drug Dealer","floor":28,"gold_loss":0},{"damage_healed":0,"gold_gain":0,"player_choice":"Memory 1","damage_taken":0,"max_hp_gain":0,"max_hp_loss":0,"event_name":"SensoryStone","floor":37,"gold_loss":0},{"damage_healed":0,"gold_gain":0,"player_choice":"Fight","damage_taken":0,"max_hp_gain":0,"max_hp_loss":0,"event_name":"Mysterious Sphere","floor":46,"gold_loss":0}],"is_beta":false,"boss_relics":[{"not_picked":["Coffee Dripper","Astrolabe"],"picked":"Black Star"},{"not_picked":["Lizard Tail","Snecko Eye"],"picked":"Cursed Key"}],"items_purged_floors":[4,36,53],"is_endless":false,"potions_floor_spawned":[5,6,11,13,14,20,20,22,25,30,31,39,41,45,46],"ascension_level":1}