{"gold_per_floor":[110,125,125,140,140,140,175,175,175,175,50,50,70,82,82,153,153,171,171,191,191,204,204,237,237,262,276,276,306,323,338,338,338],"floor_reached":33,"playtime":1561,"items_purged":["Pain"],"score":599,"play_id":"12addd42-e19e-4913-bae1-d39425ae60cd","local_time":"20190201232655","is_ascension_mode":true,"campfire_choices":[{"data":"Consume","floor":6.0,"key":"SMITH"},{"data":"Capacitor","floor":8.0,"key":"SMITH"},{"floor":10.0,"key":"REST"},{"data":"Hologram","floor":15.0,"key":"SMITH"},{"floor":23.0,"key":"REST"},{"data":"Self Repair","floor":25.0,"key":"SMITH"},{"floor":28.0,"key":"REST"},{"floor":32.0,"key":"REST"}],"neow_cost":"NONE","seed_source_timestamp":0,"circlet_count":0,"master_deck":["AscendersBane","Strike_B","Defend_B","Defend_B","Defend_B+1","Defend_B+1","Zap","Dualcast","Impatience","Cold Snap","Consume+1","Capacitor+1","Cold Snap","Hologram+1","Self Repair+1","Electrodynamics","Conserve Battery","Writhe","Compile Driver+1","Ball Lightning","Multi-Cast","Turbo","Cold Snap"],"special_seed":0,"relics":["Cracked Core","WarpedTongs","StoneCalendar","Empty Cage","Pear","Blue Candle","Pen Nib","Strawberry"],"potions_floor_usage":[33],"damage_taken":[{"damage":3.0,"enemies":"Small Slimes","floor":1.0,"turns":4.0},{"damage":0.0,"enemies":"Cultist","floor":2.0,"turns":4.0},{"damage":5.0,"enemies":"Jaw Worm","floor":4.0,"turns":4.0},{"damage":15.0,"enemies":"Gremlin Nob","floor":7.0,"turns":4.0},{"damage":0.0,"enemies":"Exordium Thugs","floor":13.0,"turns":5.0},{"damage":1.0,"enemies":"2 Fungi Beasts","floor":14.0,"turns":5.0},{"damage":15.0,"enemies":"The Guardian","floor":16.0,"turns":9.0},{"damage":22.0,"enemies":"Shell Parasite","floor":18.0,"turns":6.0},{"damage":3.0,"enemies":"Chosen","floor":20.0,"turns":7.0},{"damage":14.0,"enemies":"Centurion and Healer","floor":22.0,"turns":6.0},{"damage":19.0,"enemies":"Book of Stabbing","floor":24.0,"turns":7.0},{"damage":23.0,"enemies":"Snake Plant","floor":27.0,"turns":6.0},{"damage":45.0,"enemies":"Gremlin Leader","floor":29.0,"turns":6.0},{"damage":11.0,"enemies":"Cultist and Chosen","floor":30.0,"turns":5.0},{"damage":14.0,"enemies":"Sentry and Sphere","floor":31.0,"turns":6.0},{"damage":66,"enemies":"Champ","floor":33,"turns":8}],"seed_played":"-2841269275192432300","potions_obtained":[{"floor":1.0,"key":"SpeedPotion"},{"floor":7.0,"key":"PowerPotion"},{"floor":14.0,"key":"Swift Potion"},{"floor":20.0,"key":"Energy Potion"},{"floor":27.0,"key":"EssenceOfSteel"},{"floor":29.0,"key":"SpeedPotion"}],"is_trial":false,"path_per_floor":["M","M","?","M","?","R","E","R","T","R","$","?","M","M","R","B",null,"M","?","M","?","M","R","E","R","T","M","R","E","M","M","R","B"],"character_chosen":"DEFECT","items_purchased":["Cold Snap"],"campfire_rested":4,"item_purchase_floors":[11],"current_hp_per_floor":[61,61,61,56,35,35,20,20,20,41,41,34,34,33,33,28,60,48,58,62,39,32,57,52,52,52,39,64,36,25,21,48,0],"gold":338,"neow_bonus":"RANDOM_COLORLESS","is_prod":false,"is_daily":false,"chose_seed":false,"campfire_upgraded":4,"win_rate":0,"timestamp":1549060015,"path_taken":["M","M","?","?","?","R","E","R","T","R","?","?","M","M","R","BOSS","M","?","M","?","M","R","E","R","T","M","R","E","M","M","R","BOSS"],"build_version":"2019-01-23","purchased_purges":1,"victory":false,"max_hp_per_floor":[71,71,71,71,71,71,71,71,71,71,71,71,71,71,71,71,71,71,81,81,86,86,86,86,86,86,86,86,93,93,93,93,93],"card_choices":[{"not_picked":["Stack","Gash"],"picked":"Cold Snap","floor":1.0},{"not_picked":["Go for the Eyes","Doom and Gloom"],"picked":"Consume","floor":2.0},{"not_picked":["Doom and Gloom","Heatsinks","Barrage"],"picked":"SKIP","floor":4.0},{"not_picked":["Storm","Conserve Battery"],"picked":"Capacitor","floor":7.0},{"not_picked":["Recycle","Static Discharge"],"picked":"Hologram","floor":13.0},{"not_picked":["Lockon","Beam Cell"],"picked":"Self Repair","floor":14.0},{"not_picked":["Multi-Cast","Thunder Strike"],"picked":"Electrodynamics","floor":16.0},{"not_picked":["Barrage","Consume"],"picked":"Conserve Battery","floor":18.0},{"not_picked":["Streamline","Recycle"],"picked":"Compile Driver+1","floor":20.0},{"not_picked":["Reprogram+1","Barrage"],"picked":"Ball Lightning","floor":22.0},{"not_picked":["Heatsinks","Doom and Gloom"],"picked":"Multi-Cast","floor":24.0},{"not_picked":["Conserve Battery","Leap"],"picked":"Turbo","floor":27.0},{"not_picked":["Ball Lightning","Aggregate"],"picked":"Cold Snap","floor":29.0},{"not_picked":["Thunder Strike","Leap","Stack"],"picked":"SKIP","floor":30.0},{"not_picked":["Gash","Rebound","Thunder Strike"],"picked":"SKIP","floor":31.0}],"player_experience":940599,"relics_obtained":[{"floor":7.0,"key":"StoneCalendar"},{"floor":24.0,"key":"Blue Candle"},{"floor":26.0,"key":"Pen Nib"},{"floor":29.0,"key":"Strawberry"}],"event_choices":[{"damage_healed":0.0,"max_hp_gain":0.0,"max_hp_loss":0.0,"gold_gain":0.0,"event_name":"Accursed Blacksmith","player_choice":"Rummage","floor":3.0,"gold_loss":0.0,"damage_taken":0.0,"relics_obtained":["WarpedTongs"],"cards_obtained":["Pain"]},{"damage_healed":0.0,"max_hp_gain":0.0,"max_hp_loss":0.0,"gold_gain":0.0,"event_name":"Shining Light","player_choice":"Entered Light","floor":5.0,"gold_loss":0.0,"damage_taken":21.0,"cards_upgraded":["Defend_B","Defend_B"]},{"cards_removed":["Strike_B"],"damage_healed":0.0,"max_hp_gain":0.0,"max_hp_loss":0.0,"gold_gain":0.0,"event_name":"Golden Wing","player_choice":"Card Removal","floor":12.0,"gold_loss":0.0,"damage_taken":7.0},{"damage_healed":0.0,"max_hp_gain":0.0,"max_hp_loss":0.0,"gold_gain":0.0,"event_name":"The Mausoleum","player_choice":"Opened","floor":19.0,"gold_loss":0.0,"damage_taken":0.0,"relics_obtained":["Pear"],"cards_obtained":["Writhe"]},{"damage_healed":0.0,"max_hp_gain":5.0,"max_hp_loss":0.0,"gold_gain":0.0,"event_name":"Forgotten Altar","player_choice":"Shed Blood","floor":21.0,"gold_loss":0.0,"damage_taken":28.0}],"is_beta":true,"boss_relics":[{"not_picked":["FrozenCore","Pandora\u0027s Box"],"picked":"Empty Cage"}],"items_purged_floors":[11],"is_endless":false,"potions_floor_spawned":[1,7,14,16,20,22,27,29],"killed_by":"Champ","ascension_level":20}