{"path_per_floor":["M","?","$","?","M","R","T","?","T","R","M","$","?","M","R","B",null,"M","?","$","M","$","R","?"],"character_chosen":"THE_SILENT","items_purchased":["Art of War","True Grit","Footwork","Jack Of All Trades","Inflame","Bronze Scales","Whirlwind"],"gold_per_floor":[144,319,42,42,87,87,87,87,112,112,157,18,18,63,63,363,363,408,408,178,223,152,152,152,152],"floor_reached":25,"campfire_rested":4,"playtime":1184,"current_hp_per_floor":[65,65,65,65,63,70,70,70,70,70,70,70,52,47,68,3,70,50,50,50,9,9,30,30,0],"items_purged":["Doubt"],"gold":152,"score":187,"play_id":"f47108c0-6adf-4b93-9e25-6b9c0f3defe8","local_time":"20180426053552","daily_mods":["Diverse","Midas","Binary"],"is_prod":false,"is_daily":true,"chose_seed":false,"is_ascension_mode":false,"campfire_upgraded":0,"timestamp":1524729952,"path_taken":["M","?","$","?","M","R","?","?","T","R","M","$","?","M","R","BOSS","M","?","$","M","$","R","?","E"],"build_version":"2018-04-19","seed_source_timestamp":0,"purchased_purges":1,"victory":false,"master_deck":["Defend_G","Defend_G","Defend_G","Defend_G","Defend_G","Strike_G","Strike_G","Strike_G","Strike_G","Strike_G","Survivor","Neutralize","True Grit","Blade Dance","Footwork","Jack Of All Trades","Dual Wield","Double Tap","Pommel Strike","Inflame","Flex+1","Whirlwind","Decay"],"max_hp_per_floor":[70,70,70,70,70,70,70,70,70,70,70,70,70,70,70,70,70,70,70,70,70,70,70,70,70],"relics":["Ring of the Snake","Art of War","Tingsha","Lantern","Smiling Mask","Sozu","Bronze Scales"],"card_choices":[{"not_picked":["Perfected Strike"],"picked":"Rampage","floor":1},{"not_picked":["Evolve"],"picked":"Dual Wield","floor":14},{"not_picked":["A Thousand Cuts"],"picked":"Double Tap","floor":16},{"not_picked":["Heavy Blade"],"picked":"Pommel Strike","floor":18},{"not_picked":["Acrobatics"],"picked":"Flex","floor":21}],"player_experience":365587,"potions_floor_usage":[16,16],"damage_taken":[{"damage":5,"enemies":"Jaw Worm","floor":1,"turns":6},{"damage":2,"enemies":"Small Slimes","floor":5,"turns":3},{"damage":0,"enemies":"2 Louse","floor":11,"turns":2},{"damage":5,"enemies":"Blue Slaver","floor":14,"turns":5},{"damage":65,"enemies":"The Guardian","floor":16,"turns":27},{"damage":20,"enemies":"3 Byrds","floor":18,"turns":10},{"damage":41,"enemies":"Chosen","floor":21,"turns":6},{"damage":33,"enemies":"Gremlin Leader","floor":25,"turns":5}],"event_choices":[{"event_name":"Liars Game","player_choice":"agreed","floor":2,"damage_taken":0},{"event_name":"Living Wall","player_choice":"Change","floor":4,"damage_taken":0},{"event_name":"The Cleric","player_choice":"Leave","floor":8,"damage_taken":0},{"event_name":"Scrap Ooze","player_choice":"success","floor":13,"damage_taken":18},{"event_name":"Drug Dealer","player_choice":"Ignored","floor":19,"damage_taken":0},{"event_name":"Forgotten Altar","player_choice":"Smashed Altar","floor":24,"damage_taken":0}],"boss_relics":[{"not_picked":["Snecko Eye","White Beast Statue"],"picked":"Sozu"}],"potions_floor_spawned":[5,11,21],"seed_played":"-4689612834515747258","killed_by":"Gremlin Leader","ascension_level":0,"is_trial":false}