{"path_per_floor":["M","?","?","M","$","R","M","?","T","R","$","M","M","M","R","B",null,"M","$","?","M","M","R","$","M","T","M","E","M","M","T","R"],"character_chosen":"IRONCLAD","items_purchased":["Vajra","Anger","Membership Card","Block Potion"],"gold_per_floor":[119,119,194,212,64,64,80,80,105,105,56,67,78,91,91,194,194,209,11,11,24,42,42,0,20,20,36,62,79,93,93,93],"floor_reached":33,"campfire_rested":3,"playtime":1401,"current_hp_per_floor":[78,78,67,63,63,88,88,88,88,88,88,87,88,88,88,42,88,86,86,86,61,62,88,88,86,86,79,28,38,30,30,56],"items_purged":[],"gold":93,"score":261,"play_id":"91aa2bd0-2961-4920-8521-7aa78b8ccfea","local_time":"20180312012134","is_prod":false,"is_daily":false,"is_ascension_mode":false,"campfire_upgraded":2,"timestamp":1520826694,"path_taken":["M","?","?","M","$","R","M","?","T","R","$","M","M","M","R","BOSS","M","$","?","M","M","R","$","M","T","M","E","M","M","?","R","BOSS"],"build_version":"2018-03-09","purchased_purges":0,"victory":false,"master_deck":["Strike_R","Strike_R","Strike_R","Strike_R","Strike_R","Defend_R","Defend_R","Defend_R","Defend_R","Bash","Whirlwind+1","Anger","Infernal Blade+1","Exhume+1","Anger","Offering","Fiend Fire","Disarm+1","Searing Blow+1","Flex+1"],"max_hp_per_floor":[88,88,88,88,88,88,88,88,88,88,88,88,88,88,88,88,88,88,88,88,88,88,88,88,88,88,88,88,88,88,88,88],"relics":["Burning Blood","Vajra","Bronze Scales","Lizard Tail","Membership Card","Peace Pipe","Smiling Mask","Molten Egg 2"],"card_choices":[{"not_picked":["Seeing Red","Shrug It Off"],"picked":"Whirlwind"},{"not_picked":["Dropkick","Ghostly Armor"],"picked":"Anger"},{"not_picked":["Body Slam","Bloodletting"],"picked":"Infernal Blade"},{"not_picked":["Iron Wave","Cleave"],"picked":"Offering"},{"not_picked":["Reaper","Dark Embrace"],"picked":"Fiend Fire"},{"not_picked":["Ghostly Armor","Blood for Blood"],"picked":"Disarm"},{"not_picked":["Anger","Body Slam"],"picked":"Searing Blow"},{"not_picked":["Reckless Charge","Clash"],"picked":"Flex"}],"player_experience":165418,"potions_floor_usage":[14,16,18,25,25,25,27,30],"damage_taken":[{"damage":16,"enemies":"Jaw Worm","floor":1,"turns":5},{"damage":10,"enemies":"Small Slimes","floor":4,"turns":2},{"damage":5,"enemies":"2 Louse","floor":7,"turns":2},{"damage":7,"enemies":"Gremlin Gang","floor":12,"turns":2},{"damage":0,"enemies":"2 Fungi Beasts","floor":13,"turns":2},{"damage":6,"enemies":"Exordium Wildlife","floor":14,"turns":3},{"damage":52,"enemies":"Hexaghost","floor":16,"turns":6},{"damage":8,"enemies":"Spheric Guardian","floor":18,"turns":2},{"damage":31,"enemies":"Chosen","floor":21,"turns":3},{"damage":5,"enemies":"Snecko","floor":22,"turns":5},{"damage":8,"enemies":"Cultist and Chosen","floor":25,"turns":5},{"damage":13,"enemies":"Snake Plant","floor":27,"turns":3},{"damage":57,"enemies":"Gremlin Leader","floor":28,"turns":6},{"damage":46,"enemies":"Centurion and Healer","floor":29,"turns":7},{"damage":14,"enemies":"Sentry and Sphere","floor":30,"turns":3},{"damage":56,"enemies":"Champ","floor":33,"turns":9}],"event_choices":[{"event_name":"Living Wall","player_choice":"Grow","floor":2,"damage_taken":0},{"event_name":"World of Goop","player_choice":"Gather Gold","floor":3,"damage_taken":0},{"event_name":"Match and Keep!","player_choice":"1 cards matched","floor":8,"damage_taken":0},{"event_name":"Vampires","player_choice":"Ignored","floor":20,"damage_taken":0}],"boss_relics":[{"not_picked":["Pandora\u0027s Box","Sozu"],"picked":"Lizard Tail"}],"potions_floor_spawned":[1,12,14,21,22,25,29],"seed_played":"-3340808472859151369","killed_by":"Champ","ascension_level":0,"is_trial":false}