{"path_per_floor":["M","M","?","M","M","?","E","R","T","M","R","$","M","T","R","B",null,"M","?","M","M","M","R"],"character_chosen":"IRONCLAD","items_purchased":["Torii"],"gold_per_floor":[114,129,304,319,334,284,314,314,339,354,354,54,69,119,119,219,219,234,134,149,164,179,179,179],"floor_reached":24,"campfire_rested":1,"playtime":1125,"current_hp_per_floor":[80,80,80,79,80,80,79,79,79,80,80,80,79,79,79,61,80,55,55,59,31,24,48,0],"items_purged":[],"gold":179,"score":301,"play_id":"bcd4b9f9-51af-496e-acb3-f1ba69926d2f","local_time":"20180401231426","daily_mods":["Insanity","Uncertain Future","Hoarder"],"is_prod":false,"is_daily":true,"is_ascension_mode":false,"campfire_upgraded":3,"timestamp":1522633466,"path_taken":["M","M","?","M","M","?","E","R","T","M","R","$","M","?","R","BOSS","M","?","M","M","M","R","E"],"build_version":"2018-03-29v2","purchased_purges":0,"victory":false,"master_deck":["Second Wind","True Grit+1","Burning Pact","Fiend Fire","Reaper","Demon Form","Entrench","Rupture","Dropkick","Pummel","Hemokinesis","Searing Blow","Shockwave","Shockwave","Immolate","Seeing Red","Iron Wave","Ghostly Armor","Spot Weakness","Brutality","Fiend Fire","Metallicize","Perfected Strike","Fiend Fire","Armaments","Berserk","Barricade","Dual Wield","Warcry","Pommel Strike","Shockwave","Armaments+1","Hemokinesis","Offering","Reckless Charge","Double Tap","Metallicize","Reckless Charge","Evolve","Rage","Power Through","Twin Strike+1","Burning Pact","Dual Wield","True Grit","Entrench","Armaments","Bludgeon","Offering+1","Double Tap","Perfected Strike","Perfected Strike","Perfected Strike","Doubt","Doubt","Perfected Strike","Perfected Strike","Perfected Strike+1","Inflame","Inflame","Inflame","Impervious","Impervious","Impervious","Battle Trance+1","Battle Trance+1","Battle Trance+1","J.A.X.","J.A.X.","J.A.X."],"max_hp_per_floor":[80,80,80,80,80,80,80,80,80,80,80,80,80,80,80,80,80,80,80,80,80,80,80,80],"relics":["Burning Blood","Vajra","Blood Vial","Torii","Whetstone","Black Star"],"card_choices":[{"not_picked":["Second Wind","Shrug It Off"],"picked":"Perfected Strike","floor":2},{"not_picked":["Wild Strike","Warcry"],"picked":"Perfected Strike","floor":4},{"not_picked":["Carnage","Pommel Strike"],"picked":"Inflame","floor":10},{"not_picked":["Exhume","Feed"],"picked":"Impervious","floor":16},{"not_picked":["Iron Wave","Heavy Blade"],"picked":"Battle Trance","floor":18}],"player_experience":273539,"potions_floor_usage":[5,5,16,21],"damage_taken":[{"damage":6,"enemies":"Jaw Worm","floor":1,"turns":2},{"damage":0,"enemies":"2 Louse","floor":2,"turns":2},{"damage":7,"enemies":"Small Slimes","floor":4,"turns":2},{"damage":0,"enemies":"3 Louse","floor":5,"turns":3},{"damage":7,"enemies":"Gremlin Nob","floor":7,"turns":2},{"damage":0,"enemies":"2 Fungi Beasts","floor":10,"turns":2},{"damage":7,"enemies":"Large Slime","floor":13,"turns":2},{"damage":40,"enemies":"The Guardian","floor":16,"turns":14},{"damage":31,"enemies":"Chosen","floor":18,"turns":4},{"damage":4,"enemies":"Spheric Guardian","floor":20,"turns":3},{"damage":36,"enemies":"Snake Plant","floor":21,"turns":7},{"damage":15,"enemies":"Snecko","floor":22,"turns":6},{"damage":51,"enemies":"Slavers","floor":24,"turns":6}],"event_choices":[{"event_name":"Liars Game","player_choice":"agreed","floor":3,"damage_taken":0},{"event_name":"The Cleric","player_choice":"Card Removal","floor":6,"damage_taken":0},{"event_name":"Drug Dealer","player_choice":"Got JAXXED","floor":19,"damage_taken":0}],"boss_relics":[{"not_picked":["Runic Cube","White Beast Statue"],"picked":"Black Star"}],"potions_floor_spawned":[1,4,5,20],"seed_played":"-6970062414671020423","killed_by":"Slavers","ascension_level":0,"is_trial":false}