{"gold_per_floor":[116,116,137,158,108,108,36,36,36,36,36,69,92,111,111,242,242,263,287,287,165,185,185,210,210,291,304,317,317,337,29,29,29],"floor_reached":33,"playtime":1023,"items_purged":["Strike_R"],"score":423,"play_id":"b5bae020-f437-445e-88fd-96a5c5b69ed5","local_time":"20190211143950","is_ascension_mode":true,"campfire_choices":[{"floor":6,"key":"REST"},{"data":"Bash","floor":8,"key":"SMITH"},{"data":"Shrug It Off","floor":10,"key":"SMITH"},{"data":"Clothesline","floor":15,"key":"SMITH"},{"data":"True Grit","floor":23,"key":"SMITH"},{"data":"Demon Form","floor":25,"key":"SMITH"},{"floor":32,"key":"REST"}],"neow_cost":"PERCENT_DAMAGE","seed_source_timestamp":863287195897964,"circlet_count":0,"master_deck":["AscendersBane","Strike_R","Strike_R","Strike_R","Strike_R","Defend_R","Defend_R","Defend_R","Defend_R","Bash+1","Cleave","Shrug It Off","Shrug It Off+1","Spot Weakness","Seeing Red","Clothesline+1","Demon Form+1","True Grit+1","Heavy Blade","True Grit"],"relics":["Burning Blood","Golden Idol","Red Skull","Busted Crown","Tiny Chest","Bottled Tornado"],"potions_floor_usage":[18,33],"damage_taken":[{"damage":9,"enemies":"Jaw Worm","floor":1,"turns":4},{"damage":11,"enemies":"Cultist","floor":3,"turns":4},{"damage":0,"enemies":"2 Louse","floor":4,"turns":2},{"damage":38,"enemies":"Gremlin Nob","floor":12,"turns":4},{"damage":9,"enemies":"Exordium Thugs","floor":13,"turns":5},{"damage":8,"enemies":"Blue Slaver","floor":14,"turns":4},{"damage":55,"enemies":"Hexaghost","floor":16,"turns":12},{"damage":20,"enemies":"2 Thieves","floor":18,"turns":5},{"damage":23,"enemies":"3 Byrds","floor":19,"turns":5},{"damage":8,"enemies":"Centurion and Healer","floor":22,"turns":6},{"damage":27,"enemies":"Shelled Parasite and Fungi","floor":24,"turns":8},{"damage":21,"enemies":"Snake Plant","floor":27,"turns":6},{"damage":8,"enemies":"Cultist and Chosen","floor":28,"turns":6},{"damage":22,"enemies":"Colosseum Slavers","floor":29,"turns":5},{"damage":15,"enemies":"Snecko","floor":30,"turns":4},{"damage":83,"enemies":"Collector","floor":33,"turns":7}],"seed_played":"-2737916489283122049","potions_obtained":[{"floor":12,"key":"Energy Potion"},{"floor":13,"key":"FairyPotion"},{"floor":18,"key":"FearPotion"},{"floor":30,"key":"PowerPotion"}],"is_trial":false,"path_per_floor":["M","?","M","M","?","R","$","R","T","R","$","E","M","M","R","B",null,"M","M","?","$","M","R","M","R","T","M","M","?","M","$","R","B"],"character_chosen":"IRONCLAD","items_purchased":["Spot Weakness","True Grit","Bottled Tornado","True Grit"],"campfire_rested":2,"item_purchase_floors":[7,21,31,31],"current_hp_per_floor":[64,64,59,65,65,93,93,93,93,93,93,61,58,56,56,7,74,60,43,96,96,94,94,73,73,73,58,56,40,31,31,59,0],"gold":29,"neow_bonus":"TWENTY_PERCENT_HP_BONUS","is_prod":false,"is_daily":false,"chose_seed":false,"campfire_upgraded":5,"win_rate":0,"timestamp":1549888790,"path_taken":["M","?","M","M","?","R","$","R","T","R","?","E","M","?","R","BOSS","M","M","?","$","M","R","?","R","T","M","M","?","M","$","R","BOSS"],"build_version":"2019-01-23","purchased_purges":1,"victory":false,"max_hp_per_floor":[96,96,96,96,96,96,96,96,96,96,96,96,96,96,96,96,96,96,96,96,96,96,96,96,96,96,96,96,96,96,96,96,96],"card_choices":[{"not_picked":["Twin Strike","Flex"],"picked":"Cleave","floor":1},{"not_picked":["Heavy Blade","Seeing Red"],"picked":"Shrug It Off","floor":3},{"not_picked":["Hemokinesis","Fiend Fire"],"picked":"Shrug It Off","floor":4},{"not_picked":["Clash","Wild Strike"],"picked":"Seeing Red","floor":12},{"not_picked":["Clothesline","Hemokinesis","Shrug It Off"],"picked":"SKIP","floor":13},{"not_picked":["Pommel Strike","Thunderclap"],"picked":"Clothesline","floor":14},{"not_picked":["Feed","Fiend Fire"],"picked":"Demon Form","floor":16},{"not_picked":["Iron Wave"],"picked":"SKIP","floor":18},{"not_picked":["Infernal Blade"],"picked":"SKIP","floor":19},{"not_picked":["Pummel"],"picked":"SKIP","floor":22},{"not_picked":["Pommel Strike"],"picked":"SKIP","floor":24},{"not_picked":[],"picked":"Heavy Blade","floor":27},{"not_picked":["Fire Breathing"],"picked":"SKIP","floor":28},{"not_picked":["Searing Blow"],"picked":"SKIP","floor":30}],"player_experience":728073,"relics_obtained":[{"floor":12,"key":"Red Skull"},{"floor":26,"key":"Tiny Chest"}],"event_choices":[{"damage_healed":0,"gold_gain":0,"player_choice":"Take Wound","damage_taken":0,"relics_obtained":["Golden Idol"],"max_hp_gain":0,"max_hp_loss":0,"event_name":"Golden Idol","floor":2,"gold_loss":0,"cards_obtained":["Injury"]},{"cards_removed":["Injury"],"damage_healed":0,"gold_gain":0,"player_choice":"Card Removal","damage_taken":0,"max_hp_gain":0,"max_hp_loss":0,"event_name":"The Cleric","floor":5,"gold_loss":50},{"damage_healed":53,"gold_gain":0,"player_choice":"Full Heal","damage_taken":0,"max_hp_gain":0,"max_hp_loss":0,"event_name":"Wheel of Change","floor":20,"gold_loss":0},{"damage_healed":0,"gold_gain":0,"player_choice":"Fight","damage_taken":0,"max_hp_gain":0,"max_hp_loss":0,"event_name":"Colosseum","floor":29,"gold_loss":0},{"damage_healed":0,"gold_gain":0,"player_choice":"Fled From Nobs","damage_taken":0,"max_hp_gain":0,"max_hp_loss":0,"event_name":"Colosseum","floor":29,"gold_loss":0}],"is_beta":false,"boss_relics":[{"not_picked":["Tiny House","Runic Dome"],"picked":"Busted Crown"}],"items_purged_floors":[21],"is_endless":false,"potions_floor_spawned":[12,13,18,27,29,30],"killed_by":"Collector","ascension_level":12}