{"path_per_floor":["M","M","T","?","M","R","?","R","T","E","M","?","R","M","R","B",null,"M","$","M","M","M","$","R","?","T","E","R","?","?","?","R"],"character_chosen":"IRONCLAD","items_purchased":["Bandage Up","Thread and Needle"],"gold_per_floor":[110,130,130,130,144,144,219,219,219,248,259,259,259,283,283,414,414,432,255,269,289,313,0,0,0,0,38,38,38,38,38,38,38],"floor_reached":33,"campfire_rested":2,"playtime":1045,"current_hp_per_floor":[80,62,62,62,64,64,53,53,53,44,37,37,37,43,65,28,74,66,66,52,48,33,33,33,33,33,47,47,47,31,31,57,0],"items_purged":["Sentinel"],"gold":38,"score":346,"play_id":"013fb6da-aa63-44a7-bccc-657e95d50088","local_time":"20180505180250","is_prod":false,"is_daily":false,"chose_seed":false,"is_ascension_mode":true,"campfire_upgraded":5,"timestamp":1525557770,"path_taken":["M","M","?","?","M","R","?","R","T","E","M","?","R","M","R","BOSS","M","$","M","M","M","$","R","?","T","E","R","?","?","?","R","BOSS"],"build_version":"2018-05-03","seed_source_timestamp":53596795718822,"purchased_purges":2,"victory":false,"master_deck":["Bash+1","Shrug It Off","Spot Weakness+1","Iron Wave","Pommel Strike+1","Twin Strike","Feed+1","Clash","Evolve","Warcry","Thunderclap","Hemokinesis","Heavy Blade","Wild Strike","Rupture","Bandage Up+1","Rupture+1","Inflame","Pummel","Headbutt+1"],"max_hp_per_floor":[80,80,80,80,80,80,80,80,80,80,80,74,74,74,74,74,74,74,74,74,77,77,77,77,77,77,87,87,87,87,87,87,87],"relics":["Burning Blood","Oddly Smooth Stone","Ancient Tea Set","Bronze Scales","Golden Idol","Pandora\u0027s Box","Thread and Needle","Frozen Egg 2","Pear","Enchiridion"],"card_choices":[{"not_picked":["Armaments","Pummel"],"picked":"Shrug It Off","floor":1},{"not_picked":["Infernal Blade","Intimidate"],"picked":"Spot Weakness","floor":2},{"not_picked":["Headbutt","Blood for Blood"],"picked":"Iron Wave","floor":5},{"not_picked":["Sever Soul","Shockwave"],"picked":"Pommel Strike","floor":11},{"not_picked":["Rage","Armaments"],"picked":"Twin Strike","floor":14},{"not_picked":["Reaper","Immolate"],"picked":"Feed","floor":16},{"not_picked":["Iron Wave","Warcry"],"picked":"Rupture","floor":18},{"not_picked":["Armaments","Rampage"],"picked":"Rupture","floor":20},{"not_picked":["Body Slam","True Grit"],"picked":"Inflame","floor":21},{"not_picked":["Ghostly Armor","Clothesline"],"picked":"Pummel","floor":22},{"not_picked":["Uppercut","Anger"],"picked":"Headbutt","floor":27}],"player_experience":151676,"potions_floor_usage":[18,18,21,27,33],"damage_taken":[{"damage":1,"enemies":"Cultist","floor":1,"turns":3},{"damage":24,"enemies":"Small Slimes","floor":2,"turns":4},{"damage":4,"enemies":"2 Louse","floor":5,"turns":3},{"damage":15,"enemies":"3 Sentries","floor":10,"turns":7},{"damage":13,"enemies":"Blue Slaver","floor":11,"turns":3},{"damage":0,"enemies":"3 Louse","floor":14,"turns":2},{"damage":43,"enemies":"Hexaghost","floor":16,"turns":8},{"damage":14,"enemies":"Spheric Guardian","floor":18,"turns":3},{"damage":24,"enemies":"Chosen","floor":20,"turns":3},{"damage":17,"enemies":"Centurion and Healer","floor":21,"turns":5},{"damage":21,"enemies":"Snecko","floor":22,"turns":3},{"damage":6,"enemies":"Gremlin Leader","floor":27,"turns":7},{"damage":93,"enemies":"Automaton","floor":33,"turns":6}],"event_choices":[{"event_name":"Purifier","player_choice":"One Purge","floor":4,"damage_taken":0},{"event_name":"World of Goop","player_choice":"Gather Gold","floor":7,"damage_taken":0},{"event_name":"Golden Idol","player_choice":"Lose Max HP","floor":12,"damage_taken":0},{"event_name":"Drug Dealer","player_choice":"Ignored","floor":25,"damage_taken":0},{"event_name":"Vampires","player_choice":"Ignored","floor":29,"damage_taken":0},{"event_name":"Cursed Tome","player_choice":"Obtained Book","floor":30,"damage_taken":0},{"event_name":"Addict","player_choice":"Ignored","floor":31,"damage_taken":0}],"boss_relics":[{"not_picked":["Ectoplasm","Cursed Key"],"picked":"Pandora\u0027s Box"}],"potions_floor_spawned":[5,10,16,18,22],"seed_played":"3309215964997956211","killed_by":"Automaton","ascension_level":4,"is_trial":false}