{"gold_per_floor":[14,29,49,63,77,77,109,109,109,109,119,146,157,177,177,249,249,264,283,295,295],"floor_reached":21,"playtime":1351,"items_purged":[],"score":394,"play_id":"834100f4-a11d-44ce-916e-4b7517321a12","local_time":"20181222141530","is_ascension_mode":true,"campfire_choices":[{"data":"Whirlwind","floor":6.0,"key":"SMITH"},{"data":"True Grit","floor":8,"key":"SMITH"},{"floor":10,"key":"REST"},{"data":"Uppercut","floor":15,"key":"SMITH"}],"neow_cost":"NO_GOLD","seed_source_timestamp":4950924015498,"circlet_count":0,"master_deck":["AscendersBane","Strike_R","Strike_R","Strike_R","Strike_R","Strike_R","Defend_R","Defend_R","Defend_R","Defend_R","Bash","Panache","Blind","Whirlwind+1","True Grit+1","Clash","Iron Wave","Battle Trance","Impervious","Headbutt","Offering","Pommel Strike","Uppercut+1","Impervious","Armaments","Corruption+1"],"special_seed":0,"relics":["Burning Blood","Mango","Matryoshka","The Courier","Mark of Pain"],"potions_floor_usage":[16,16,21],"damage_taken":[{"damage":3.0,"enemies":"Cultist","floor":1.0,"turns":4.0},{"damage":9.0,"enemies":"Jaw Worm","floor":2.0,"turns":5.0},{"damage":6.0,"enemies":"Small Slimes","floor":3.0,"turns":4.0},{"damage":16.0,"enemies":"Exordium Thugs","floor":4.0,"turns":5.0},{"damage":8.0,"enemies":"Gremlin Gang","floor":5.0,"turns":5.0},{"damage":49,"enemies":"Gremlin Nob","floor":7,"turns":5},{"damage":0,"enemies":"2 Fungi Beasts","floor":11,"turns":3},{"damage":10,"enemies":"3 Sentries","floor":12,"turns":6},{"damage":0,"enemies":"Lots of Slimes","floor":13,"turns":2},{"damage":11,"enemies":"Looter","floor":14,"turns":2},{"damage":52,"enemies":"The Guardian","floor":16,"turns":15},{"damage":16,"enemies":"Shell Parasite","floor":18,"turns":5},{"damage":34,"enemies":"Chosen","floor":19,"turns":7},{"damage":27,"enemies":"Shelled Parasite and Fungi","floor":20,"turns":7},{"damage":15,"enemies":"Snake Plant","floor":21,"turns":4}],"seed_played":"7360988885486499359","potions_obtained":[{"floor":1.0,"key":"Poison Potion"},{"floor":4.0,"key":"Swift Potion"},{"floor":11,"key":"Swift Potion"},{"floor":12,"key":"Energy Potion"},{"floor":20,"key":"LiquidBronze"}],"is_trial":false,"path_per_floor":["M","M","M","M","M","R","E","R","T","R","M","E","M","M","R","B",null,"M","M","M","M"],"character_chosen":"IRONCLAD","items_purchased":[],"campfire_rested":1,"item_purchase_floors":[],"current_hp_per_floor":[71,68,68,58,56,56,27,27,27,53,59,55,61,56,56,10,69,59,31,10,0],"gold":295,"neow_bonus":"RANDOM_COLORLESS_2","is_prod":false,"is_daily":false,"chose_seed":false,"campfire_upgraded":3,"win_rate":0,"timestamp":1545484530,"path_taken":["M","M","M","M","M","R","E","R","T","R","?","E","M","M","R","BOSS","M","M","M","M"],"build_version":"2018-12-20","purchased_purges":0,"victory":false,"max_hp_per_floor":[75,75,75,75,75,75,89,89,89,89,89,89,89,89,89,89,89,89,89,89,89],"card_choices":[{"not_picked":["Sword Boomerang","Flame Barrier"],"picked":"Whirlwind","floor":1.0},{"not_picked":["Heavy Blade","Cleave"],"picked":"True Grit","floor":2.0},{"not_picked":["Sever Soul","Searing Blow"],"picked":"Clash","floor":3.0},{"not_picked":["Pommel Strike","Anger"],"picked":"Iron Wave","floor":4.0},{"not_picked":["Ghostly Armor","Rampage"],"picked":"Battle Trance","floor":5.0},{"not_picked":["Whirlwind","Thunderclap"],"picked":"Impervious","floor":7},{"not_picked":["Sentinel","Twin Strike"],"picked":"Headbutt","floor":11},{"not_picked":["Wild Strike","Second Wind"],"picked":"Offering","floor":12},{"not_picked":["Pummel","Havoc"],"picked":"Pommel Strike","floor":13},{"not_picked":["Flex","Anger"],"picked":"Uppercut","floor":14},{"not_picked":["Fiend Fire","Juggernaut"],"picked":"Impervious","floor":16},{"not_picked":["Headbutt","Dual Wield"],"picked":"Armaments","floor":18},{"not_picked":["Headbutt","Entrench","Cleave"],"picked":"SKIP","floor":19},{"not_picked":["Iron Wave","Seeing Red"],"picked":"Corruption+1","floor":20}],"player_experience":855349,"relics_obtained":[{"floor":7,"key":"Mango"},{"floor":9,"key":"Matryoshka"},{"floor":12,"key":"The Courier"}],"event_choices":[],"is_beta":true,"boss_relics":[{"not_picked":["Runic Pyramid","Eternal Feather"],"picked":"Mark of Pain"}],"items_purged_floors":[],"is_endless":false,"potions_floor_spawned":[1,4,11,12,20],"killed_by":"Snake Plant","ascension_level":20}