{"path_per_floor":["M","?","?","M","M","R","?","M","T","$","M","M","M","M","R","B",null,"M","?","?","?","$","R","M","M","T","M","M","$","M","M","R","B",null,"M","M","?"],"character_chosen":"IRONCLAD","items_purchased":["Impervious","Immolate"],"gold_per_floor":[116,116,116,126,137,137,137,151,228,64,81,93,113,129,129,233,233,248,248,248,248,173,173,141,157,157,176,190,113,126,139,139,244,244,256,269,269],"floor_reached":38,"campfire_rested":2,"playtime":2199,"current_hp_per_floor":[96,84,84,76,75,75,75,81,81,81,85,83,89,84,84,25,96,48,48,48,48,48,76,61,56,56,53,38,38,44,30,58,21,96,59,32,84],"items_purged":["Injury"],"gold":269,"score":374,"play_id":"9ebe6aa6-e132-4b57-94b6-9bf23ec35d1a","local_time":"20180322033400","is_prod":false,"is_daily":false,"is_ascension_mode":false,"campfire_upgraded":2,"timestamp":1521698640,"path_taken":["M","?","?","?","M","R","?","M","T","$","M","M","M","M","R","BOSS","M","?","?","?","$","R","M","M","T","M","?","$","M","M","R","BOSS","M","M","?","?"],"build_version":"2018-03-15v3","purchased_purges":1,"victory":false,"master_deck":["Strike_R+1","Strike_R+1","Strike_R+1","Strike_R+1","Strike_R+1","Defend_R+1","Defend_R+1","Defend_R+1","Defend_R+1","Bash","Anger+1","Power Through","Fiend Fire","Impervious+1","Flex+1","Cleave+1","Pummel","Barricade","Injury","Writhe","Clumsy","Barricade","Havoc+1","Shrug It Off+1","Flame Barrier+1","Immolate+1","Cleave+1","Feel No Pain+1","Limit Break+1","True Grit+1"],"max_hp_per_floor":[96,96,96,96,96,96,96,96,96,96,96,96,96,96,96,96,96,96,96,96,96,96,96,96,96,96,96,96,96,96,96,96,96,96,96,96,84],"relics":["Burning Blood","Art of War","Red Skull","Toxic Egg 2","Calling Bell","Dream Catcher","Molten Egg 2","Gremlin Horn","Bird Faced Urn"],"card_choices":[{"not_picked":["Evolve","Iron Wave"],"picked":"Anger"},{"not_picked":["Headbutt","Entrench"],"picked":"Power Through"},{"not_picked":["Dropkick","Uppercut"],"picked":"Fiend Fire"},{"not_picked":["Blood for Blood","Body Slam"],"picked":"Flex"},{"not_picked":["Clash","Body Slam"],"picked":"Cleave"},{"not_picked":["Flex","Second Wind"],"picked":"Pummel"},{"not_picked":["Brutality","Berserk"],"picked":"Barricade"},{"not_picked":["Sentinel","Entrench"],"picked":"Shockwave"},{"not_picked":["True Grit","Heavy Blade"],"picked":"Havoc"},{"not_picked":["Anger","Twin Strike"],"picked":"Shrug It Off"},{"not_picked":["Power Through","Clothesline"],"picked":"Flame Barrier"},{"not_picked":["Warcry","Body Slam"],"picked":"Cleave"},{"not_picked":["Twin Strike","Clothesline"],"picked":"Feel No Pain"},{"not_picked":["Reaper","Brutality"],"picked":"Limit Break"},{"not_picked":["Second Wind","Body Slam"],"picked":"True Grit"}],"player_experience":221143,"potions_floor_usage":[11,16,16,18,25,27,30,31,33,36],"damage_taken":[{"damage":2,"enemies":"Small Slimes","floor":1,"turns":4},{"damage":14,"enemies":"Jaw Worm","floor":4,"turns":5},{"damage":7,"enemies":"2 Louse","floor":5,"turns":2},{"damage":0,"enemies":"2 Fungi Beasts","floor":8,"turns":4},{"damage":2,"enemies":"Exordium Wildlife","floor":11,"turns":7},{"damage":8,"enemies":"Lots of Slimes","floor":12,"turns":4},{"damage":0,"enemies":"Looter","floor":13,"turns":4},{"damage":11,"enemies":"2 Fungi Beasts","floor":14,"turns":4},{"damage":80,"enemies":"The Guardian","floor":16,"turns":17},{"damage":54,"enemies":"Chosen","floor":18,"turns":8},{"damage":21,"enemies":"2 Thieves","floor":24,"turns":5},{"damage":11,"enemies":"Centurion and Healer","floor":25,"turns":5},{"damage":11,"enemies":"Snake Plant","floor":27,"turns":7},{"damage":23,"enemies":"Slaver and Parasite","floor":28,"turns":8},{"damage":0,"enemies":"3 Cultists","floor":30,"turns":5},{"damage":22,"enemies":"Snecko","floor":31,"turns":4},{"damage":47,"enemies":"Collector","floor":33,"turns":12},{"damage":45,"enemies":"3 Darklings","floor":35,"turns":10},{"damage":35,"enemies":"3 Shapes","floor":36,"turns":5},{"damage":106,"enemies":"Maw","floor":38,"turns":16}],"event_choices":[{"event_name":"Scrap Ooze","player_choice":"success","floor":2,"damage_taken":12},{"event_name":"Big Fish","player_choice":"Box","floor":3,"damage_taken":0},{"event_name":"Living Wall","player_choice":"Forget","floor":7,"damage_taken":0},{"event_name":"Vampires","player_choice":"Ignored","floor":19,"damage_taken":0},{"event_name":"Back to Basics","player_choice":"Simplicity","floor":20,"damage_taken":0},{"event_name":"Transmorgrifier","player_choice":"Transform","floor":21,"damage_taken":0},{"event_name":"The Moai Head","player_choice":"Heal","floor":37,"damage_taken":0}],"boss_relics":[{"not_picked":["Eternal Feather","Black Blood"],"picked":"Calling Bell"},{"not_picked":["Philosopher\u0027s Stone","Pandora\u0027s Box","Velvet Choker"]}],"potions_floor_spawned":[4,8,13,14,16,24,25,30,31,35],"seed_played":"2806781283789054141","killed_by":"Maw","ascension_level":0,"is_trial":false}