{"gold_per_floor":[114,114,114,114,126,157,174,174,174,202,220,235,265,282,282,282],"floor_reached":16,"playtime":984,"items_purged":[],"score":154,"play_id":"68026756-eb5d-43e9-af8c-02be1a63e3d1","local_time":"20190128232210","is_ascension_mode":true,"campfire_choices":[{"data":"Genetic Algorithm","floor":8,"key":"SMITH"},{"floor":15,"key":"REST"}],"neow_cost":"NONE","seed_source_timestamp":5878563145444,"circlet_count":0,"master_deck":["Strike_B","Strike_B","Defend_B","Defend_B","Defend_B","Defend_B","Zap","Dualcast","Compile Driver","Force Field","Redo","Self Repair","Genetic Algorithm+1","Leap","Defragment","Stack","Leap","Defragment"],"relics":["Cracked Core","NeowsBlessing","Bottled Lightning","Darkstone Periapt","Prayer Wheel"],"potions_floor_usage":[10,10,10,13,13,16],"damage_taken":[{"damage":0,"enemies":"2 Louse","floor":1,"turns":1},{"damage":0,"enemies":"Small Slimes","floor":5,"turns":1},{"damage":0,"enemies":"Lagavulin","floor":6,"turns":1},{"damage":1,"enemies":"Cultist","floor":7,"turns":4},{"damage":27,"enemies":"3 Sentries","floor":10,"turns":7},{"damage":3,"enemies":"2 Fungi Beasts","floor":11,"turns":4},{"damage":12,"enemies":"Blue Slaver","floor":12,"turns":4},{"damage":35,"enemies":"Gremlin Nob","floor":13,"turns":5},{"damage":19,"enemies":"Exordium Thugs","floor":14,"turns":5},{"damage":53,"enemies":"Slime Boss","floor":16,"turns":15}],"seed_played":"-8237659675781770844","potions_obtained":[{"floor":4,"key":"LiquidBronze"},{"floor":4,"key":"EssenceOfSteel"},{"floor":4,"key":"PowerPotion"},{"floor":5,"key":"Regen Potion"},{"floor":10,"key":"Strength Potion"},{"floor":11,"key":"SteroidPotion"},{"floor":12,"key":"EssenceOfSteel"}],"is_trial":false,"path_per_floor":["M","?","?","?","M","E","M","R","T","E","M","M","E","M","R","B"],"character_chosen":"DEFECT","items_purchased":[],"campfire_rested":1,"item_purchase_floors":[],"current_hp_per_floor":[75,68,68,68,68,68,74,74,74,68,72,67,39,27,49,0],"gold":282,"neow_bonus":"THREE_ENEMY_KILL","is_prod":false,"is_daily":false,"chose_seed":false,"campfire_upgraded":1,"win_rate":0,"timestamp":1548717730,"path_taken":["M","?","?","?","M","E","M","R","T","E","M","M","E","M","R","BOSS"],"build_version":"2019-01-23","purchased_purges":0,"victory":false,"max_hp_per_floor":[75,75,75,75,75,75,75,75,75,75,75,75,75,75,75,75],"card_choices":[{"not_picked":["Rebound","Barrage"],"picked":"Compile Driver","floor":1},{"not_picked":["Storm","Gash"],"picked":"Redo","floor":5},{"not_picked":["Hologram","Darkness"],"picked":"Self Repair","floor":6},{"not_picked":["Coolheaded","Ball Lightning"],"picked":"Genetic Algorithm","floor":7},{"not_picked":["Fission","Loop"],"picked":"Leap","floor":10},{"not_picked":["Redo","Streamline"],"picked":"Defragment","floor":11},{"not_picked":["Compile Driver","Steam"],"picked":"Stack","floor":12},{"not_picked":["Compile Driver","Force Field"],"picked":"Leap","floor":13},{"not_picked":["Ball Lightning","Steam"],"picked":"Defragment","floor":14},{"not_picked":["Hologram","Rainbow","Redo"],"picked":"SKIP","floor":14}],"player_experience":152151,"relics_obtained":[{"floor":6,"key":"Bottled Lightning"},{"floor":10,"key":"Darkstone Periapt"},{"floor":13,"key":"Prayer Wheel"}],"event_choices":[{"cards_removed":["Strike_B"],"damage_healed":0,"gold_gain":0,"player_choice":"Card Removal","damage_taken":7,"max_hp_gain":0,"max_hp_loss":0,"event_name":"Golden Wing","floor":2,"gold_loss":0},{"damage_healed":0,"gold_gain":0,"cards_transformed":["Strike_B"],"player_choice":"Change","damage_taken":0,"max_hp_gain":0,"max_hp_loss":0,"event_name":"Living Wall","floor":3,"gold_loss":0,"cards_obtained":["Force Field"]},{"damage_healed":0,"gold_gain":0,"player_choice":"Got Potions","damage_taken":0,"max_hp_gain":0,"max_hp_loss":0,"event_name":"Lab","floor":4,"gold_loss":0}],"is_beta":false,"boss_relics":[],"items_purged_floors":[],"is_endless":false,"potions_floor_spawned":[5,10,11,12],"killed_by":"Slime Boss","ascension_level":1}