{"gold_per_floor":[115,134,134,147,147,147,175,175,175,186,247,247,63,81,81,179,179,190,3,3,3,3,3,34,34,82,82,115,130,130,163,163,265,315,330,340,340,356,117,117,135,135,160,160,180,180,180,140,140,140,140,140,19,19],"floor_reached":54,"playtime":1669,"items_purged":[],"score":1029,"play_id":"2301c37e-091d-4bdc-ac9b-303e0938b36c","local_time":"20190224124933","is_ascension_mode":true,"campfire_choices":[{"floor":6,"key":"REST"},{"floor":12,"key":"REST"},{"floor":15,"key":"REST"},{"floor":23,"key":"RECALL"},{"floor":25,"key":"REST"},{"floor":27,"key":"REST"},{"floor":32,"key":"REST"},{"floor":40,"key":"REST"},{"floor":42,"key":"REST"},{"floor":44,"key":"REST"},{"floor":46,"key":"REST"},{"floor":47,"key":"REST"},{"floor":49,"key":"REST"},{"floor":52,"key":"REST"}],"neow_cost":"NONE","seed_source_timestamp":217087766035998,"circlet_count":0,"master_deck":["Defend_G+1","Defend_G+1","Defend_G+1","Defend_G+1","Strike_G+1","Strike_G+1","Strike_G+1","Strike_G+1","Strike_G+1","Survivor","Neutralize","Flying Knee","Dagger Throw","Choke","Adrenaline","Caltrops","Noxious Fumes","Bouncing Flask","Corpse Explosion","Catalyst","Quick Slash+1","Apotheosis","Ghostly","Ghostly","Ghostly","Ghostly","Ghostly","Poisoned Stab+1","Ghostly","Dodge and Roll+1","Flying Knee+1","Noxious Fumes","Parasite","Backflip+1","Noxious Fumes"],"relics":["Fusion Hammer","Ginger","WingedGreaves","Gremlin Horn","Tiny Chest","Snake Skull","Orrery","StoneCalendar","Juzu Bracelet","Singing Bowl","The Specimen","Tiny House","Darkstone Periapt","Question Card"],"potions_floor_usage":[4,16,16,33,38,38,50,50,54],"damage_taken":[{"damage":0,"enemies":"Jaw Worm","floor":1,"turns":4},{"damage":0,"enemies":"Small Slimes","floor":2,"turns":3},{"damage":0,"enemies":"2 Louse","floor":4,"turns":2},{"damage":30,"enemies":"Gremlin Nob","floor":7,"turns":5},{"damage":0,"enemies":"Large Slime","floor":10,"turns":3},{"damage":30,"enemies":"Lagavulin","floor":11,"turns":6},{"damage":1,"enemies":"Looter","floor":14,"turns":3},{"damage":29,"enemies":"Hexaghost","floor":16,"turns":7},{"damage":8,"enemies":"3 Byrds","floor":18,"turns":2},{"damage":16,"enemies":"Book of Stabbing","floor":24,"turns":6},{"damage":7,"enemies":"Gremlin Leader","floor":28,"turns":6},{"damage":0,"enemies":"Spheric Guardian","floor":29,"turns":4},{"damage":6,"enemies":"Slavers","floor":31,"turns":5},{"damage":57,"enemies":"Automaton","floor":33,"turns":9},{"damage":24,"enemies":"3 Darklings","floor":35,"turns":4},{"damage":4,"enemies":"Orb Walker","floor":36,"turns":4},{"damage":1,"enemies":"Transient","floor":38,"turns":5},{"damage":13,"enemies":"Maw","floor":41,"turns":7},{"damage":37,"enemies":"Writhing Mass","floor":45,"turns":7},{"damage":3,"enemies":"Time Eater","floor":50,"turns":8},{"damage":67,"enemies":"Shield and Spear","floor":54,"turns":5}],"seed_played":"-1299698549886529819","potions_obtained":[{"floor":4,"key":"Fruit Juice"},{"floor":10,"key":"Dexterity Potion"},{"floor":14,"key":"Swift Potion"},{"floor":18,"key":"Energy Potion"},{"floor":29,"key":"PowerPotion"},{"floor":31,"key":"FairyPotion"},{"floor":34,"key":"AttackPotion"},{"floor":45,"key":"Strength Potion"},{"floor":48,"key":"Regen Potion"},{"floor":48,"key":"Strength Potion"}],"is_trial":false,"path_per_floor":["M","M","?","M","?","R","E","?","T","M","E","R","$","M","R","B",null,"M","$","?","$","?","R","E","R","T","R","E","M","?","E","R","B",null,"M","M","T","M","$","R","M","R","T","R","M","R","R","?","R","B",null,"R","$","E"],"character_chosen":"THE_SILENT","items_purchased":["Noxious Fumes","Snake Skull","Apotheosis","Question Card","Noxious Fumes","Dexterity Potion"],"campfire_rested":13,"item_purchase_floors":[13,13,19,39,53,53],"current_hp_per_floor":[63,63,56,61,54,75,45,45,45,45,15,37,37,36,58,29,64,56,56,56,56,37,37,21,32,32,37,32,34,34,30,42,6,40,16,14,14,13,13,28,17,33,33,49,18,36,54,54,60,57,59,60,60,0],"gold":19,"neow_bonus":"BOSS_RELIC","is_prod":false,"is_daily":false,"chose_seed":false,"campfire_upgraded":0,"win_rate":0,"timestamp":1551030573,"path_taken":["M","M","?","M","?","R","E","?","T","M","E","R","$","M","R","BOSS","M","$","?","$","?","R","E","R","T","R","E","M","?","E","R","BOSS","M","M","?","M","$","R","M","R","T","R","M","R","R","?","R","BOSS","R","$","E"],"build_version":"2019-01-23","purchased_purges":0,"victory":false,"max_hp_per_floor":[70,70,70,75,75,75,75,75,75,75,75,75,75,75,75,75,75,75,75,75,75,37,37,37,37,37,37,39,41,41,43,43,45,50,50,52,52,52,52,52,54,54,54,54,60,60,60,60,60,60,60,60,60,60],"card_choices":[{"not_picked":["Backflip","Sucker Punch"],"picked":"Flying Knee","floor":1},{"not_picked":["Prepared","Sucker Punch","Storm of Steel"],"picked":"SKIP","floor":2},{"not_picked":["Acrobatics","Sucker Punch"],"picked":"Dagger Throw","floor":4},{"not_picked":["Backflip","Well Laid Plans"],"picked":"Choke","floor":7},{"not_picked":["Noxious Fumes","Infinite Blades"],"picked":"Adrenaline","floor":10},{"not_picked":["PiercingWail","Catalyst"],"picked":"Caltrops","floor":11},{"not_picked":["Dagger Throw","Accuracy"],"picked":"Bouncing Flask","floor":14},{"not_picked":["Night Terror","A Thousand Cuts"],"picked":"Corpse Explosion","floor":16},{"not_picked":["Flying Knee","Cloak And Dagger"],"picked":"Catalyst","floor":17},{"not_picked":["Eviscerate+1","All Out Attack"],"picked":"Quick Slash+1","floor":18},{"not_picked":["Masterful Stab","PiercingWail"],"picked":"Poisoned Stab","floor":24},{"not_picked":["Prepared","Dodge and Roll","Riddle With Holes"],"picked":"Singing Bowl","floor":28},{"not_picked":["Backflip","Poisoned Stab","Malaise"],"picked":"Singing Bowl","floor":29},{"not_picked":["Malaise","Acrobatics","Riddle With Holes+1"],"picked":"Singing Bowl","floor":31},{"not_picked":["After Image","Wraith Form v2","Phantasmal Killer"],"picked":"Singing Bowl","floor":33},{"not_picked":["Escape Plan","Terror"],"picked":"Dodge and Roll+1","floor":34},{"not_picked":["Reflex","Endless Agony"],"picked":"Flying Knee+1","floor":35},{"not_picked":["Concentrate+1","Sucker Punch+1","Flechettes+1"],"picked":"Singing Bowl","floor":36},{"not_picked":["Crippling Poison","Quick Slash"],"picked":"Noxious Fumes","floor":38},{"not_picked":["Outmaneuver","Dagger Throw+1","Cloak And Dagger+1","Blade Dance"],"picked":"Singing Bowl","floor":41},{"not_picked":["Corpse Explosion","Quick Slash","Flying Knee"],"picked":"Backflip+1","floor":45}],"player_experience":362855,"relics_obtained":[{"floor":7,"key":"WingedGreaves"},{"floor":9,"key":"Gremlin Horn"},{"floor":11,"key":"Tiny Chest"},{"floor":24,"key":"StoneCalendar"},{"floor":26,"key":"Juzu Bracelet"},{"floor":28,"key":"Singing Bowl"},{"floor":31,"key":"The Specimen"},{"floor":37,"key":"Darkstone Periapt"}],"event_choices":[{"damage_healed":0,"gold_gain":0,"player_choice":"Success","damage_taken":7,"relics_obtained":["Ginger"],"max_hp_gain":0,"max_hp_loss":0,"event_name":"Scrap Ooze","floor":3,"gold_loss":0},{"cards_removed":["Defend_G"],"damage_healed":0,"gold_gain":0,"player_choice":"Card Removal","damage_taken":7,"max_hp_gain":0,"max_hp_loss":0,"event_name":"Golden Wing","floor":5,"gold_loss":0},{"damage_healed":0,"gold_gain":0,"player_choice":"Ignored","damage_taken":0,"max_hp_gain":0,"max_hp_loss":0,"event_name":"Liars Game","floor":8,"gold_loss":0},{"damage_healed":0,"gold_gain":0,"player_choice":"Simplicity","damage_taken":0,"max_hp_gain":0,"max_hp_loss":0,"event_name":"Back to Basics","floor":20,"gold_loss":0,"cards_upgraded":["Defend_G","Defend_G","Defend_G","Defend_G","Strike_G","Strike_G","Strike_G","Strike_G","Strike_G"]},{"damage_healed":0,"gold_gain":0,"player_choice":"Became a Ghost","damage_taken":0,"max_hp_gain":0,"max_hp_loss":38,"event_name":"Ghosts","floor":22,"gold_loss":0,"cards_obtained":["Ghostly","Ghostly","Ghostly","Ghostly","Ghostly"]},{"damage_healed":0,"gold_gain":0,"player_choice":"Copied","damage_taken":0,"max_hp_gain":0,"max_hp_loss":0,"event_name":"Duplicator","floor":30,"gold_loss":0,"cards_obtained":["Ghostly"]},{"damage_healed":0,"gold_gain":0,"player_choice":"Bought 3 Potions","damage_taken":0,"max_hp_gain":0,"max_hp_loss":0,"event_name":"The Woman in Blue","floor":48,"gold_loss":0}],"is_beta":false,"boss_relics":[{"not_picked":["Runic Dome","Busted Crown"],"picked":"Orrery"},{"not_picked":["Lizard Tail","Empty Cage"],"picked":"Tiny House"}],"items_purged_floors":[],"is_endless":false,"potions_floor_spawned":[4,10,14,18,29,31,45],"killed_by":"Shield and Spear","ascension_level":8}