{"path_per_floor":["M","$","?","?","M","E","R","$","T","M","E","M","E","$","R","B",null,"M","?","$","M","M","R","$","M","T","?","E"],"character_chosen":"IRONCLAD","items_purchased":["Transmutation","Inflame"],"gold_per_floor":[115,40,40,40,54,82,82,82,105,117,147,162,191,3,3,102,102,115,115,47,67,79,79,79,99,125,125,155,155],"floor_reached":29,"campfire_rested":2,"playtime":1332,"current_hp_per_floor":[80,80,80,90,90,48,75,75,75,81,83,92,84,84,84,22,93,79,79,79,74,57,85,85,45,45,45,16,0],"items_purged":["Pain"],"gold":155,"score":299,"play_id":"e686b285-c25e-4f8b-bf53-7cb9c504f476","local_time":"20180402233442","is_prod":false,"is_daily":false,"is_ascension_mode":true,"campfire_upgraded":1,"timestamp":1522721082,"path_taken":["M","$","?","?","M","E","R","$","T","?","E","M","E","$","R","BOSS","M","?","$","?","M","R","$","M","T","?","E","M"],"build_version":"2018-03-29v2","purchased_purges":2,"victory":false,"master_deck":["Strike_R","Strike_R","Strike_R","Strike_R","Strike_R+1","Defend_R","Defend_R","Defend_R","Defend_R","Bash+1","Rampage+1","Uppercut","Bludgeon","Feed","Clash","Transmutation","Berserk","Anger+1","Inflame","Shrug It Off+1","Burning Pact","Writhe","True Grit"],"max_hp_per_floor":[80,80,80,90,90,90,90,90,90,90,90,93,93,93,93,93,93,93,93,93,96,96,96,96,96,96,96,99,99],"relics":["Burning Blood","Champion Belt","Pear","Happy Flower","Bag of Marbles","Whetstone","Oddly Smooth Stone","Lizard Tail","Juzu Bracelet","Ornamental Fan","Pantograph"],"card_choices":[{"not_picked":["Shrug It Off","Heavy Blade"],"picked":"Rampage","floor":1},{"not_picked":["Metallicize","True Grit"],"picked":"Uppercut","floor":6},{"not_picked":["Armaments","Heavy Blade"],"picked":"Bludgeon","floor":10},{"not_picked":["Intimidate","Hemokinesis"],"picked":"Feed","floor":11},{"not_picked":["Limit Break","Iron Wave"],"picked":"Clash","floor":13},{"not_picked":["Exhume","Double Tap"],"picked":"Berserk","floor":16},{"not_picked":["Disarm","Evolve"],"picked":"Anger","floor":18},{"not_picked":["Ghostly Armor","Twin Strike"],"picked":"Shrug It Off","floor":21},{"not_picked":["Rupture","Anger"],"picked":"Burning Pact","floor":25},{"not_picked":["Dark Embrace","Armaments"],"picked":"True Grit","floor":28}],"player_experience":290441,"potions_floor_usage":[13,16,25,29],"damage_taken":[{"damage":6,"enemies":"2 Louse","floor":1,"turns":3},{"damage":3,"enemies":"Jaw Worm","floor":5,"turns":4},{"damage":48,"enemies":"Lagavulin","floor":6,"turns":8},{"damage":0,"enemies":"Small Slimes","floor":10,"turns":2},{"damage":4,"enemies":"Gremlin Nob","floor":11,"turns":3},{"damage":0,"enemies":"Exordium Thugs","floor":12,"turns":2},{"damage":14,"enemies":"Lagavulin","floor":13,"turns":5},{"damage":68,"enemies":"The Guardian","floor":16,"turns":15},{"damage":20,"enemies":"Chosen","floor":18,"turns":6},{"damage":14,"enemies":"Spheric Guardian","floor":21,"turns":4},{"damage":23,"enemies":"Slaver and Parasite","floor":22,"turns":8},{"damage":61,"enemies":"3 Cultists","floor":25,"turns":7},{"damage":91,"enemies":"Gremlin Leader","floor":28,"turns":12},{"damage":23,"enemies":"Snake Plant","floor":29,"turns":4}],"event_choices":[{"event_name":"The Cleric","player_choice":"Leave","floor":3,"damage_taken":0},{"event_name":"Accursed Blacksmith","player_choice":"Rummage","floor":4,"damage_taken":0},{"event_name":"Ghosts","player_choice":"Ignored","floor":19,"damage_taken":0},{"event_name":"The Mausoleum","player_choice":"Yes","floor":27,"damage_taken":0}],"boss_relics":[{"not_picked":["Ectoplasm","Orrery"],"picked":"Lizard Tail"}],"potions_floor_spawned":[11,12,22,28],"seed_played":"5548002755663696968","killed_by":"Snake Plant","ascension_level":1,"is_trial":false}