{"gold_per_floor":[114,133,98,18,18,18,46,46,95,95,111,121,121,146,146,146],"floor_reached":16,"playtime":527,"items_purged":[],"score":216,"play_id":"b420e1a9-aac7-4c76-8958-e3bc10368884","local_time":"20181126223924","is_ascension_mode":true,"campfire_choices":[{"data":"Choke","floor":6,"key":"SMITH"},{"data":"Acrobatics","floor":8,"key":"SMITH"},{"data":"Neutralize","floor":10,"key":"SMITH"},{"floor":15,"key":"REST"}],"neow_cost":"NONE","seed_source_timestamp":9961987593310,"circlet_count":0,"master_deck":["AscendersBane","Defend_G","Defend_G","Defend_G","Defend_G","Defend_G","Strike_G","Strike_G","Strike_G","Strike_G","Strike_G","Survivor","Neutralize+1","Flying Knee","Choke+1","Acrobatics+1","Quick Slash","Quick Slash","Glass Knife"],"relics":["HoveringKite","Pen Nib","Orichalcum","Anchor","The Courier"],"potions_floor_usage":[14,16],"damage_taken":[{"damage":10,"enemies":"Cultist","floor":1,"turns":5},{"damage":5,"enemies":"Jaw Worm","floor":2,"turns":4},{"damage":30,"enemies":"Lagavulin","floor":7,"turns":7},{"damage":0,"enemies":"Small Slimes","floor":11,"turns":3},{"damage":4,"enemies":"Red Slaver","floor":12,"turns":4},{"damage":24,"enemies":"Gremlin Nob","floor":14,"turns":5},{"damage":23,"enemies":"The Guardian","floor":16,"turns":4}],"seed_played":"-3547650020551484874","potions_obtained":[{"floor":2,"key":"Regen Potion"},{"floor":11,"key":"Weak Potion"},{"floor":12,"key":"Dexterity Potion"}],"is_trial":false,"path_per_floor":["M","M","?","$","?","R","E","R","T","R","M","M","?","E","R","B"],"character_chosen":"THE_SILENT","items_purchased":["Choke"],"campfire_rested":1,"item_purchase_floors":[4],"current_hp_per_floor":[49,44,60,60,60,60,30,30,30,30,30,26,26,2,21,0],"gold":146,"neow_bonus":"BOSS_RELIC","is_prod":false,"is_daily":false,"chose_seed":false,"campfire_upgraded":3,"win_rate":0,"timestamp":1543268364,"path_taken":["M","?","?","$","?","R","E","R","T","R","M","?","?","E","R","BOSS"],"build_version":"2018-11-15","purchased_purges":0,"victory":false,"max_hp_per_floor":[66,66,66,66,66,66,66,66,66,66,66,66,66,66,66,66],"card_choices":[{"not_picked":["Bane","Setup"],"picked":"Flying Knee","floor":1},{"not_picked":["Slice","Setup","Bane"],"picked":"SKIP","floor":2},{"not_picked":["Flying Knee","Heel Hook"],"picked":"Acrobatics","floor":7},{"not_picked":["Blade Dance","Slice"],"picked":"Quick Slash","floor":11},{"not_picked":["Outmaneuver","Noxious Fumes"],"picked":"Quick Slash","floor":12},{"not_picked":["Choke","Outmaneuver"],"picked":"Glass Knife","floor":14}],"player_experience":828720,"relics_obtained":[{"floor":7,"key":"Orichalcum"},{"floor":9,"key":"Anchor"},{"floor":14,"key":"The Courier"}],"event_choices":[{"damage_healed":16,"gold_gain":0,"player_choice":"Healed","damage_taken":0,"max_hp_gain":0,"max_hp_loss":0,"event_name":"The Cleric","floor":3,"gold_loss":35},{"damage_healed":0,"gold_gain":0,"player_choice":"Gave Potion","damage_taken":0,"relics_obtained":["Pen Nib"],"max_hp_gain":0,"max_hp_loss":0,"event_name":"WeMeetAgain","floor":5,"gold_loss":0},{"damage_healed":0,"gold_gain":0,"player_choice":"Ignored","damage_taken":0,"max_hp_gain":0,"max_hp_loss":0,"event_name":"Shining Light","floor":13,"gold_loss":0}],"is_beta":true,"boss_relics":[],"items_purged_floors":[],"is_endless":false,"potions_floor_spawned":[2,11,12],"killed_by":"The Guardian","ascension_level":20}