{"path_per_floor":["M","?","?","?","M","E","?","?","T","R","M","?","$","M","R","B",null,"M","M","$","?","?","R","M","M","T","M","M","R","?","$","R","B",null,"M","$","M","M","?","E","?","$","T","M","R","M","T","?","R","B"],"character_chosen":"THE_SILENT","items_purchased":["Toxic Egg 2","True Grit","Apotheosis+1","Sunder","Feel No Pain","Dodecahedron","Sever Soul","GhostInAJar"],"gold_per_floor":[144,144,144,319,364,454,454,454,454,454,499,499,121,166,166,466,466,511,556,124,124,49,49,94,139,164,209,254,254,254,4,4,304,304,349,224,269,314,314,404,404,102,152,197,197,242,317,317,317,317],"floor_reached":51,"campfire_rested":7,"playtime":3018,"item_purchase_floors":[13,13,20,20,20,31,42,42],"current_hp_per_floor":[70,70,70,76,76,62,62,62,68,82,82,70,70,82,82,62,106,100,98,98,77,77,106,104,104,110,110,109,112,78,78,78,57,84,74,74,65,79,79,44,44,44,50,66,90,61,67,67,95,42],"items_purged":["Normality","Normality","Decay","Doubt"],"gold":317,"score":900,"play_id":"52dc0cd3-89f7-4dec-91b9-f4ca469fbc63","local_time":"20180522053348","daily_mods":["Diverse","Cursed Run","Midas"],"is_prod":false,"is_daily":true,"chose_seed":false,"is_ascension_mode":false,"campfire_upgraded":0,"timestamp":1526976228,"campfire_choices":[{"floor":10,"key":"REST"},{"floor":15,"key":"REST"},{"floor":23,"key":"REST"},{"floor":29,"key":"REST"},{"floor":32,"key":"REST"},{"floor":45,"key":"REST"},{"floor":49,"key":"REST"}],"path_taken":["M","?","?","?","?","E","?","?","T","R","?","?","$","M","R","BOSS","M","M","$","?","?","R","?","M","T","M","?","R","?","$","R","BOSS","M","$","M","M","?","E","?","$","T","M","R","M","?","?","R","BOSS"],"build_version":"2018-05-18","seed_source_timestamp":0,"purchased_purges":4,"victory":true,"master_deck":["Defend_G","Defend_G","Defend_G","Defend_G","Survivor","Neutralize","Iron Wave+1","Metallicize","Night Terror","True Grit+1","Leg Sweep+1","Injury","Die Die Die","Injury","PiercingWail+1","Masterful Stab","Apotheosis+1","Sunder","Feel No Pain","Dramatic Entrance","Dark Shackles+1","Skim+1","Stack+1","Parasite","Flex+1","Bite","Bite","Bite","Bite","Bite","Amplify+1","Expertise+1","Rebound+1","Sunder","Sever Soul","Parasite","True Grit+1","Injury","Pain"],"max_hp_per_floor":[70,70,70,76,76,76,76,76,82,82,82,82,82,82,82,88,106,106,106,106,106,106,106,106,106,112,112,112,112,78,78,78,84,84,84,84,84,84,84,84,84,84,90,90,90,90,96,96,96,102],"relics":["Cursed Key","Darkstone Periapt","Du-Vu Doll","Ancient Tea Set","Bottled Flame","The Specimen","Toxic Egg 2","Calling Bell","Happy Flower","Meat on the Bone","Unceasing Top","Anchor","Dodecahedron","Lizard Tail","Pen Nib","Blood Vial","Juzu Bracelet","Ninja Scroll"],"card_choices":[{"not_picked":["Chill","Tempest"],"picked":"Iron Wave","floor":1},{"not_picked":["Dodge and Roll","Outmaneuver"],"picked":"Metallicize","floor":5},{"not_picked":["Underhanded Strike","Defragment","Headbutt"],"picked":"SKIP","floor":6},{"not_picked":["Finisher","Dropkick","Quick Slash"],"picked":"SKIP","floor":11},{"not_picked":["Clothesline","Finisher"],"picked":"Leg Sweep+1","floor":14},{"not_picked":["Multi-Cast+1","Electrodynamics"],"picked":"Die Die Die","floor":16},{"not_picked":["Deflect+1","Darkness+1"],"picked":"PiercingWail+1","floor":18},{"not_picked":["Sentinel+1","Doom and Gloom"],"picked":"Masterful Stab","floor":19},{"not_picked":["Cleave","Barrage+1"],"picked":"Skim+1","floor":24},{"not_picked":["Rip and Tear","Warcry+1"],"picked":"Stack+1","floor":25},{"not_picked":["Cleave","Steam+1"],"picked":"Flex+1","floor":27},{"not_picked":["Deflect+1","Intimidate+1"],"picked":"Dagger Spray","floor":28},{"not_picked":["Reaper","Immolate"],"picked":"Amplify+1","floor":33},{"not_picked":["Underhanded Strike","Twin Strike+1"],"picked":"Expertise+1","floor":35},{"not_picked":["Prepared+1","Beam Cell"],"picked":"Rebound+1","floor":37},{"not_picked":["Axe Kick+1","Clash","Coolheaded+1"],"picked":"SKIP","floor":38},{"not_picked":["Chaos+1","Poisoned Stab+1"],"picked":"Sunder","floor":40},{"not_picked":["Reinforced Body+1","Infinite Blades+1"],"picked":"True Grit+1","floor":44},{"not_picked":["Cleave","Body Slam+1","Steam Power+1"],"picked":"SKIP","floor":46}],"player_experience":450038,"potions_floor_usage":[14,16,24,33,40,44,46,46],"damage_taken":[{"damage":0,"enemies":"Small Slimes","floor":1,"turns":3},{"damage":0,"enemies":"2 Louse","floor":5,"turns":3},{"damage":14,"enemies":"Lagavulin","floor":6,"turns":12},{"damage":0,"enemies":"Cultist","floor":11,"turns":3},{"damage":0,"enemies":"Large Slime","floor":14,"turns":7},{"damage":41,"enemies":"Slime Boss","floor":16,"turns":19},{"damage":6,"enemies":"3 Byrds","floor":18,"turns":8},{"damage":2,"enemies":"Shell Parasite","floor":19,"turns":11},{"damage":2,"enemies":"Centurion and Healer","floor":24,"turns":3},{"damage":0,"enemies":"Snecko","floor":25,"turns":7},{"damage":0,"enemies":"3 Cultists","floor":27,"turns":5},{"damage":1,"enemies":"Snake Plant","floor":28,"turns":6},{"damage":49,"enemies":"Automaton","floor":33,"turns":12},{"damage":13,"enemies":"Flame Bruiser 1 Orb","floor":35,"turns":5},{"damage":19,"enemies":"Orb Walker","floor":37,"turns":4},{"damage":0,"enemies":"Flame Bruiser 2 Orb","floor":38,"turns":5},{"damage":93,"enemies":"2 Orb Walkers","floor":40,"turns":10},{"damage":0,"enemies":"Spire Growth","floor":44,"turns":5},{"damage":39,"enemies":"Maw","floor":46,"turns":8},{"damage":99,"enemies":"Time Eater","floor":50,"turns":15}],"relics_obtained":[{"floor":6,"key":"Ancient Tea Set"},{"floor":9,"key":"Bottled Flame"},{"floor":17,"key":"Happy Flower"},{"floor":17,"key":"Meat on the Bone"},{"floor":17,"key":"Unceasing Top"},{"floor":26,"key":"Anchor"},{"floor":40,"key":"Pen Nib"},{"floor":43,"key":"Juzu Bracelet"},{"floor":47,"key":"Ninja Scroll"}],"event_choices":[{"event_name":"Golden Wing","player_choice":"Ignored","floor":2,"damage_taken":0},{"event_name":"Upgrade Shrine","player_choice":"Upgraded","floor":3,"damage_taken":0},{"event_name":"Liars Game","player_choice":"agreed","floor":4,"damage_taken":0},{"event_name":"Fountain of Cleansing","player_choice":"Ignored","floor":7,"damage_taken":0},{"event_name":"Transmorgrifier","player_choice":"Transform","floor":8,"damage_taken":0},{"event_name":"Scrap Ooze","player_choice":"success","floor":12,"damage_taken":12},{"event_name":"Knowing Skull","player_choice":"CARD CARD ","floor":21,"damage_taken":0},{"event_name":"Beggar","player_choice":"Gave Gold","floor":22,"damage_taken":0},{"event_name":"Vampires","player_choice":"Became a vampire","floor":30,"damage_taken":0},{"event_name":"SensoryStone","player_choice":"Memory 1","floor":39,"damage_taken":0},{"event_name":"Wheel of Change","player_choice":"Relic","floor":41,"damage_taken":0}],"boss_relics":[{"not_picked":["Runic Dome","Tiny House"],"picked":"Calling Bell"},{"not_picked":["Pandora\u0027s Box","Runic Pyramid"],"picked":"Lizard Tail"}],"items_purged_floors":[13,20,36,42],"potions_floor_spawned":[1,6,19,24,33,38,40],"seed_played":"-8577527438372817843","ascension_level":0,"potions_obtained":[{"floor":1,"key":"Regen Potion"},{"floor":6,"key":"Regen Potion"},{"floor":19,"key":"PowerPotion"},{"floor":24,"key":"Block Potion"},{"floor":33,"key":"Energy Potion"},{"floor":38,"key":"PowerPotion"},{"floor":40,"key":"SpeedPotion"}],"is_trial":false}