{"gold_per_floor":[111,111,111,39,56,84,139,168,168,168,180,196,196,215,215,315,315,334,353,367,387,387,387,407,191,191,216,216,216,216,141,141,240,240,260,360,371,417,216,216,230,244,297,117,0,0,16,29,29,29],"floor_reached":51,"playtime":12337,"items_purged":["Strike_B","Strike_B"],"score":913,"play_id":"1284e8c5-cc49-4ec6-9d6e-4546d7ee6801","local_time":"20190223191243","is_ascension_mode":true,"campfire_choices":[{"data":"Capacitor","floor":10,"key":"SMITH"},{"data":"Dualcast","floor":13,"key":"SMITH"},{"data":"Hologram","floor":15,"key":"SMITH"},{"floor":23,"key":"REST"},{"data":"Coolheaded","floor":28,"key":"SMITH"},{"data":"Coolheaded","floor":30,"key":"SMITH"},{"floor":32,"key":"REST"},{"floor":40,"key":"REST"},{"floor":49,"key":"REST"}],"neow_cost":"NONE","seed_source_timestamp":24840274461200,"circlet_count":0,"master_deck":["Strike_B","Strike_B","Defend_B","Defend_B","Zap+1","Dualcast+1","Capacitor+1","Glacier","Coolheaded+1","Go for the Eyes","BootSequence","Capacitor+1","Hologram+1","Electrodynamics+1","Compile Driver+1","Consume+1","Consume","Thunder Strike","Machine Learning+1","Coolheaded+1","Defragment+1","Compile Driver","Defragment+1","Seek","Static Discharge+1","Chill+1","Master of Strategy","Loop+1","Turbo+1"],"relics":["Cracked Core","NeowsBlessing","Regal Pillow","Letter Opener","DataDisk","Frozen Egg 2","Mercury Hourglass","Inserter","Blue Candle","Philosopher\u0027s Stone","Pocketwatch","StoneCalendar","Art of War","Red Mask"],"potions_floor_usage":[8,18,27,41],"damage_taken":[{"damage":0,"enemies":"Small Slimes","floor":1,"turns":1},{"damage":0,"enemies":"Jaw Worm","floor":5,"turns":1},{"damage":0,"enemies":"Gremlin Nob","floor":6,"turns":1},{"damage":10,"enemies":"Lagavulin","floor":8,"turns":10},{"damage":0,"enemies":"Cultist","floor":11,"turns":3},{"damage":8,"enemies":"Exordium Thugs","floor":12,"turns":4},{"damage":0,"enemies":"2 Fungi Beasts","floor":14,"turns":2},{"damage":9,"enemies":"Hexaghost","floor":16,"turns":12},{"damage":0,"enemies":"3 Byrds","floor":18,"turns":3},{"damage":6,"enemies":"Shell Parasite","floor":19,"turns":8},{"damage":10,"enemies":"Snake Plant","floor":20,"turns":5},{"damage":10,"enemies":"Sentry and Sphere","floor":21,"turns":5},{"damage":17,"enemies":"Centurion and Healer","floor":24,"turns":5},{"damage":3,"enemies":"Book of Stabbing","floor":27,"turns":8},{"damage":11,"enemies":"Champ","floor":33,"turns":9},{"damage":0,"enemies":"3 Shapes","floor":35,"turns":3},{"damage":0,"enemies":"Mind Bloom Boss Battle","floor":36,"turns":4},{"damage":6,"enemies":"Orb Walker","floor":37,"turns":4},{"damage":24,"enemies":"2 Orb Walkers","floor":38,"turns":5},{"damage":7,"enemies":"Maw","floor":41,"turns":7},{"damage":15,"enemies":"Jaw Worm Horde","floor":42,"turns":3},{"damage":22,"enemies":"Spire Growth","floor":47,"turns":4},{"damage":0,"enemies":"Maw","floor":48,"turns":7},{"damage":11,"enemies":"Donu and Deca","floor":50,"turns":7}],"seed_played":"6364855217592170143","potions_obtained":[{"floor":1,"key":"Regen Potion"},{"floor":8,"key":"Swift Potion"},{"floor":18,"key":"Dexterity Potion"},{"floor":21,"key":"Fire Potion"},{"floor":27,"key":"SkillPotion"},{"floor":36,"key":"SteroidPotion"},{"floor":48,"key":"Block Potion"}],"is_trial":false,"path_per_floor":["M","?","?","$","M","E","T","E","T","R","M","M","R","M","R","B",null,"M","M","M","M","?","R","M","$","T","E","R","?","R","?","R","B",null,"M","?","M","?","$","R","M","M","T","$","?","$","M","M","R","B",null],"character_chosen":"DEFECT","items_purchased":["Glacier","Defragment+1","Compile Driver","Weak Potion","Weak Potion","Fire Potion","Master of Strategy"],"campfire_rested":4,"item_purchase_floors":[4,25,25,25,39,39,44],"current_hp_per_floor":[68,68,61,61,61,61,61,65,65,65,65,57,57,57,57,48,68,68,62,52,42,42,75,58,58,58,55,55,55,55,55,75,64,72,72,72,66,42,42,75,68,53,53,53,53,53,31,31,68,57],"gold":29,"neow_bonus":"THREE_ENEMY_KILL","is_prod":false,"is_daily":false,"chose_seed":false,"campfire_upgraded":5,"win_rate":0,"timestamp":1550967163,"path_taken":["M","?","?","?","?","E","?","E","T","R","M","M","R","M","R","BOSS","M","M","M","M","?","R","M","$","T","E","R","?","R","?","R","BOSS","M","?","M","?","?","R","M","M","T","$","?","$","M","M","R","BOSS"],"build_version":"2019-01-23","purchased_purges":2,"victory":true,"max_hp_per_floor":[75,75,75,75,75,75,75,75,75,75,75,75,75,75,75,75,75,75,75,75,75,75,75,75,75,75,75,75,75,75,75,75,75,75,75,75,75,75,75,75,75,75,75,75,75,75,75,75,75,75],"card_choices":[{"not_picked":["Gash","White Noise"],"picked":"Capacitor","floor":1},{"not_picked":["Genetic Algorithm","Recycle"],"picked":"Coolheaded","floor":5},{"not_picked":["Undo","Streamline"],"picked":"Go for the Eyes","floor":6},{"not_picked":["Reinforced Body","Meteor Strike","Ball Lightning"],"picked":"SKIP","floor":8},{"not_picked":["Self Repair+1","Barrage"],"picked":"BootSequence","floor":11},{"not_picked":["Stack","Genetic Algorithm"],"picked":"Capacitor+1","floor":12},{"not_picked":["Doom and Gloom","Conserve Battery"],"picked":"Hologram","floor":14},{"not_picked":["Fission","Meteor Strike"],"picked":"Electrodynamics+1","floor":16},{"not_picked":["Sweeping Beam","Barrage"],"picked":"Steam Power","floor":18},{"not_picked":["Gash+1","Chaos"],"picked":"Compile Driver+1","floor":19},{"not_picked":["Lockon","Skim"],"picked":"Consume+1","floor":20},{"not_picked":["Sweeping Beam","Rebound"],"picked":"Consume","floor":21},{"not_picked":["Rebound","Conserve Battery"],"picked":"Coolheaded","floor":24},{"not_picked":["Stack","Reinforced Body"],"picked":"Defragment+1","floor":27},{"not_picked":["Amplify","Echo Form+1"],"picked":"Seek","floor":33},{"not_picked":["Steam","FTL+1","Go for the Eyes+1"],"picked":"SKIP","floor":35},{"not_picked":["FTL","Compile Driver+1"],"picked":"Static Discharge+1","floor":36},{"not_picked":["Compile Driver+1","Sunder","Barrage"],"picked":"SKIP","floor":37},{"not_picked":["Leap+1","Reprogram","Ball Lightning"],"picked":"SKIP","floor":41},{"not_picked":["Gash","Darkness+1"],"picked":"Chill+1","floor":42},{"not_picked":["Melter","Hologram"],"picked":"Loop+1","floor":47},{"not_picked":["Compile Driver+1","Hologram"],"picked":"Turbo+1","floor":48}],"player_experience":586028,"relics_obtained":[{"floor":6,"key":"Letter Opener"},{"floor":7,"key":"DataDisk"},{"floor":8,"key":"Frozen Egg 2"},{"floor":9,"key":"Mercury Hourglass"},{"floor":27,"key":"Blue Candle"},{"floor":36,"key":"Pocketwatch"},{"floor":38,"key":"StoneCalendar"},{"floor":43,"key":"Art of War"}],"event_choices":[{"damage_healed":0,"gold_gain":0,"player_choice":"Grow","damage_taken":0,"max_hp_gain":0,"max_hp_loss":0,"event_name":"Living Wall","floor":2,"gold_loss":0,"cards_upgraded":["Zap"]},{"damage_healed":0,"gold_gain":0,"player_choice":"Success","damage_taken":7,"relics_obtained":["Regal Pillow"],"max_hp_gain":0,"max_hp_loss":0,"event_name":"Scrap Ooze","floor":3,"gold_loss":0},{"damage_healed":0,"gold_gain":0,"cards_transformed":["Steam Power","Defend_B"],"player_choice":"Became Test Subject","damage_taken":0,"max_hp_gain":0,"max_hp_loss":0,"event_name":"Drug Dealer","floor":22,"gold_loss":0,"cards_obtained":["Thunder Strike","Machine Learning"]},{"damage_healed":0,"gold_gain":0,"player_choice":"Ignored","damage_taken":0,"max_hp_gain":0,"max_hp_loss":0,"event_name":"Ghosts","floor":29,"gold_loss":0},{"cards_removed":["Defend_B"],"damage_healed":0,"gold_gain":0,"player_choice":"Gave Gold","damage_taken":0,"max_hp_gain":0,"max_hp_loss":0,"event_name":"Beggar","floor":31,"gold_loss":75},{"damage_healed":0,"gold_gain":0,"player_choice":"Fight","damage_taken":0,"max_hp_gain":0,"max_hp_loss":0,"event_name":"MindBloom","floor":36,"gold_loss":0},{"damage_healed":0,"gold_gain":0,"player_choice":"Fight","damage_taken":0,"max_hp_gain":0,"max_hp_loss":0,"event_name":"Mysterious Sphere","floor":38,"gold_loss":0},{"damage_healed":0,"gold_gain":0,"player_choice":"Paid","damage_taken":0,"relics_obtained":["Red Mask"],"max_hp_gain":0,"max_hp_loss":0,"event_name":"Tomb of Lord Red Mask","floor":45,"gold_loss":117}],"is_beta":false,"boss_relics":[{"not_picked":["Coffee Dripper","Orrery"],"picked":"Inserter"},{"not_picked":["Astrolabe","Calling Bell"],"picked":"Philosopher\u0027s Stone"}],"items_purged_floors":[25,39],"is_endless":false,"potions_floor_spawned":[1,8,18,21,27,36,48],"ascension_level":8}