{"gold_per_floor":[110,110,110,121,136,161,161,161,186,186,201,201,221,245,245,245],"floor_reached":16,"playtime":1168,"items_purged":[],"score":117,"play_id":"94354f76-1320-4cf6-ad1d-7363ceaba99e","local_time":"20190109111325","is_ascension_mode":true,"campfire_choices":[{"data":"Battle Trance","floor":10.0,"key":"SMITH"},{"data":"Corruption","floor":12.0,"key":"SMITH"},{"data":"Warcry","floor":15,"key":"SMITH"}],"neow_cost":"NONE","seed_source_timestamp":4366145140829,"circlet_count":0,"master_deck":["Strike_R","Strike_R","Strike_R+1","Defend_R","Defend_R","Defend_R","Defend_R","Bash+1","True Grit+1","Warcry+1","Corruption+1","Battle Trance+1","Entrench","Headbutt","Ghostly Armor"],"special_seed":0,"relics":["Burning Blood","PreservedInsect","Whetstone","Golden Idol","Centennial Puzzle"],"potions_floor_usage":[],"damage_taken":[{"damage":9.0,"enemies":"Jaw Worm","floor":1.0,"turns":7.0},{"damage":1.0,"enemies":"Cultist","floor":4.0,"turns":5.0},{"damage":13.0,"enemies":"Small Slimes","floor":5.0,"turns":5.0},{"damage":31.0,"enemies":"Lagavulin","floor":6.0,"turns":8.0},{"damage":8.0,"enemies":"Red Slaver","floor":11.0,"turns":5.0},{"damage":0.0,"enemies":"Blue Slaver","floor":13.0,"turns":4.0},{"damage":5,"enemies":"2 Fungi Beasts","floor":14,"turns":4},{"damage":35,"enemies":"Slime Boss","floor":16,"turns":3}],"seed_played":"-757199025606851282","potions_obtained":[{"floor":4.0,"key":"Weak Potion"},{"floor":11.0,"key":"FearPotion"}],"is_trial":false,"path_per_floor":["M","?","?","M","M","E","?","?","T","R","M","R","M","M","R","B"],"character_chosen":"IRONCLAD","items_purchased":[],"campfire_rested":0,"item_purchase_floors":[],"current_hp_per_floor":[77,77,77,80,73,48,28,28,28,28,26,26,32,33,33,0],"gold":245,"neow_bonus":"RANDOM_COMMON_RELIC","is_prod":false,"is_daily":false,"chose_seed":false,"campfire_upgraded":3,"win_rate":0,"timestamp":1547054005,"path_taken":["M","?","?","M","?","E","?","?","T","R","M","R","M","M","R","BOSS"],"build_version":"2019-01-03v4","purchased_purges":0,"victory":false,"max_hp_per_floor":[80,80,80,80,80,80,80,80,80,80,80,80,80,80,80,80],"card_choices":[{"not_picked":["Anger","Flex"],"picked":"True Grit","floor":1.0},{"not_picked":["Shrug It Off","Havoc"],"picked":"Corruption","floor":4.0},{"not_picked":["Shrug It Off","Wild Strike"],"picked":"Battle Trance","floor":5.0},{"not_picked":["Rampage","Cleave"],"picked":"Entrench","floor":6.0},{"not_picked":["Heavy Blade","Clash","Warcry"],"picked":"SKIP","floor":11.0},{"not_picked":["Armaments","Iron Wave"],"picked":"Ghostly Armor","floor":13.0},{"not_picked":["Dual Wield","Carnage","Cleave"],"picked":"SKIP","floor":14}],"player_experience":167683,"relics_obtained":[{"floor":6.0,"key":"Whetstone"},{"floor":9.0,"key":"Centennial Puzzle"}],"event_choices":[{"damage_healed":0.0,"max_hp_gain":0.0,"max_hp_loss":0.0,"gold_gain":0.0,"cards_transformed":["Strike_R"],"event_name":"Living Wall","player_choice":"Change","floor":2.0,"gold_loss":0.0,"damage_taken":0.0,"cards_obtained":["Warcry"]},{"damage_healed":0.0,"max_hp_gain":0.0,"max_hp_loss":0.0,"gold_gain":0.0,"event_name":"Upgrade Shrine","player_choice":"Upgraded","floor":3.0,"gold_loss":0.0,"damage_taken":0.0,"cards_upgraded":["True Grit"]},{"damage_healed":0.0,"max_hp_gain":0.0,"max_hp_loss":0.0,"gold_gain":0.0,"event_name":"Golden Idol","player_choice":"Take Damage","floor":7.0,"gold_loss":0.0,"damage_taken":20.0,"relics_obtained":["Golden Idol"]},{"damage_healed":0.0,"max_hp_gain":0.0,"max_hp_loss":0.0,"gold_gain":0.0,"cards_transformed":["Strike_R"],"event_name":"Transmorgrifier","player_choice":"Transformed","floor":8.0,"gold_loss":0.0,"damage_taken":0.0,"cards_obtained":["Headbutt"]}],"is_beta":false,"boss_relics":[],"items_purged_floors":[],"is_endless":false,"potions_floor_spawned":[4,11],"killed_by":"Slime Boss","ascension_level":3}