{"path_per_floor":["M","M","?","M","?","E","M","R","T","M","?","?","$","M","R"],"character_chosen":"IRONCLAD","items_purchased":["Torii","Shrug It Off"],"gold_per_floor":[119,135,135,155,155,189,204,204,279,299,299,299,18,28,28],"floor_reached":16,"campfire_rested":2,"playtime":728,"current_hp_per_floor":[78,61,43,36,62,34,21,45,45,44,44,44,44,44,68],"items_purged":[],"gold":28,"score":102,"play_id":"2dabce11-3a54-40f3-a801-4a2f52551060","local_time":"20180309035629","is_prod":false,"is_daily":false,"is_ascension_mode":false,"campfire_upgraded":0,"timestamp":1520580389,"path_taken":["M","M","?","M","?","E","M","R","T","M","?","?","$","?","R","BOSS"],"build_version":"2018-03-01-PROD1","purchased_purges":0,"victory":false,"master_deck":["Strike_R","Strike_R","Strike_R","Strike_R","Strike_R","Defend_R","Defend_R","Defend_R","Defend_R","Bash","Burning Pact","Cleave","Ghostly Armor","Seeing Red","True Grit","Shrug It Off","Limit Break"],"max_hp_per_floor":[80,80,80,80,80,80,80,80,80,80,80,80,80,80,80],"relics":["Runic Cube","The Courier","Unceasing Top","Gremlin Horn","Happy Flower","Torii"],"card_choices":[{"not_picked":["Sword Boomerang","Pummel"],"picked":"Burning Pact"},{"not_picked":["True Grit","Wild Strike"],"picked":"Cleave"},{"not_picked":["Inflame","Reckless Charge"],"picked":"Ghostly Armor"},{"not_picked":["Hemokinesis","Searing Blow"],"picked":"Seeing Red"},{"not_picked":["Heavy Blade","Body Slam"],"picked":"True Grit"},{"not_picked":["Sever Soul","Twin Strike"],"picked":"Limit Break"}],"player_experience":147374,"potions_floor_usage":[4,7,14,16],"damage_taken":[{"damage":2,"enemies":"Small Slimes","floor":1,"turns":3},{"damage":17,"enemies":"Jaw Worm","floor":2,"turns":5},{"damage":7,"enemies":"2 Louse","floor":4,"turns":2},{"damage":28,"enemies":"3 Sentries","floor":6,"turns":11},{"damage":13,"enemies":"Large Slime","floor":7,"turns":8},{"damage":1,"enemies":"3 Louse","floor":10,"turns":3},{"damage":0,"enemies":"Gremlin Gang","floor":14,"turns":1},{"damage":75,"enemies":"Slime Boss","floor":16,"turns":10}],"event_choices":[{"event_name":"Scrap Ooze","player_choice":"success","floor":3,"damage_taken":18},{"event_name":"Big Fish","player_choice":"Banana","floor":5,"damage_taken":0},{"event_name":"Wheel of Change","player_choice":"Relic","floor":11,"damage_taken":0},{"event_name":"Shining Light","player_choice":"Ignored","floor":12,"damage_taken":0}],"boss_relics":[],"potions_floor_spawned":[2,6,10,14],"seed_played":"-2614619965418418790","killed_by":"Slime Boss","ascension_level":0,"is_trial":false}