{"gold_per_floor":[20,20,20,38,57,57,77,117,117,117,131,42,82,101,101,194,194,214,214,214,264,264,264,264,264,318,362,362,380,418,434,434,533,533,552,552,552,568,587,587,621,641,717,741,741,741,756,82,82,82,82],"floor_reached":52,"playtime":2889,"items_purged":["Strike_R+1"],"score":1960,"play_id":"9d3bec00-c80b-44fe-914d-4af1df67a296","local_time":"20181129202958","is_ascension_mode":true,"campfire_choices":[{"data":"Bash","floor":6.0,"key":"SMITH"},{"data":"Rage","floor":10.0,"key":"SMITH"},{"floor":15.0,"key":"REST"},{"data":"Barricade","floor":23.0,"key":"SMITH"},{"data":"Body Slam","floor":25.0,"key":"SMITH"},{"data":"Offering","floor":28.0,"key":"SMITH"},{"data":"Pommel Strike","floor":32.0,"key":"SMITH"},{"floor":40.0,"key":"REST"},{"floor":49.0,"key":"REST"}],"neow_cost":"NO_GOLD","seed_source_timestamp":0,"circlet_count":0,"master_deck":["AscendersBane","Strike_R+1","Strike_R+1","Strike_R+1","Strike_R+1","Defend_R+1","Defend_R+1","Defend_R+1","Defend_R+1","Bash+1","Iron Wave","Pommel Strike+1","Headbutt","Iron Wave","Rage+1","Flame Barrier","Feel No Pain","Ghostly Armor","Barricade+1","Offering+1","Shrug It Off","Body Slam+1","Seeing Red+1","Warcry+1","Shrug It Off","Battle Trance","Demon Form+1","Blind","Panacea","Master of Strategy","Havoc+1","Heavy Blade+1","Ghostly Armor","Carnage+1","Second Wind","Mayhem+1","Evolve+1"],"special_seed":0,"relics":["Burning Blood","Golden Idol","Pocketwatch","Charon\u0027s Ashes","Bottled Flame","Mark of Pain","Enchiridion","Centennial Puzzle","Mango","Strawberry","Fusion Hammer","Frozen Egg 2","Pear","Molten Egg 2","Letter Opener"],"potions_floor_usage":[],"damage_taken":[{"damage":5.0,"enemies":"Small Slimes","floor":1.0,"turns":4.0},{"damage":6.0,"enemies":"Jaw Worm","floor":4.0,"turns":4.0},{"damage":2.0,"enemies":"2 Louse","floor":5.0,"turns":4.0},{"damage":7.0,"enemies":"Looter","floor":7.0,"turns":3.0},{"damage":30.0,"enemies":"Lagavulin","floor":8.0,"turns":5.0},{"damage":3.0,"enemies":"Blue Slaver","floor":11.0,"turns":3.0},{"damage":26.0,"enemies":"Gremlin Nob","floor":13.0,"turns":5.0},{"damage":0.0,"enemies":"Large Slime","floor":14.0,"turns":5.0},{"damage":5.0,"enemies":"Slime Boss","floor":16.0,"turns":15.0},{"damage":8.0,"enemies":"3 Byrds","floor":18.0,"turns":4.0},{"damage":6.0,"enemies":"Gremlin Leader","floor":27.0,"turns":7.0},{"damage":6.0,"enemies":"Chosen","floor":29.0,"turns":2.0},{"damage":1.0,"enemies":"Book of Stabbing","floor":30.0,"turns":4.0},{"damage":19.0,"enemies":"Snake Plant","floor":31.0,"turns":5.0},{"damage":18.0,"enemies":"Automaton","floor":33.0,"turns":14.0},{"damage":8.0,"enemies":"Orb Walker","floor":35.0,"turns":3.0},{"damage":6.0,"enemies":"3 Darklings","floor":38.0,"turns":2.0},{"damage":67.0,"enemies":"Transient","floor":39.0,"turns":6.0},{"damage":25.0,"enemies":"Reptomancer","floor":41.0,"turns":5.0},{"damage":24.0,"enemies":"Writhing Mass","floor":42.0,"turns":8.0},{"damage":6.0,"enemies":"Maw","floor":44.0,"turns":7.0},{"damage":19.0,"enemies":"Transient","floor":47.0,"turns":6.0},{"damage":20.0,"enemies":"Time Eater","floor":50.0,"turns":8.0},{"damage":13,"enemies":"Donu and Deca","floor":51,"turns":7}],"seed_played":"5404289465307197698","potions_obtained":[{"floor":4.0,"key":"SpeedPotion"},{"floor":13.0,"key":"Dexterity Potion"},{"floor":27.0,"key":"Ancient Potion"},{"floor":33.0,"key":"SkillPotion"},{"floor":35.0,"key":"Fire Potion"},{"floor":38.0,"key":"Explosive Potion"},{"floor":42.0,"key":"SkillPotion"}],"is_trial":false,"path_per_floor":["M","?","?","M","M","R","M","E","T","R","M","$","E","M","R","B",null,"M","?","?","?","?","R","?","R","T","E","R","M","E","M","R","B",null,"M","?","?","M","M","R","E","M","T","M","T","?","M","$","R","B","B",null],"character_chosen":"IRONCLAD","items_purchased":["Feel No Pain","Mayhem+1","Evolve+1","Letter Opener","PowerPotion"],"campfire_rested":3,"item_purchase_floors":[12,48,48,48,48],"current_hp_per_floor":[83,52,52,52,56,56,55,31,31,31,34,34,14,20,46,47,79,77,77,77,77,56,56,56,56,56,70,70,70,82,69,69,57,97,95,95,85,85,24,57,38,20,30,30,30,30,17,17,53,39,32],"gold":82,"neow_bonus":"TWENTY_PERCENT_HP_BONUS","is_prod":false,"is_daily":false,"chose_seed":false,"campfire_upgraded":6,"win_rate":0,"timestamp":1543519798,"path_taken":["M","?","?","M","M","R","M","E","T","R","M","$","E","M","R","BOSS","M","?","?","?","?","R","?","R","T","E","R","M","E","M","R","BOSS","M","?","?","M","M","R","E","M","T","M","?","?","?","?","R","BOSS","BOSS"],"build_version":"2018-11-15","purchased_purges":1,"victory":true,"max_hp_per_floor":[89,89,89,89,89,89,89,89,89,89,89,89,89,89,89,89,89,89,89,89,89,89,89,89,89,89,103,103,103,110,110,110,110,110,110,110,110,110,110,110,110,110,120,120,120,120,120,120,120,120,120],"card_choices":[{"not_picked":["Combust","Armaments"],"picked":"Iron Wave","floor":1.0},{"not_picked":["Anger","True Grit"],"picked":"Pommel Strike","floor":4.0},{"not_picked":["Perfected Strike","Havoc"],"picked":"Headbutt","floor":5.0},{"not_picked":["Armaments","Rampage"],"picked":"Iron Wave","floor":7.0},{"not_picked":["Infernal Blade","Sentinel"],"picked":"Rage","floor":8.0},{"not_picked":["Sword Boomerang","Perfected Strike"],"picked":"Flame Barrier","floor":11.0},{"not_picked":["Headbutt","Corruption"],"picked":"Ghostly Armor","floor":13.0},{"not_picked":["Anger","Body Slam"],"picked":"Barricade","floor":14.0},{"not_picked":["Double Tap","Fiend Fire"],"picked":"Offering","floor":16.0},{"not_picked":["Havoc","Heavy Blade"],"picked":"Shrug It Off","floor":18.0},{"not_picked":["Flex","Demon Form"],"picked":"Seeing Red+1","floor":27.0},{"not_picked":["True Grit","Headbutt"],"picked":"Warcry+1","floor":29.0},{"not_picked":["Pommel Strike","Feed"],"picked":"Shrug It Off","floor":30.0},{"not_picked":["Inflame","Perfected Strike+1"],"picked":"Battle Trance","floor":31.0},{"not_picked":["Bludgeon","Immolate"],"picked":"Demon Form","floor":33.0},{"not_picked":["Searing Blow","Anger","Cleave"],"picked":"SKIP","floor":35.0},{"not_picked":["Dark Shackles","Forethought"],"picked":"Blind","floor":37.0},{"not_picked":["Enlightenment","Jack Of All Trades"],"picked":"Panacea","floor":37.0},{"not_picked":["Sadistic Nature","Trip"],"picked":"Master of Strategy","floor":37.0},{"not_picked":["Disarm","True Grit"],"picked":"Havoc+1","floor":38.0},{"not_picked":["Limit Break","Fire Breathing"],"picked":"Heavy Blade+1","floor":39.0},{"not_picked":["Intimidate","Sword Boomerang+1"],"picked":"Ghostly Armor","floor":41.0},{"not_picked":["Reckless Charge","Clash"],"picked":"Carnage+1","floor":42.0},{"not_picked":["Clothesline+1","Anger"],"picked":"Second Wind","floor":44.0},{"not_picked":["Rupture+1","Armaments","Clash+1"],"picked":"SKIP","floor":47.0}],"player_experience":833609,"relics_obtained":[{"floor":8.0,"key":"Pocketwatch"},{"floor":9.0,"key":"Charon\u0027s Ashes"},{"floor":13.0,"key":"Bottled Flame"},{"floor":22.0,"key":"Enchiridion"},{"floor":26.0,"key":"Centennial Puzzle"},{"floor":27.0,"key":"Mango"},{"floor":30.0,"key":"Strawberry"},{"floor":41.0,"key":"Frozen Egg 2"},{"floor":43.0,"key":"Pear"},{"floor":45.0,"key":"Molten Egg 2"}],"event_choices":[{"damage_healed":0.0,"max_hp_gain":0.0,"max_hp_loss":0.0,"gold_gain":0.0,"event_name":"Golden Idol","player_choice":"Take Damage","floor":2.0,"gold_loss":0.0,"damage_taken":31.0,"relics_obtained":["Golden Idol"]},{"damage_healed":0.0,"max_hp_gain":0.0,"max_hp_loss":0.0,"gold_gain":0.0,"event_name":"The Cleric","player_choice":"Leave","floor":3.0,"gold_loss":0.0,"damage_taken":0.0},{"damage_healed":0.0,"max_hp_gain":0.0,"max_hp_loss":0.0,"gold_gain":0.0,"event_name":"Back to Basics","player_choice":"Simplicity","floor":19.0,"gold_loss":0.0,"damage_taken":0.0,"cards_upgraded":["Strike_R","Strike_R","Strike_R","Strike_R","Strike_R","Defend_R","Defend_R","Defend_R","Defend_R"]},{"damage_healed":0.0,"max_hp_gain":0.0,"max_hp_loss":0.0,"gold_gain":0.0,"event_name":"The Library","player_choice":"Read","floor":20.0,"gold_loss":0.0,"damage_taken":0.0,"cards_obtained":["Body Slam"]},{"damage_healed":0.0,"max_hp_gain":0.0,"max_hp_loss":0.0,"gold_gain":50.0,"event_name":"Nest","player_choice":"Stole From Cult","floor":21.0,"gold_loss":0.0,"damage_taken":0.0},{"damage_healed":0.0,"max_hp_gain":0.0,"max_hp_loss":0.0,"gold_gain":0.0,"event_name":"Cursed Tome","player_choice":"Obtained Book","floor":22.0,"gold_loss":0.0,"damage_taken":21.0},{"damage_healed":0.0,"max_hp_gain":0.0,"max_hp_loss":0.0,"gold_gain":0.0,"event_name":"The Mausoleum","player_choice":"Ignored","floor":24.0,"gold_loss":0.0,"damage_taken":0.0},{"damage_healed":0.0,"max_hp_gain":0.0,"max_hp_loss":0.0,"gold_gain":0.0,"event_name":"Tomb of Lord Red Mask","player_choice":"Ignored","floor":36.0,"gold_loss":0.0,"damage_taken":0.0},{"damage_healed":0.0,"max_hp_gain":0.0,"max_hp_loss":0.0,"gold_gain":0.0,"event_name":"SensoryStone","player_choice":"Memory 3","floor":37.0,"gold_loss":0.0,"damage_taken":10.0},{"damage_healed":0.0,"max_hp_gain":0.0,"max_hp_loss":0.0,"gold_gain":0.0,"event_name":"Upgrade Shrine","player_choice":"Upgraded","floor":46.0,"gold_loss":0.0,"damage_taken":0.0,"cards_upgraded":["Demon Form"]}],"is_beta":true,"boss_relics":[{"not_picked":["Black Star","Eternal Feather"],"picked":"Mark of Pain"},{"not_picked":["Empty Cage","Pandora\u0027s Box"],"picked":"Fusion Hammer"}],"items_purged_floors":[48],"is_endless":false,"potions_floor_spawned":[4,13,27,30,33,35,38,42],"ascension_level":20}