{"path_per_floor":["M","?","?","$","M","R","M","M","T","$","M","$","T"],"character_chosen":"THE_SILENT","items_purchased":["Noxious Fumes","Blood Vial"],"gold_per_floor":[114,114,114,46,61,61,76,91,166,16,31,31,81],"floor_reached":14,"campfire_rested":1,"playtime":1341,"current_hp_per_floor":[62,62,62,62,50,70,69,38,38,38,26,26,26],"items_purged":[],"gold":81,"score":80,"play_id":"862402bc-4d5c-4bfb-95b0-ecc424c490ca","local_time":"20180303030617","daily_mods":[{"name":"All Star","description":"Start with 2 colorless cards.","modID":"Allstar","img":{"data":{"file":{"file":{"path":"images\\ui\\run_mods\\all_star.png"},"type":"Internal"},"width":64,"height":64,"format":"RGBA8888","useMipMaps":false,"isPrepared":false},"glTarget":3553,"glHandle":684,"minFilter":"Linear","magFilter":"Linear","uWrap":"ClampToEdge","vWrap":"ClampToEdge"},"positive":true},{"name":"Lethal Enemies","description":"All enemies start with +3 Strength.","modID":"Lethal Enemies","img":{"data":{"file":{"file":{"path":"images\\ui\\run_mods\\lethal_enemies.png"},"type":"Internal"},"width":64,"height":64,"format":"RGBA8888","useMipMaps":false,"isPrepared":false},"glTarget":3553,"glHandle":675,"minFilter":"Linear","magFilter":"Linear","uWrap":"ClampToEdge","vWrap":"ClampToEdge"},"positive":false},{"name":"Elite Swarm","description":"Elite enemies are swarming the Spire.","modID":"Elite Swarm","img":{"data":{"file":{"file":{"path":"images\\ui\\run_mods\\elite_swarm.png"},"type":"Internal"},"width":64,"height":64,"format":"RGBA8888","useMipMaps":false,"isPrepared":false},"glTarget":3553,"glHandle":674,"minFilter":"Linear","magFilter":"Linear","uWrap":"ClampToEdge","vWrap":"ClampToEdge"},"positive":false},{"name":"Restless Journey","description":"You no longer heal when entering new acts.","modID":"Restless Journey","img":{"data":{"file":{"file":{"path":"images\\ui\\run_mods\\restless_journey.png"},"type":"Internal"},"width":64,"height":64,"format":"RGBA8888","useMipMaps":false,"isPrepared":false},"glTarget":3553,"glHandle":676,"minFilter":"Linear","magFilter":"Linear","uWrap":"ClampToEdge","vWrap":"ClampToEdge"},"positive":false}],"is_prod":false,"is_daily":true,"is_ascension_mode":false,"campfire_upgraded":0,"timestamp":1520058977,"path_taken":["M","?","?","$","?","R","M","M","T","$","M","?","?","M"],"build_version":"2018-03-01-PROD1","purchased_purges":0,"victory":false,"master_deck":["Defend_G","Defend_G","Defend_G","Defend_G","Defend_G","Strike_G","Strike_G","Strike_G","Strike_G","Strike_G","Survivor","Neutralize","Dark Shackles","Purity","Noxious Fumes","Outmaneuver","Cloak And Dagger","Dagger Throw","Distraction"],"max_hp_per_floor":[70,70,70,70,70,70,70,70,70,70,70,70,70],"relics":["Ring of the Snake","Molten Egg 2","Blood Vial","Juzu Bracelet"],"card_choices":[{"not_picked":["Sucker Punch","Flechettes"],"picked":"Choke"},{"not_picked":["Slice","PiercingWail"],"picked":"Outmaneuver"},{"not_picked":["Backflip","Deflect"],"picked":"Cloak And Dagger"},{"not_picked":["Caltrops","Well Laid Plans"],"picked":"Dagger Throw"},{"not_picked":["Masterful Stab","Backflip"],"picked":"Distraction"}],"player_experience":77756,"potions_floor_usage":[5,7,8,8,11],"damage_taken":[{"damage":8,"enemies":"Small Slimes","floor":1,"turns":4},{"damage":12,"enemies":"Cultist","floor":5,"turns":7},{"damage":1,"enemies":"2 Louse","floor":7,"turns":2},{"damage":31,"enemies":"Gremlin Gang","floor":8,"turns":6},{"damage":14,"enemies":"3 Louse","floor":11,"turns":4},{"damage":29,"enemies":"Lots of Slimes","floor":14,"turns":3}],"event_choices":[{"event_name":"The Lab","player_choice":"Got Potions","floor":2,"damage_taken":0},{"event_name":"Purifier","player_choice":"One Purge","floor":3,"damage_taken":0}],"boss_relics":[],"potions_floor_spawned":[5,8],"seed_played":"7095695899989429765","killed_by":"Lots of Slimes","ascension_level":0,"is_trial":false}