{"gold_per_floor":[119,119,194,204,221,221,251,251,251,81,81,81,101,120,120,198,198,216,232,48,64,114,114,30,30,105,117,117,136,161,171,171,171],"floor_reached":33,"playtime":1290,"items_purged":["Strike_B","Strike_B"],"score":534,"play_id":"65d1cca5-f6b4-463d-b247-014f47d0206e","local_time":"20181129205320","is_ascension_mode":true,"campfire_choices":[{"data":"Zap","floor":6.0,"key":"SMITH"},{"floor":8.0,"key":"REST"},{"floor":11.0,"key":"REST"},{"data":"Darkness","floor":15.0,"key":"SMITH"},{"data":"Defragment","floor":23.0,"key":"SMITH"},{"data":"Hologram","floor":25.0,"key":"SMITH"},{"floor":28,"key":"REST"},{"floor":32,"key":"REST"}],"neow_cost":"NONE","seed_source_timestamp":3899575196662,"circlet_count":0,"master_deck":["AscendersBane","Strike_B","Defend_B","Defend_B+1","Defend_B","Defend_B","Zap+1","Dualcast+1","Doom and Gloom","Hologram+1","Ball Lightning","Sweeping Beam","Darkness+1","Hologram","Turbo","Stack","Seek","Go for the Eyes","Compile Driver","Defragment+1","Redo","Go for the Eyes","Leap","Steam","Coolheaded","Sweeping Beam+1"],"special_seed":0,"relics":["Cracked Core","Blood Vial","Shuriken","Matryoshka","Eternal Feather","Lantern","Pear","Regal Pillow"],"potions_floor_usage":[29,30,30],"damage_taken":[{"damage":1.0,"enemies":"Cultist","floor":1.0,"turns":3.0},{"damage":0.0,"enemies":"2 Louse","floor":4.0,"turns":2.0},{"damage":1.0,"enemies":"Small Slimes","floor":5.0,"turns":3.0},{"damage":33.0,"enemies":"Gremlin Nob","floor":7.0,"turns":4.0},{"damage":20.0,"enemies":"Gremlin Gang","floor":13.0,"turns":3.0},{"damage":1.0,"enemies":"3 Louse","floor":14.0,"turns":2.0},{"damage":15.0,"enemies":"The Guardian","floor":16.0,"turns":9.0},{"damage":18.0,"enemies":"2 Thieves","floor":18.0,"turns":4.0},{"damage":15.0,"enemies":"3 Byrds","floor":19.0,"turns":4.0},{"damage":18.0,"enemies":"Snake Plant","floor":21.0,"turns":4.0},{"damage":21,"enemies":"Centurion and Healer","floor":27,"turns":7},{"damage":30,"enemies":"Shelled Parasite and Fungi","floor":29,"turns":6},{"damage":29,"enemies":"Slavers","floor":30,"turns":4},{"damage":10,"enemies":"Snake Plant","floor":31,"turns":5},{"damage":66,"enemies":"Collector","floor":33,"turns":9}],"seed_played":"1035266350738418061","potions_obtained":[{"floor":1.0,"key":"EssenceOfSteel"},{"floor":5.0,"key":"SpeedPotion"},{"floor":13.0,"key":"Fire Potion"},{"floor":16.0,"key":"Block Potion"},{"floor":21.0,"key":"SpeedPotion"},{"floor":29,"key":"Fire Potion"}],"is_trial":false,"path_per_floor":["M","?","?","M","M","R","E","R","T","$","R","?","M","M","R","B",null,"M","M","$","M","?","R","$","R","T","M","R","M","E","M","R","B"],"character_chosen":"DEFECT","items_purchased":["Darkness","Hologram","Defragment","Go for the Eyes","Block Potion"],"campfire_rested":4,"item_purchase_floors":[10,10,20,24,24],"current_hp_per_floor":[65,44,33,35,36,36,5,26,26,26,47,47,29,30,30,17,58,42,29,29,13,13,25,25,37,47,28,64,36,9,1,55,0],"gold":171,"neow_bonus":"RANDOM_COMMON_RELIC","is_prod":false,"is_daily":false,"chose_seed":false,"campfire_upgraded":4,"win_rate":0,"timestamp":1543521200,"path_taken":["M","?","?","M","M","R","E","R","T","$","R","?","M","M","R","BOSS","M","?","$","M","?","R","$","R","T","M","R","M","E","M","R","BOSS"],"build_version":"2018-11-15","purchased_purges":2,"victory":false,"max_hp_per_floor":[71,71,71,71,71,71,71,71,71,71,71,71,71,71,71,71,71,71,71,71,71,71,71,71,71,81,81,81,81,81,81,81,81],"card_choices":[{"not_picked":["Double Energy","Compile Driver"],"picked":"Doom and Gloom","floor":1.0},{"not_picked":["Double Energy","Loop"],"picked":"Hologram","floor":4.0},{"not_picked":["Turbo","Double Energy"],"picked":"Ball Lightning","floor":5.0},{"not_picked":["Barrage","Stack"],"picked":"Sweeping Beam","floor":7.0},{"not_picked":["Steam Power","Barrage"],"picked":"Turbo","floor":13.0},{"not_picked":["Gash","Stack","Aggregate"],"picked":"SKIP","floor":14.0},{"not_picked":["Gash","Aggregate"],"picked":"Stack","floor":14.0},{"not_picked":["Creative AI","Multi-Cast"],"picked":"Seek","floor":16.0},{"not_picked":["Stack","Barrage"],"picked":"Go for the Eyes","floor":18.0},{"not_picked":["Rip and Tear","Melter"],"picked":"Compile Driver","floor":19.0},{"not_picked":["Thunder Strike","Sweeping Beam"],"picked":"Redo","floor":21.0},{"not_picked":["White Noise","Compile Driver"],"picked":"Leap","floor":27},{"not_picked":["Barrage","Doom and Gloom"],"picked":"Steam","floor":29},{"not_picked":["Double Energy","Leap"],"picked":"Coolheaded","floor":30},{"not_picked":["Beam Cell","Stack"],"picked":"Sweeping Beam+1","floor":31}],"player_experience":836498,"relics_obtained":[{"floor":7.0,"key":"Shuriken"},{"floor":9.0,"key":"Matryoshka"},{"floor":26.0,"key":"Lantern"},{"floor":26.0,"key":"Pear"},{"floor":30,"key":"Regal Pillow"}],"event_choices":[{"damage_healed":0.0,"max_hp_gain":0.0,"max_hp_loss":0.0,"gold_gain":0.0,"event_name":"Shining Light","player_choice":"Entered Light","floor":2.0,"gold_loss":0.0,"damage_taken":21.0,"cards_upgraded":["Dualcast","Defend_B"]},{"damage_healed":0.0,"max_hp_gain":0.0,"max_hp_loss":0.0,"gold_gain":75.0,"event_name":"World of Goop","player_choice":"Gather Gold","floor":3.0,"gold_loss":0.0,"damage_taken":11.0},{"cards_removed":["Strike_B"],"damage_healed":0.0,"max_hp_gain":0.0,"max_hp_loss":0.0,"gold_gain":0.0,"event_name":"Purifier","player_choice":"Purged","floor":12.0,"gold_loss":0.0,"damage_taken":0.0},{"damage_healed":0.0,"max_hp_gain":0.0,"max_hp_loss":0.0,"gold_gain":50.0,"event_name":"Nest","player_choice":"Stole From Cult","floor":22.0,"gold_loss":0.0,"damage_taken":0.0}],"is_beta":true,"boss_relics":[{"not_picked":["Astrolabe","Snecko Eye"],"picked":"Eternal Feather"}],"items_purged_floors":[10,20],"is_endless":false,"potions_floor_spawned":[1,5,13,16,21,29],"killed_by":"Collector","ascension_level":20}