{"gold_per_floor":[112,112,131,151,169,169,181,181,253,281,262,262,279,178,178,279,279,294,308,62,62],"floor_reached":21,"playtime":887,"items_purged":["Strike_R","Strike_R"],"score":333,"play_id":"29dbba2a-98f0-45a4-838e-1b1f2640b7c4","local_time":"20190218172656","is_ascension_mode":true,"campfire_choices":[{"floor":6,"key":"REST"},{"data":"Limit Break","floor":8,"key":"SMITH"},{"floor":12,"key":"REST"},{"floor":15,"key":"REST"}],"neow_cost":"PERCENT_DAMAGE","seed_source_timestamp":196578398904269,"circlet_count":0,"master_deck":["AscendersBane","Strike_R","Strike_R","Defend_R","Defend_R","Defend_R","Defend_R","Bash","Limit Break+1","True Grit","True Grit","Spot Weakness","Cleave","Evolve","Headbutt","Ghostly Armor","Inflame","Heavy Blade","Reaper","Burning Pact","Reaper"],"relics":["Burning Blood","Prayer Wheel","Coffee Dripper"],"potions_floor_usage":[5,10,11,18,18],"damage_taken":[{"damage":20,"enemies":"Small Slimes","floor":1,"turns":4},{"damage":4,"enemies":"Cultist","floor":3,"turns":4},{"damage":3,"enemies":"2 Louse","floor":4,"turns":4},{"damage":12,"enemies":"Red Slaver","floor":5,"turns":4},{"damage":11,"enemies":"Exordium Wildlife","floor":7,"turns":4},{"damage":38,"enemies":"3 Sentries","floor":10,"turns":7},{"damage":14,"enemies":"Exordium Thugs","floor":11,"turns":4},{"damage":14,"enemies":"Blue Slaver","floor":13,"turns":5},{"damage":46,"enemies":"The Guardian","floor":16,"turns":10},{"damage":13,"enemies":"Chosen","floor":18,"turns":5},{"damage":45,"enemies":"3 Byrds","floor":19,"turns":6},{"damage":72,"enemies":"Colosseum Slavers","floor":21,"turns":4}],"seed_played":"-3393840833598494496","potions_obtained":[{"floor":1,"key":"Fire Potion"},{"floor":7,"key":"Strength Potion"},{"floor":10,"key":"SteroidPotion"},{"floor":11,"key":"Energy Potion"},{"floor":16,"key":"Swift Potion"}],"is_trial":false,"path_per_floor":["M","?","M","M","M","R","M","R","T","E","M","R","M","$","R","B",null,"M","M","$","?"],"character_chosen":"IRONCLAD","items_purchased":["Heavy Blade","Reaper"],"campfire_rested":3,"item_purchase_floors":[14,20],"current_hp_per_floor":[37,37,39,42,36,60,55,55,55,23,15,39,31,31,55,15,64,60,30,30,0],"gold":62,"neow_bonus":"THREE_RARE_CARDS","is_prod":false,"is_daily":false,"chose_seed":false,"campfire_upgraded":1,"win_rate":0,"timestamp":1550503616,"path_taken":["M","?","M","?","M","R","M","R","T","E","M","R","M","$","R","BOSS","M","M","$","?"],"build_version":"2019-01-23","purchased_purges":2,"victory":false,"max_hp_per_floor":[80,80,80,80,80,80,80,80,80,80,80,80,80,80,80,80,80,80,80,80,80],"card_choices":[{"not_picked":["Offering","Exhume"],"picked":"Limit Break","floor":0},{"not_picked":["Reckless Charge","Seeing Red"],"picked":"True Grit","floor":1},{"not_picked":["Sword Boomerang","Thunderclap"],"picked":"True Grit","floor":3},{"not_picked":["Wild Strike","Shrug It Off"],"picked":"Spot Weakness","floor":4},{"not_picked":["Havoc","Searing Blow"],"picked":"Cleave","floor":5},{"not_picked":["Dual Wield","Twin Strike","Perfected Strike"],"picked":"SKIP","floor":7},{"not_picked":["Dual Wield","Disarm"],"picked":"Evolve","floor":10},{"not_picked":["Hemokinesis","Fire Breathing"],"picked":"Headbutt","floor":11},{"not_picked":["Cleave","Carnage"],"picked":"Ghostly Armor","floor":11},{"not_picked":["Iron Wave","Body Slam"],"picked":"Inflame","floor":13},{"not_picked":["Twin Strike","Combust","True Grit"],"picked":"SKIP","floor":13},{"not_picked":["Feed","Immolate"],"picked":"Reaper","floor":16},{"not_picked":["Cleave","Anger","Body Slam"],"picked":"SKIP","floor":18},{"not_picked":["Blood for Blood","Thunderclap","Feel No Pain"],"picked":"SKIP","floor":18},{"not_picked":["Headbutt","Reckless Charge"],"picked":"Burning Pact","floor":19},{"not_picked":["Headbutt","Clash+1","Spot Weakness+1"],"picked":"SKIP","floor":19}],"player_experience":742213,"relics_obtained":[{"floor":10,"key":"Prayer Wheel"}],"event_choices":[{"cards_removed":["Strike_R"],"damage_healed":0,"gold_gain":0,"player_choice":"Offered Basic","damage_taken":0,"max_hp_gain":0,"max_hp_loss":0,"event_name":"Bonfire Elementals","floor":2,"gold_loss":0},{"damage_healed":0,"gold_gain":0,"player_choice":"Fight","damage_taken":0,"max_hp_gain":0,"max_hp_loss":0,"event_name":"Colosseum","floor":21,"gold_loss":0}],"is_beta":false,"boss_relics":[{"not_picked":["Calling Bell","Pandora\u0027s Box"],"picked":"Coffee Dripper"}],"items_purged_floors":[14,20],"is_endless":false,"potions_floor_spawned":[1,7,10,11,16],"killed_by":"Colosseum Slavers","ascension_level":12}