{"path_per_floor":["?","?","?","?","?","?","?","?","?","?","?","?","?","?","?","B",null,"?","?","?","?","?","?","?","?","?","?","?","?","?","?","?","B",null,"?","?","?","?"],"character_chosen":"THE_SILENT","items_purchased":["Caltrops","Omamori","Orichalcum","Toy Ornithopter"],"gold_per_floor":[114,114,129,144,159,189,204,234,234,2,2,17,32,47,47,147,147,162,177,192,207,222,222,237,252,252,252,252,267,297,312,312,412,412,427,442,4,19],"floor_reached":39,"campfire_rested":4,"playtime":2860,"current_hp_per_floor":[70,70,70,70,57,41,45,44,44,44,30,32,34,36,57,8,70,61,63,46,41,43,64,45,30,30,30,51,49,45,43,64,39,70,44,46,46,30],"items_purged":[],"gold":19,"score":375,"play_id":"98d92af6-7fa2-403e-a3a9-4cbe8b72feee","local_time":"20180309025625","daily_mods":[{"name":"Heirloom","description":"Start with 1 Rare relic.","modID":"Heirloom","img":{"data":{"file":{"file":{"path":"images\\ui\\run_mods\\heirloom.png"},"type":"Internal"},"width":64,"height":64,"format":"RGBA8888","useMipMaps":false,"isPrepared":false},"glTarget":3553,"glHandle":683,"minFilter":"Linear","magFilter":"Linear","uWrap":"ClampToEdge","vWrap":"ClampToEdge"},"positive":true},{"name":"Uncertain Future","description":"The map shows only ?.","modID":"Uncertain Future","img":{"data":{"file":{"file":{"path":"images\\ui\\run_mods\\uncertain_future.png"},"type":"Internal"},"width":64,"height":64,"format":"RGBA8888","useMipMaps":false,"isPrepared":false},"glTarget":3553,"glHandle":679,"minFilter":"Linear","magFilter":"Linear","uWrap":"ClampToEdge","vWrap":"ClampToEdge"},"positive":false},{"name":"Binary","description":"Card rewards contain only 2 cards.","modID":"Binary","img":{"data":{"file":{"file":{"path":"images\\ui\\run_mods\\binary.png"},"type":"Internal"},"width":64,"height":64,"format":"RGBA8888","useMipMaps":false,"isPrepared":false},"glTarget":3553,"glHandle":680,"minFilter":"Linear","magFilter":"Linear","uWrap":"ClampToEdge","vWrap":"ClampToEdge"},"positive":false},{"name":"Vintage","description":"The Merchant\u0027s prices are increased by 25%.","modID":"Vintage","img":{"data":{"file":{"file":{"path":"images\\ui\\run_mods\\vintage.png"},"type":"Internal"},"width":64,"height":64,"format":"RGBA8888","useMipMaps":false,"isPrepared":false},"glTarget":3553,"glHandle":677,"minFilter":"Linear","magFilter":"Linear","uWrap":"ClampToEdge","vWrap":"ClampToEdge"},"positive":false}],"is_prod":false,"is_daily":true,"is_ascension_mode":false,"campfire_upgraded":0,"timestamp":1520576785,"path_taken":["?","?","?","?","?","?","?","?","?","?","?","?","?","?","?","BOSS","?","?","?","?","?","?","?","?","?","?","?","?","?","?","?","BOSS","?","?","?","?","?"],"build_version":"2018-03-01-PROD1","purchased_purges":0,"victory":false,"master_deck":["Defend_G","Defend_G","Defend_G","Defend_G","Defend_G","Strike_G","Strike_G+1","Strike_G","Strike_G","Strike_G","Survivor","Neutralize","Dagger Spray+1","Outmaneuver","Flying Knee+1","Caltrops","Phantasmal Killer","Caltrops","Adrenaline","Bouncing Flask+1","Slice+1","Expertise+1","Skewer","Envenom"],"max_hp_per_floor":[70,70,70,70,70,70,70,70,70,70,70,70,70,70,70,70,70,70,70,70,70,70,70,70,70,70,70,70,70,70,70,70,70,70,70,70,70,70],"relics":["Ring of the Snake","Thread and Needle","Blood Vial","Toolbox","Ginger","Omamori","Runic Pyramid","Meat on the Bone","Mummified Hand","Black Star","Orichalcum","Toy Ornithopter"],"card_choices":[{"not_picked":["Prepared"],"picked":"Dagger Spray"},{"not_picked":["Dodge and Roll"],"picked":"Outmaneuver"},{"not_picked":["Escape Plan"],"picked":"Flying Knee"},{"not_picked":["Underhanded Strike"],"picked":"Phantasmal Killer"},{"not_picked":["Flying Knee"],"picked":"Caltrops"},{"not_picked":["Corpse Explosion"],"picked":"Adrenaline"},{"not_picked":["Noxious Fumes"],"picked":"Bouncing Flask"},{"not_picked":["Infinite Blades"],"picked":"Slice"},{"not_picked":["Acrobatics"],"picked":"Expertise"},{"not_picked":["Deadly Poison"],"picked":"Skewer"},{"not_picked":["Quick Slash"],"picked":"Envenom"}],"player_experience":142875,"potions_floor_usage":[6,7,13,13,19,20,21,25,31,33,35,36,38],"damage_taken":[{"damage":0,"enemies":"Cultist","floor":1,"turns":4},{"damage":0,"enemies":"2 Louse","floor":3,"turns":2},{"damage":0,"enemies":"Jaw Worm","floor":4,"turns":4},{"damage":13,"enemies":"Large Slime","floor":5,"turns":13},{"damage":16,"enemies":"Lagavulin","floor":6,"turns":9},{"damage":7,"enemies":"Exordium Thugs","floor":7,"turns":4},{"damage":3,"enemies":"3 Sentries","floor":8,"turns":6},{"damage":0,"enemies":"2 Fungi Beasts","floor":12,"turns":4},{"damage":0,"enemies":"Exordium Wildlife","floor":13,"turns":3},{"damage":0,"enemies":"Gremlin Gang","floor":14,"turns":2},{"damage":51,"enemies":"Hexaghost","floor":16,"turns":9},{"damage":9,"enemies":"Shell Parasite","floor":18,"turns":6},{"damage":0,"enemies":"3 Byrds","floor":19,"turns":3},{"damage":19,"enemies":"Sentry and Sphere","floor":20,"turns":6},{"damage":7,"enemies":"Centurion and Healer","floor":21,"turns":6},{"damage":0,"enemies":"Cultist and Chosen","floor":22,"turns":4},{"damage":21,"enemies":"Snake Plant","floor":24,"turns":4},{"damage":17,"enemies":"Centurion and Healer","floor":25,"turns":5},{"damage":4,"enemies":"Snecko","floor":29,"turns":7},{"damage":18,"enemies":"Gremlin Leader","floor":30,"turns":5},{"damage":20,"enemies":"3 Cultists","floor":31,"turns":5},{"damage":39,"enemies":"Champ","floor":33,"turns":11},{"damage":47,"enemies":"3 Darklings","floor":35,"turns":5},{"damage":0,"enemies":"Orb Walker","floor":36,"turns":4},{"damage":33,"enemies":"Sphere and 2 Shapes","floor":38,"turns":5},{"damage":39,"enemies":"4 Shapes","floor":39,"turns":5}],"event_choices":[{"event_name":"Living Wall","player_choice":"Grow","floor":2,"damage_taken":0},{"event_name":"Shining Light","player_choice":"Entered Light","floor":11,"damage_taken":0}],"boss_relics":[{"not_picked":["Astrolabe","Pandora\u0027s Box"],"picked":"Runic Pyramid"},{"not_picked":["The Specimen","White Beast Statue"],"picked":"Black Star"}],"potions_floor_spawned":[5,6,8,12,16,18,20,24,30,31,33,35,36],"seed_played":"6419525779391338913","killed_by":"4 Shapes","ascension_level":0,"is_trial":false}