{"path_per_floor":["M","?","$","M","?","M","R","M","T","M","M","R","?","E","R","B",null,"M","?","T","M","$","R","M","M","T","R","?","?","$","M","R"],"character_chosen":"THE_SILENT","items_purchased":["Die Die Die","Bronze Scales","Backstab"],"gold_per_floor":[115,115,35,53,53,76,76,91,91,110,126,126,76,117,117,247,247,263,263,263,286,62,62,82,97,97,97,12,12,12,26,26],"floor_reached":33,"campfire_rested":5,"playtime":2722,"current_hp_per_floor":[65,65,65,65,65,59,59,57,57,55,47,68,68,51,70,47,70,50,50,50,40,40,61,36,27,27,48,48,48,48,44,65],"items_purged":[],"gold":26,"score":247,"play_id":"7e4ed444-6de6-45c7-add3-ae62b46c355f","local_time":"20180303035220","is_prod":false,"is_daily":false,"is_ascension_mode":false,"campfire_upgraded":1,"timestamp":1520061740,"path_taken":["M","?","$","M","?","M","R","M","T","M","M","R","?","E","R","BOSS","M","?","?","M","$","R","?","M","T","R","?","?","?","M","R","BOSS"],"build_version":"2018-03-01-PROD1","purchased_purges":0,"victory":false,"master_deck":["Defend_G","Defend_G","Defend_G","Defend_G","Strike_G","Strike_G","Strike_G","Survivor","Neutralize+1","Die Die Die+1","Acrobatics","Endless Agony+1","Endless Agony+1","Choke+1","Backstab+1","Bullet Time","Wraith Form+1","Blade Dance+1","Eviscerate+1","Backstab+1","Underhanded Strike+1","Underhanded Strike+1"],"max_hp_per_floor":[70,70,70,70,70,70,70,70,70,70,70,70,70,70,70,70,70,70,70,70,70,70,70,70,70,70,70,70,70,70,70,70],"relics":["Lizard Tail","Molten Egg 2","Golden Idol","Shovel","Meat on the Bone","Astrolabe","Vajra","Bronze Scales","Bottled Tornado","Calipers"],"card_choices":[{"not_picked":["Terror","Phantasmal Killer"],"picked":"Underhanded Strike"},{"not_picked":["Poisoned Stab","Prepared"],"picked":"Acrobatics"},{"not_picked":["Deflect","Catalyst"],"picked":"Endless Agony"},{"not_picked":["Flying Knee","Choke"],"picked":"Endless Agony"},{"not_picked":["Well Laid Plans","Catalyst"],"picked":"Choke"},{"not_picked":["Bane","Caltrops"],"picked":"Backstab"},{"not_picked":["Wraith Form","Die Die Die"],"picked":"Bullet Time"},{"not_picked":["Flying Knee","PiercingWail"],"picked":"Underhanded Strike"},{"not_picked":["Backflip","Prepared"],"picked":"Underhanded Strike"}],"player_experience":79106,"potions_floor_usage":[8,11,14,18,24,31],"damage_taken":[{"damage":5,"enemies":"Small Slimes","floor":1,"turns":6},{"damage":0,"enemies":"Cultist","floor":4,"turns":3},{"damage":6,"enemies":"Jaw Worm","floor":6,"turns":2},{"damage":2,"enemies":"Looter","floor":8,"turns":3},{"damage":2,"enemies":"3 Louse","floor":10,"turns":3},{"damage":8,"enemies":"Exordium Wildlife","floor":11,"turns":4},{"damage":17,"enemies":"3 Sentries","floor":14,"turns":5},{"damage":71,"enemies":"The Guardian","floor":16,"turns":19},{"damage":20,"enemies":"3 Byrds","floor":18,"turns":4},{"damage":10,"enemies":"2 Thieves","floor":21,"turns":3},{"damage":37,"enemies":"Cultist and Chosen","floor":24,"turns":4},{"damage":21,"enemies":"Snake Plant","floor":25,"turns":2},{"damage":4,"enemies":"Centurion and Healer","floor":31,"turns":3},{"damage":66,"enemies":"Collector","floor":33,"turns":5}],"event_choices":[{"event_name":"Wheel of Change","player_choice":"Relic","floor":2,"damage_taken":0},{"event_name":"Golden Idol","player_choice":"Take Wound","floor":5,"damage_taken":0},{"event_name":"The Cleric","player_choice":"Card Removal","floor":13,"damage_taken":0},{"event_name":"Vampires","player_choice":"Ignored","floor":19,"damage_taken":0},{"event_name":"Addict","player_choice":"Obtained Relic","floor":28,"damage_taken":0},{"event_name":"Purifier","player_choice":"One Purge","floor":29,"damage_taken":0}],"boss_relics":[{"not_picked":["White Beast Statue","Ectoplasm"],"picked":"Astrolabe"}],"potions_floor_spawned":[1,10,11,16,21,25],"seed_played":"9218127220428687194","killed_by":"Collector","ascension_level":0,"is_trial":false}