{"path_per_floor":["M","$","M","?","M","R","M","M","T","R","$","M","M","?","R","B",null,"M","$","M","?"],"character_chosen":"THE_SILENT","items_purchased":["Noxious Fumes","Deadly Poison","Backflip","Art of War"],"gold_per_floor":[114,10,27,27,40,40,56,75,75,75,28,53,68,68,68,196,196,209,63,88,88,88],"floor_reached":22,"campfire_rested":2,"playtime":1269,"current_hp_per_floor":[69,69,69,52,52,70,69,52,52,70,70,70,70,70,70,25,70,63,63,37,37,0],"items_purged":[],"gold":88,"score":187,"play_id":"aa2727d9-c151-4dcb-a81b-dba3bb5215d0","local_time":"20180409035623","is_prod":false,"is_daily":false,"is_ascension_mode":true,"campfire_upgraded":1,"timestamp":1523255183,"path_taken":["M","$","M","?","M","R","M","M","T","R","$","M","?","?","R","BOSS","M","$","?","?","M"],"build_version":"2018-04-05v2","purchased_purges":0,"victory":false,"master_deck":["Defend_G","Defend_G","Defend_G","Defend_G","Defend_G","Strike_G","Strike_G","Strike_G","Strike_G","Strike_G","Survivor","Neutralize","Noxious Fumes","Deadly Poison","Skewer","Deflect","Deadly Poison","Dodge and Roll+1","Backflip+1","Sucker Punch","Bullet Time","Dagger Spray","Blur"],"max_hp_per_floor":[70,70,70,70,70,70,70,70,70,70,70,70,70,70,70,70,70,70,70,70,70,70],"relics":["Runic Pyramid","Golden Idol","Ginger","Cursed Key","Art of War"],"card_choices":[{"not_picked":["Well Laid Plans","Slice"],"picked":"Skewer","floor":3},{"not_picked":["Finisher","Prepared"],"picked":"Deflect","floor":5},{"not_picked":["Underhanded Strike","Night Terror"],"picked":"Deadly Poison","floor":7},{"not_picked":["Bane","Deflect"],"picked":"Dodge and Roll","floor":8},{"not_picked":["Acrobatics","Dodge and Roll"],"picked":"Escape Plan","floor":12},{"not_picked":["Outmaneuver","Riddle With Holes"],"picked":"Sucker Punch","floor":13},{"not_picked":["Wraith Form","Grand Finale"],"picked":"Bullet Time","floor":16},{"not_picked":["Skewer","Quick Slash"],"picked":"Dagger Spray","floor":18},{"not_picked":["Poisoned Stab","Catalyst"],"picked":"Blur","floor":20}],"player_experience":322715,"potions_floor_usage":[5,7,8,18,22],"damage_taken":[{"damage":1,"enemies":"Jaw Worm","floor":1,"turns":5},{"damage":0,"enemies":"Small Slimes","floor":3,"turns":3},{"damage":0,"enemies":"Cultist","floor":5,"turns":3},{"damage":1,"enemies":"2 Fungi Beasts","floor":7,"turns":4},{"damage":17,"enemies":"Gremlin Gang","floor":8,"turns":7},{"damage":0,"enemies":"Large Slime","floor":12,"turns":6},{"damage":0,"enemies":"Looter","floor":13,"turns":5},{"damage":45,"enemies":"Slime Boss","floor":16,"turns":13},{"damage":7,"enemies":"Spheric Guardian","floor":18,"turns":6},{"damage":26,"enemies":"Shell Parasite","floor":20,"turns":7},{"damage":42,"enemies":"3 Cultists","floor":22,"turns":6}],"event_choices":[{"event_name":"Golden Idol","player_choice":"Take Damage","floor":4,"damage_taken":0},{"event_name":"Bonfire Elementals","player_choice":"UNCOMMON","floor":14,"damage_taken":0},{"event_name":"Accursed Blacksmith","player_choice":"Forge","floor":21,"damage_taken":0}],"boss_relics":[{"not_picked":["Sozu","Tiny House"],"picked":"Cursed Key"}],"potions_floor_spawned":[3,5,7,16,20],"seed_played":"7480883497581552929","killed_by":"3 Cultists","ascension_level":1,"is_trial":false}