{"gold_per_floor":[217,229,243,243,393,393,32,93,119,137,137,162,162,192,192,264,264,277,277,14,33,44,44,72,72,72,72,104,104,104,119,119,119],"floor_reached":33,"playtime":1365,"items_purged":["Doubt","Strike_B"],"score":582,"play_id":"67720f81-d876-4732-ab07-04d2ed56fcfe","local_time":"20190210185954","is_ascension_mode":true,"campfire_choices":[{"data":"Zap","floor":6.0,"key":"SMITH"},{"data":"Loop","floor":11.0,"key":"SMITH"},{"floor":13.0,"key":"REST"},{"floor":15.0,"key":"REST"},{"data":"Hologram","floor":23.0,"key":"SMITH"},{"data":"Electrodynamics","floor":25.0,"key":"SMITH"},{"floor":27.0,"key":"REST"},{"floor":32,"key":"REST"}],"neow_cost":"NONE","seed_source_timestamp":24332377390649,"circlet_count":0,"master_deck":["AscendersBane","Strike_B","Strike_B","Strike_B","Defend_B","Defend_B+1","Defend_B","Defend_B","Zap+1","Dualcast","BootSequence","Cold Snap+1","Hologram+1","Ball Lightning","Loop+1","Melter","Electrodynamics+1","Hologram+1","Amplify+1","Compile Driver","Hologram+1","Skim+1","Coolheaded+1"],"special_seed":0,"relics":["Cracked Core","Medical Kit","Matryoshka","Boot","Anchor","Toxic Egg 2","Snecko Eye","Nloth\u0027s Gift","DataDisk","Lantern","PreservedInsect","Bottled Lightning","Vajra"],"potions_floor_usage":[29,33],"damage_taken":[{"damage":3.0,"enemies":"2 Louse","floor":1.0,"turns":2.0},{"damage":2.0,"enemies":"Small Slimes","floor":2.0,"turns":3.0},{"damage":0.0,"enemies":"Cultist","floor":3.0,"turns":4.0},{"damage":25.0,"enemies":"3 Sentries","floor":8.0,"turns":8.0},{"damage":9.0,"enemies":"Large Slime","floor":10.0,"turns":4.0},{"damage":13.0,"enemies":"Gremlin Nob","floor":12.0,"turns":4.0},{"damage":20.0,"enemies":"Lagavulin","floor":14.0,"turns":6.0},{"damage":17.0,"enemies":"The Guardian","floor":16.0,"turns":10.0},{"damage":0.0,"enemies":"3 Byrds","floor":18.0,"turns":2.0},{"damage":0.0,"enemies":"Spheric Guardian","floor":21.0,"turns":2.0},{"damage":18.0,"enemies":"Shelled Parasite and Fungi","floor":22.0,"turns":4.0},{"damage":11.0,"enemies":"Book of Stabbing","floor":24.0,"turns":6.0},{"damage":32,"enemies":"Slavers","floor":28,"turns":5},{"damage":10,"enemies":"Colosseum Slavers","floor":29,"turns":3},{"damage":0,"enemies":"3 Cultists","floor":31,"turns":2},{"damage":47,"enemies":"Champ","floor":33,"turns":10}],"seed_played":"846554911396329809","potions_obtained":[{"floor":2.0,"key":"Regen Potion"},{"floor":8.0,"key":"EssenceOfSteel"},{"floor":10.0,"key":"Ancient Potion"},{"floor":16.0,"key":"SpeedPotion"},{"floor":21.0,"key":"SpeedPotion"},{"floor":28,"key":"SkillPotion"},{"floor":31,"key":"Fire Potion"}],"is_trial":false,"path_per_floor":["M","M","M","?","?","R","$","?","T","M","R","E","R","E","R","B",null,"M","?","$","M","M","R","E","R","T","R","E","?","?","M","R","B"],"character_chosen":"DEFECT","items_purchased":["Medical Kit","Ball Lightning","DataDisk"],"campfire_rested":4,"item_purchase_floors":[7,7,20],"current_hp_per_floor":[61,59,59,38,38,38,38,28,28,19,19,6,27,7,28,11,56,56,56,56,56,38,38,27,27,27,48,16,6,6,6,27,0],"gold":119,"neow_bonus":"HUNDRED_GOLD","is_prod":false,"is_daily":false,"chose_seed":false,"campfire_upgraded":4,"win_rate":0,"timestamp":1549821594,"path_taken":["M","M","M","?","?","R","$","?","T","M","R","E","R","E","R","BOSS","M","?","$","?","M","R","E","R","T","R","E","?","?","M","R","BOSS"],"build_version":"2019-02-06","purchased_purges":2,"victory":false,"max_hp_per_floor":[71,71,71,71,71,71,71,71,71,71,71,71,71,71,71,71,71,71,71,71,71,71,71,71,71,71,71,71,71,71,71,71,71],"card_choices":[{"not_picked":["Streamline","Steam"],"picked":"BootSequence","floor":1.0},{"not_picked":["Melter","Chill"],"picked":"Cold Snap","floor":2.0},{"not_picked":["Fusion","Turbo"],"picked":"Hologram","floor":3.0},{"not_picked":["Heatsinks","Multi-Cast"],"picked":"Loop","floor":8.0},{"not_picked":["Turbo","Skim"],"picked":"Melter","floor":10.0},{"not_picked":["Self Repair","Gash"],"picked":"Electrodynamics","floor":12.0},{"not_picked":["Static Discharge","Storm"],"picked":"Hologram+1","floor":14.0},{"not_picked":["Electrodynamics","All For One"],"picked":"Amplify+1","floor":16.0},{"not_picked":["Stack+1","Cold Snap"],"picked":"Compile Driver","floor":18.0},{"not_picked":["Stack+1","Compile Driver"],"picked":"Hologram+1","floor":21.0},{"not_picked":["Gash+1","Go for the Eyes","Turbo+1"],"picked":"SKIP","floor":22.0},{"not_picked":["Beam Cell","Core Surge"],"picked":"Skim+1","floor":24.0},{"not_picked":["Biased Cognition","Ball Lightning"],"picked":"Coolheaded+1","floor":28},{"not_picked":["Doom and Gloom","Redo+1","Rebound"],"picked":"SKIP","floor":31}],"player_experience":968594,"relics_obtained":[{"floor":8.0,"key":"Matryoshka"},{"floor":9.0,"key":"Boot"},{"floor":9.0,"key":"Anchor"},{"floor":12.0,"key":"Toxic Egg 2"},{"floor":14.0,"key":"Emotion Chip"},{"floor":24.0,"key":"Lantern"},{"floor":26.0,"key":"PreservedInsect"},{"floor":26.0,"key":"Bottled Lightning"},{"floor":28,"key":"Vajra"}],"event_choices":[{"damage_healed":0.0,"max_hp_gain":0.0,"max_hp_loss":0.0,"gold_gain":0.0,"event_name":"Shining Light","player_choice":"Entered Light","floor":4.0,"gold_loss":0.0,"damage_taken":21.0,"cards_upgraded":["Cold Snap","Defend_B"]},{"damage_healed":0.0,"max_hp_gain":0.0,"max_hp_loss":0.0,"gold_gain":150.0,"event_name":"Liars Game","player_choice":"AGREE","floor":5.0,"gold_loss":0.0,"damage_taken":0.0,"cards_obtained":["Doubt"]},{"damage_healed":0.0,"max_hp_gain":0.0,"max_hp_loss":0.0,"gold_gain":0.0,"event_name":"Dead Adventurer","player_choice":"Searched \u00271\u0027 times","floor":8.0,"gold_loss":0.0,"damage_taken":0.0},{"damage_healed":0.0,"max_hp_gain":0.0,"max_hp_loss":0.0,"gold_gain":0.0,"event_name":"N\u0027loth","player_choice":"Traded Relic","floor":19.0,"relics_lost":["Emotion Chip"],"gold_loss":0.0,"damage_taken":0.0,"relics_obtained":["Nloth\u0027s Gift"]},{"damage_healed":0,"gold_gain":0,"player_choice":"Fight","damage_taken":0,"max_hp_gain":0,"max_hp_loss":0,"event_name":"Colosseum","floor":29,"gold_loss":0},{"damage_healed":0,"gold_gain":0,"player_choice":"Fled From Nobs","damage_taken":0,"max_hp_gain":0,"max_hp_loss":0,"event_name":"Colosseum","floor":29,"gold_loss":0},{"damage_healed":0,"gold_gain":0,"player_choice":"Ignored","damage_taken":0,"max_hp_gain":0,"max_hp_loss":0,"event_name":"Cursed Tome","floor":30,"gold_loss":0}],"is_beta":true,"boss_relics":[{"not_picked":["Tiny House","Pandora\u0027s Box"],"picked":"Snecko Eye"}],"items_purged_floors":[7,20],"is_endless":false,"potions_floor_spawned":[2,8,10,16,21,28,29,31],"killed_by":"Champ","ascension_level":20}