{"path_per_floor":["M","M","?","?","T","R","E","?","T","M","M","M","$","M","R","B",null,"M","$","?","?","M","R","?","M","T","M","M","$","M","M","R"],"character_chosen":"IRONCLAD","items_purchased":["Reaper","Entrench","Dream Catcher","Bandage Up","Transmutation"],"gold_per_floor":[110,124,124,124,124,124,453,628,628,641,653,669,353,373,373,468,468,486,231,201,201,213,213,213,225,225,245,259,63,76,87,87],"floor_reached":33,"campfire_rested":3,"playtime":1812,"current_hp_per_floor":[80,80,62,46,46,70,60,60,60,65,60,63,63,64,80,24,80,80,80,80,64,74,74,74,64,64,67,55,55,23,9,33],"items_purged":["Doubt"],"gold":87,"score":251,"play_id":"4fe10499-8407-4369-b9bf-a70277a28543","local_time":"20180311044809","is_prod":false,"is_daily":false,"is_ascension_mode":false,"campfire_upgraded":1,"timestamp":1520752689,"path_taken":["M","M","?","?","?","R","E","?","T","?","M","?","$","M","R","BOSS","M","$","?","?","M","R","?","?","T","M","M","$","M","M","R","BOSS"],"build_version":"2018-03-09","purchased_purges":1,"victory":false,"master_deck":["Strike_R","Strike_R","Strike_R+1","Strike_R","Strike_R","Defend_R","Defend_R","Defend_R","Defend_R","Bash","Limit Break+1","Heavy Blade","Cleave+1","Whirlwind","Body Slam","Rage","Reaper","Entrench","Flex","Exhume","Anger","Bandage Up","Necronomicurse","Bloodletting+1","Transmutation","Warcry+1"],"max_hp_per_floor":[80,80,80,80,80,80,80,80,80,80,80,80,80,80,80,80,80,80,80,80,80,80,80,80,80,80,80,80,80,80,80,80],"relics":["Burning Blood","Shuriken","Mummified Hand","Old Coin","Ice Cream","Runic Pyramid","Dream Catcher","Necronomicon","Red Skull"],"card_choices":[{"not_picked":["Twin Strike","Clash"],"picked":"Heavy Blade"},{"not_picked":["Shrug It Off","Warcry"],"picked":"Cleave"},{"not_picked":["Offering","Corruption"],"picked":"Whirlwind"},{"not_picked":["Fire Breathing","Sword Boomerang"],"picked":"Body Slam"},{"not_picked":["Sentinel","Battle Trance"],"picked":"Rage"},{"not_picked":["Perfected Strike","Corruption"],"picked":"Flex"},{"not_picked":["Juggernaut","Fiend Fire"],"picked":"Exhume"},{"not_picked":["Dropkick","True Grit"],"picked":"Anger"},{"not_picked":["Rupture","Heavy Blade"],"picked":"Bloodletting"},{"not_picked":["Armaments","True Grit"],"picked":"Warcry"}],"player_experience":158640,"potions_floor_usage":[12,25,25,25,27,30],"damage_taken":[{"damage":6,"enemies":"Small Slimes","floor":1,"turns":3},{"damage":5,"enemies":"2 Louse","floor":2,"turns":2},{"damage":16,"enemies":"Gremlin Nob","floor":7,"turns":4},{"damage":1,"enemies":"Cultist","floor":10,"turns":3},{"damage":11,"enemies":"Blue Slaver","floor":11,"turns":4},{"damage":3,"enemies":"Large Slime","floor":12,"turns":7},{"damage":5,"enemies":"3 Louse","floor":14,"turns":3},{"damage":62,"enemies":"The Guardian","floor":16,"turns":13},{"damage":1,"enemies":"3 Byrds","floor":18,"turns":4},{"damage":0,"enemies":"Chosen","floor":22,"turns":3},{"damage":30,"enemies":"Snake Plant","floor":25,"turns":4},{"damage":11,"enemies":"Snecko","floor":27,"turns":4},{"damage":22,"enemies":"Sentry and Sphere","floor":28,"turns":4},{"damage":42,"enemies":"Snake Plant","floor":30,"turns":5},{"damage":20,"enemies":"Centurion and Healer","floor":31,"turns":3},{"damage":70,"enemies":"Champ","floor":33,"turns":9}],"event_choices":[{"event_name":"Scrap Ooze","player_choice":"success","floor":3,"damage_taken":18},{"event_name":"Shining Light","player_choice":"Entered Light","floor":4,"damage_taken":0},{"event_name":"Liars Game","player_choice":"agreed","floor":8,"damage_taken":0},{"event_name":"The Woman in Blue","player_choice":"Bought 2 Potions","floor":20,"damage_taken":0},{"event_name":"Cursed Tome","player_choice":"Obtained Book","floor":21,"damage_taken":0},{"event_name":"Drug Dealer","player_choice":"Ignored","floor":24,"damage_taken":0}],"boss_relics":[{"not_picked":["Sozu","Tiny House"],"picked":"Runic Pyramid"}],"potions_floor_spawned":[11,16,22,25,28],"seed_played":"6625621587349047257","killed_by":"Champ","ascension_level":0,"is_trial":false}