{"path_per_floor":["M","?","M","?","M","E","M","R","T","M","?","R","M"],"character_chosen":"IRONCLAD","items_purchased":[],"gold_per_floor":[118,118,132,132,147,172,183,183,183,197,218,218,232,232],"floor_reached":14,"campfire_rested":1,"playtime":452,"current_hp_per_floor":[79,67,68,68,68,52,30,30,30,36,18,42,26,0],"items_purged":[],"gold":232,"score":92,"play_id":"46886846-2cea-4458-af94-5b0b7f29dc56","local_time":"20180425173521","is_prod":false,"is_daily":false,"chose_seed":false,"is_ascension_mode":false,"campfire_upgraded":1,"timestamp":1524692121,"path_taken":["M","?","M","?","?","E","M","R","T","M","?","R","M","?"],"build_version":"2018-04-19","seed_source_timestamp":16183262453197,"purchased_purges":0,"victory":false,"master_deck":["Strike_R","Strike_R","Strike_R","Strike_R","Strike_R","Defend_R","Defend_R","Defend_R","Bash","Shrug It Off","Fire Breathing+1","Flame Barrier","Pommel Strike","Flex","Flex"],"max_hp_per_floor":[80,80,80,80,80,80,80,80,80,80,80,80,80,80],"relics":["Burning Blood","Bag of Marbles","Mummified Hand","Juzu Bracelet","Odd Mushroom","Oddly Smooth Stone"],"card_choices":[{"not_picked":["Disarm","Whirlwind"],"picked":"Shrug It Off","floor":1},{"not_picked":["Perfected Strike","Flex"],"picked":"Fire Breathing","floor":6},{"not_picked":["Reckless Charge","Burning Pact"],"picked":"Flame Barrier","floor":7},{"not_picked":["Entrench","Sword Boomerang"],"picked":"Pommel Strike","floor":10},{"not_picked":["Shrug It Off","Disarm"],"picked":"Flex","floor":11},{"not_picked":["Power Through","Headbutt"],"picked":"Flex","floor":13}],"player_experience":77445,"potions_floor_usage":[6,14],"damage_taken":[{"damage":7,"enemies":"Small Slimes","floor":1,"turns":4},{"damage":5,"enemies":"Cultist","floor":3,"turns":4},{"damage":6,"enemies":"Jaw Worm","floor":5,"turns":3},{"damage":22,"enemies":"Gremlin Nob","floor":6,"turns":4},{"damage":28,"enemies":"Lots of Slimes","floor":7,"turns":4},{"damage":0,"enemies":"2 Fungi Beasts","floor":10,"turns":3},{"damage":24,"enemies":"The Mushroom Lair","floor":11,"turns":5},{"damage":22,"enemies":"Gremlin Gang","floor":13,"turns":6},{"damage":26,"enemies":"Lagavulin Event","floor":14,"turns":3}],"event_choices":[{"event_name":"Scrap Ooze","player_choice":"success","floor":2,"damage_taken":12},{"event_name":"Purifier","player_choice":"One Purge","floor":4,"damage_taken":0},{"event_name":"Mushrooms","player_choice":"Fought Mushrooms","floor":11,"damage_taken":0},{"event_name":"Dead Adventurer","player_choice":"Searched \u00273\u0027 times","floor":14,"damage_taken":0}],"boss_relics":[],"potions_floor_spawned":[1,3,10],"seed_played":"4999198635461815129","killed_by":"Lagavulin Event","ascension_level":0,"is_trial":false}