{"gold_per_floor":[109,34,54,72,84,84,118,118,118,118,136,136,3,20,20,94,94,114,125,138,138,138,138,149,149,149,149,149],"floor_reached":28,"playtime":881,"items_purged":["Strike_B"],"score":440,"play_id":"f85e85cb-77b0-4ec2-82f3-f2cba00ac21e","local_time":"20181122005654","is_ascension_mode":true,"campfire_choices":[{"data":"Electrodynamics","floor":6.0,"key":"SMITH"},{"floor":8.0,"key":"REST"},{"data":"Beam Cell","floor":12.0,"key":"SMITH"},{"data":"Go for the Eyes","floor":15.0,"key":"SMITH"},{"floor":23,"key":"REST"},{"data":"Auto Shields","floor":25,"key":"SMITH"},{"floor":27,"key":"REST"}],"neow_cost":"PERCENT_DAMAGE","seed_source_timestamp":17046599407329,"circlet_count":0,"master_deck":["AscendersBane","Strike_B","Defend_B","Defend_B","Defend_B","Defend_B","Zap","Dualcast","Gash","Beam Cell+1","Electrodynamics+1","Go for the Eyes+1","Gash","Conserve Battery","Cold Snap","Tempest+1","Machine Learning","Streamline+1","Gash","Auto Shields+1","Cold Snap"],"special_seed":0,"relics":["Cracked Core","Cables","Velvet Choker","Mummified Hand"],"potions_floor_usage":[16,16,28],"damage_taken":[{"damage":4.0,"enemies":"Small Slimes","floor":1.0,"turns":3.0},{"damage":4.0,"enemies":"Jaw Worm","floor":3.0,"turns":4.0},{"damage":1.0,"enemies":"Cultist","floor":4.0,"turns":3.0},{"damage":1.0,"enemies":"2 Fungi Beasts","floor":5.0,"turns":2.0},{"damage":32.0,"enemies":"Lagavulin","floor":7.0,"turns":7.0},{"damage":3.0,"enemies":"Blue Slaver","floor":11.0,"turns":2.0},{"damage":0.0,"enemies":"Exordium Thugs","floor":14.0,"turns":2.0},{"damage":8,"enemies":"Hexaghost","floor":16,"turns":9},{"damage":16,"enemies":"3 Byrds","floor":18,"turns":3},{"damage":4,"enemies":"Spheric Guardian","floor":19,"turns":3},{"damage":24,"enemies":"Snecko","floor":20,"turns":4},{"damage":23,"enemies":"Snake Plant","floor":24,"turns":4},{"damage":58,"enemies":"Book of Stabbing","floor":28,"turns":3}],"seed_played":"5868973576912758008","potions_obtained":[{"floor":4.0,"key":"Energy Potion"},{"floor":11.0,"key":"EssenceOfSteel"},{"floor":14.0,"key":"FearPotion"},{"floor":20,"key":"FearPotion"}],"is_trial":false,"path_per_floor":["M","?","M","M","M","R","E","R","T","?","M","R","$","M","R","B",null,"M","M","M","?","?","R","M","R","T","R","E"],"character_chosen":"DEFECT","items_purchased":["Cold Snap"],"campfire_rested":3,"item_purchase_floors":[13],"current_hp_per_floor":[56,56,52,51,50,50,18,43,43,36,33,33,33,33,33,25,70,54,50,26,26,26,51,28,28,28,53,0],"gold":149,"neow_bonus":"TWENTY_PERCENT_HP_BONUS","is_prod":false,"is_daily":false,"chose_seed":false,"campfire_upgraded":4,"win_rate":0,"timestamp":1542844614,"path_taken":["M","?","M","M","M","R","E","R","T","?","M","R","?","M","R","BOSS","M","?","M","?","?","R","?","R","T","R","E"],"build_version":"2018-11-15","purchased_purges":1,"victory":false,"max_hp_per_floor":[85,85,85,85,85,85,85,85,85,85,85,85,85,85,85,85,85,85,85,85,85,85,85,85,85,85,85,85],"card_choices":[{"not_picked":["Coolheaded","Hologram"],"picked":"Gash","floor":1.0},{"not_picked":["Barrage","Double Energy"],"picked":"Beam Cell","floor":3.0},{"not_picked":["Turbo","Steam Power"],"picked":"Electrodynamics","floor":4.0},{"not_picked":["Chaos","Genetic Algorithm"],"picked":"Go for the Eyes","floor":5.0},{"not_picked":["BootSequence","Coolheaded"],"picked":"Gash","floor":7.0},{"not_picked":["Go for the Eyes","Beam Cell"],"picked":"Conserve Battery","floor":11.0},{"not_picked":["Turbo","Redo"],"picked":"Tempest","floor":14.0},{"not_picked":["Creative AI","Hyperbeam"],"picked":"Machine Learning","floor":16},{"not_picked":["Beam Cell","Steam Power"],"picked":"Streamline+1","floor":18},{"not_picked":["Leap","Stack"],"picked":"Gash","floor":19},{"not_picked":["Gash","Biased Cognition"],"picked":"Auto Shields","floor":20},{"not_picked":["Go for the Eyes","FTL"],"picked":"Cold Snap","floor":24}],"player_experience":813250,"relics_obtained":[{"floor":7.0,"key":"Cables"},{"floor":26,"key":"Mummified Hand"}],"event_choices":[{"cards_removed":["Strike_B"],"damage_healed":0.0,"max_hp_gain":0.0,"max_hp_loss":0.0,"gold_gain":0.0,"event_name":"The Cleric","player_choice":"Card Removal","floor":2.0,"gold_loss":75.0,"damage_taken":0.0},{"cards_removed":["Strike_B"],"damage_healed":0.0,"max_hp_gain":0.0,"max_hp_loss":0.0,"gold_gain":0.0,"event_name":"Golden Wing","player_choice":"Card Removal","floor":10.0,"gold_loss":0.0,"damage_taken":7.0},{"damage_healed":0,"gold_gain":0,"player_choice":"Ignored","damage_taken":0,"max_hp_gain":0,"max_hp_loss":0,"event_name":"Vampires","floor":21,"gold_loss":0},{"damage_healed":0,"gold_gain":0,"player_choice":"Upgraded","damage_taken":0,"max_hp_gain":0,"max_hp_loss":0,"event_name":"Upgrade Shrine","floor":22,"gold_loss":0,"cards_upgraded":["Tempest"]}],"is_beta":true,"boss_relics":[{"not_picked":["Runic Dome","FrozenCore"],"picked":"Velvet Choker"}],"items_purged_floors":[13],"is_endless":false,"potions_floor_spawned":[4,11,14,20],"killed_by":"Book of Stabbing","ascension_level":20}