{"gold_per_floor":[115,126,137,149,29,62,62,89,89,54,70,70,41,52,52,152,152,162,77,77,26,26,26,52,52,52,52,68,83,113,130,130,130],"floor_reached":33,"playtime":4654,"items_purged":[],"score":448,"play_id":"c91ffce9-837b-4118-8048-d79f1d80d5f4","local_time":"20190222232544","is_ascension_mode":true,"campfire_choices":[{"data":"Zap","floor":7,"key":"SMITH"},{"data":"Impatience","floor":12,"key":"SMITH"},{"floor":15,"key":"REST"},{"data":"Seek","floor":23,"key":"SMITH"},{"data":"Steam Power","floor":25,"key":"SMITH"},{"floor":27,"key":"RECALL"},{"data":"Dualcast","floor":32,"key":"SMITH"}],"neow_cost":"NONE","seed_source_timestamp":9507357929000,"circlet_count":0,"master_deck":["Strike_B","Strike_B","Strike_B","Strike_B","Defend_B","Defend_B","Defend_B","Defend_B","Zap+1","Dualcast+1","Auto Shields","Go for the Eyes","Conserve Battery","Gash","Scrape","Impatience+1","Gash","All For One","Self Repair+1","Seek+1","Steam Power+1","Steam","Deep Breath","Beam Cell","Turbo+1","Steam"],"relics":["Cursed Key","Boot","Frozen Egg 2","Nuclear Battery","DataDisk","Bag of Preparation","Strawberry"],"potions_floor_usage":[6,6,16,33,33,33],"damage_taken":[{"damage":6,"enemies":"2 Louse","floor":1,"turns":3},{"damage":1,"enemies":"Small Slimes","floor":2,"turns":4},{"damage":0,"enemies":"Cultist","floor":3,"turns":4},{"damage":6,"enemies":"Looter","floor":4,"turns":3},{"damage":2,"enemies":"Lagavulin","floor":6,"turns":5},{"damage":22,"enemies":"3 Sentries","floor":8,"turns":8},{"damage":8,"enemies":"Blue Slaver","floor":11,"turns":3},{"damage":4,"enemies":"3 Louse","floor":14,"turns":3},{"damage":7,"enemies":"Hexaghost","floor":16,"turns":8},{"damage":11,"enemies":"Spheric Guardian","floor":18,"turns":4},{"damage":11,"enemies":"Slavers","floor":24,"turns":4},{"damage":1,"enemies":"2 Thieves","floor":28,"turns":3},{"damage":0,"enemies":"Centurion and Healer","floor":29,"turns":2},{"damage":5,"enemies":"Book of Stabbing","floor":30,"turns":3},{"damage":0,"enemies":"Snake Plant","floor":31,"turns":2},{"damage":82,"enemies":"Champ","floor":33,"turns":9}],"seed_played":"8915252683804244115","potions_obtained":[{"floor":1,"key":"Dexterity Potion"},{"floor":4,"key":"PowerPotion"},{"floor":14,"key":"Swift Potion"},{"floor":16,"key":"Block Potion"},{"floor":28,"key":"PowerPotion"},{"floor":29,"key":"Dexterity Potion"}],"is_trial":false,"path_per_floor":["M","M","M","M","$","E","R","E","T","?","M","R","?","M","R","B",null,"M","?","?","$","?","R","E","R","T","R","M","M","E","M","R","B"],"character_chosen":"DEFECT","items_purchased":["Scrape","Impatience","Steam"],"campfire_rested":1,"item_purchase_floors":[5,5,21],"current_hp_per_floor":[62,61,61,55,55,53,53,31,31,49,41,41,41,37,59,62,72,61,61,61,61,61,61,60,60,60,60,69,69,81,82,82,0],"gold":130,"neow_bonus":"BOSS_RELIC","is_prod":false,"is_daily":false,"chose_seed":false,"campfire_upgraded":5,"win_rate":0,"timestamp":1550895944,"path_taken":["M","M","M","M","$","E","R","E","T","?","M","R","?","M","R","BOSS","M","?","?","$","?","R","E","R","T","R","M","M","E","M","R","BOSS"],"build_version":"2019-01-23","purchased_purges":0,"victory":false,"max_hp_per_floor":[75,75,75,75,75,75,75,75,75,75,75,75,75,75,75,75,75,75,75,75,75,75,75,75,75,75,75,75,75,82,82,82,82],"card_choices":[{"not_picked":["Undo","Rebound"],"picked":"Auto Shields","floor":1},{"not_picked":["Chaos","Undo"],"picked":"Go for the Eyes","floor":2},{"not_picked":["Go for the Eyes","Darkness"],"picked":"Conserve Battery","floor":3},{"not_picked":["Ball Lightning","Go for the Eyes"],"picked":"Gash","floor":4},{"not_picked":["Self Repair","Conserve Battery"],"picked":"Gash","floor":6},{"not_picked":["Skim","Redo"],"picked":"All For One","floor":8},{"not_picked":["Cold Snap","Streamline","Compile Driver"],"picked":"SKIP","floor":11},{"not_picked":["Fission","Aggregate"],"picked":"Self Repair+1","floor":14},{"not_picked":["Echo Form+1","Meteor Strike"],"picked":"Seek","floor":16},{"not_picked":["Barrage+1","Streamline"],"picked":"Steam Power","floor":18},{"not_picked":["Amplify","Barrage","White Noise"],"picked":"SKIP","floor":24},{"not_picked":["FTL","Stack"],"picked":"Beam Cell","floor":28},{"not_picked":["Go for the Eyes","Loop+1","Blizzard"],"picked":"SKIP","floor":29},{"not_picked":["BootSequence","Gash+1"],"picked":"Turbo+1","floor":30},{"not_picked":["Auto Shields","Ball Lightning+1"],"picked":"Steam","floor":31}],"player_experience":580236,"relics_obtained":[{"floor":6,"key":"Boot"},{"floor":8,"key":"Frozen Egg 2"},{"floor":24,"key":"Bag of Preparation"},{"floor":30,"key":"Strawberry"}],"event_choices":[{"damage_healed":18,"gold_gain":0,"player_choice":"Healed","damage_taken":0,"max_hp_gain":0,"max_hp_loss":0,"event_name":"The Cleric","floor":10,"gold_loss":35},{"damage_healed":0,"gold_gain":0,"player_choice":"Left Gold","damage_taken":0,"max_hp_gain":0,"max_hp_loss":0,"event_name":"World of Goop","floor":13,"gold_loss":29},{"damage_healed":0,"gold_gain":0,"player_choice":"Obtained Relic","damage_taken":0,"relics_obtained":["DataDisk"],"max_hp_gain":0,"max_hp_loss":0,"event_name":"Addict","floor":19,"gold_loss":85},{"damage_healed":0,"gold_gain":0,"player_choice":"Ignored","damage_taken":0,"max_hp_gain":0,"max_hp_loss":0,"event_name":"Beggar","floor":20,"gold_loss":0},{"damage_healed":0,"gold_gain":0,"player_choice":"1 cards matched","damage_taken":0,"max_hp_gain":0,"max_hp_loss":0,"event_name":"Match and Keep!","floor":22,"gold_loss":0,"cards_obtained":["Deep Breath"]},{"damage_healed":0,"gold_gain":0,"player_choice":"1 cards matched","damage_taken":0,"max_hp_gain":0,"max_hp_loss":0,"event_name":"Match and Keep!","floor":22,"gold_loss":0,"cards_obtained":["Deep Breath"]}],"is_beta":false,"boss_relics":[{"not_picked":["Velvet Choker","Pandora\u0027s Box"],"picked":"Nuclear Battery"}],"items_purged_floors":[],"is_endless":false,"potions_floor_spawned":[1,4,14,16,28,29,31],"killed_by":"Champ","ascension_level":8}