{"gold_per_floor":[363,373,383,19,33,66,66,97,97,117,2,2,2,16,16,87,87,87,87,87,87,87,87,87,87,87,87,87,87,87],"floor_reached":30,"playtime":1338,"items_purged":["Strike_G"],"score":488,"play_id":"40292baa-8a75-41db-b5c5-759522d42da2","local_time":"20181107221840","is_ascension_mode":true,"campfire_choices":[{"floor":7,"key":"REST"},{"data":"Glass Knife","floor":12,"key":"SMITH"},{"floor":15,"key":"REST"},{"data":"Crippling Poison","floor":23,"key":"SMITH"},{"floor":28,"key":"REST"}],"neow_cost":"TEN_PERCENT_HP_LOSS","seed_source_timestamp":9760388186177,"circlet_count":0,"master_deck":["AscendersBane","Defend_G","Defend_G","Defend_G","Defend_G","Defend_G","Strike_G","Strike_G","Survivor","Neutralize","Dagger Spray","Crippling Poison+1","Footwork","Glass Knife+1","Sucker Punch","Blur","After Image","Deadly Poison","Blur","Acrobatics","Concentrate","Deadly Poison+1","Slice","Skewer","Outmaneuver+1","Catalyst+1","Backflip"],"special_seed":0,"relics":["Ring of the Snake","TwistedFunnel","Ginger","StoneCalendar","Peace Pipe","NlothsMask","Ectoplasm"],"potions_floor_usage":[16,18,30,30],"damage_taken":[{"damage":6,"enemies":"Cultist","floor":1,"turns":6},{"damage":3,"enemies":"2 Louse","floor":2,"turns":2},{"damage":6,"enemies":"Small Slimes","floor":3,"turns":4},{"damage":0,"enemies":"2 Fungi Beasts","floor":5,"turns":2},{"damage":24,"enemies":"Gremlin Nob","floor":6,"turns":4},{"damage":16,"enemies":"3 Sentries","floor":8,"turns":9},{"damage":10,"enemies":"Exordium Thugs","floor":10,"turns":4},{"damage":2,"enemies":"Blue Slaver","floor":14,"turns":3},{"damage":5,"enemies":"Slime Boss","floor":16,"turns":7},{"damage":8,"enemies":"Spheric Guardian","floor":18,"turns":6},{"damage":0,"enemies":"3 Byrds","floor":19,"turns":5},{"damage":6,"enemies":"3 Cultists","floor":21,"turns":6},{"damage":4,"enemies":"Centurion and Healer","floor":24,"turns":7},{"damage":11,"enemies":"Snake Plant","floor":25,"turns":3},{"damage":13,"enemies":"Sentry and Sphere","floor":27,"turns":5},{"damage":39,"enemies":"Slavers","floor":30,"turns":3}],"seed_played":"-8799626159716629658","potions_obtained":[{"floor":5,"key":"Strength Potion"},{"floor":10,"key":"Block Potion"},{"floor":18,"key":"Dexterity Potion"},{"floor":19,"key":"SpeedPotion"}],"is_trial":false,"path_per_floor":["M","M","M","$","M","E","R","E","T","M","$","R","?","M","R","B",null,"M","M","?","M","?","R","M","M","T","M","R","?","E"],"character_chosen":"THE_SILENT","items_purchased":["Glass Knife","TwistedFunnel","Blur"],"campfire_rested":3,"item_purchase_floors":[4,4,11],"current_hp_per_floor":[53,50,44,44,44,20,38,22,22,12,12,12,12,10,28,23,51,43,43,43,37,37,37,33,22,22,9,27,27,0],"gold":87,"neow_bonus":"TWO_FIFTY_GOLD","is_prod":false,"is_daily":false,"chose_seed":false,"campfire_upgraded":2,"win_rate":0,"timestamp":1541625520,"path_taken":["M","?","M","$","M","E","R","E","T","?","$","R","?","?","R","BOSS","M","M","?","M","?","R","M","M","T","?","R","?","E"],"build_version":"2018-11-06","purchased_purges":1,"victory":false,"max_hp_per_floor":[60,60,60,60,60,60,60,60,60,60,60,60,60,60,60,60,60,60,60,60,60,60,60,60,60,60,60,60,60,60],"card_choices":[{"not_picked":["Outmaneuver","Blade Dance"],"picked":"Dagger Spray","floor":1},{"not_picked":["Deflect","Dagger Spray"],"picked":"Crippling Poison","floor":2},{"not_picked":["Blade Dance","Dagger Spray"],"picked":"Footwork","floor":3},{"not_picked":["Riddle With Holes","Slice"],"picked":"Sucker Punch","floor":5},{"not_picked":["Cloak And Dagger","Dagger Throw"],"picked":"Blur","floor":6},{"not_picked":["Infinite Blades","Cloak And Dagger"],"picked":"After Image","floor":8},{"not_picked":["All Out Attack","Calculated Gamble"],"picked":"Deadly Poison","floor":10},{"not_picked":["Quick Slash","Blade Dance"],"picked":"Acrobatics","floor":14},{"not_picked":["Setup","Accuracy"],"picked":"Concentrate","floor":18},{"not_picked":["Dodge and Roll","Dagger Throw"],"picked":"Deadly Poison+1","floor":19},{"not_picked":["Dodge and Roll","Expertise"],"picked":"Outmaneuver+1","floor":21},{"not_picked":["Skewer","Prepared"],"picked":"Catalyst+1","floor":24},{"not_picked":["Quick Slash+1","Acrobatics","Blade Dance"],"picked":"SKIP","floor":25},{"not_picked":["Crippling Poison","Leg Sweep"],"picked":"Backflip","floor":27}],"player_experience":782903,"relics_obtained":[{"floor":6,"key":"Ginger"},{"floor":8,"key":"StoneCalendar"},{"floor":9,"key":"Peace Pipe"}],"event_choices":[{"damage_healed":0,"gold_gain":0,"player_choice":"Trade","damage_taken":0,"relics_obtained":["NlothsMask"],"max_hp_gain":0,"max_hp_loss":0,"event_name":"FaceTrader","floor":13,"gold_loss":0},{"damage_healed":0,"gold_gain":0,"cards_transformed":["Strike_G","Strike_G"],"player_choice":"Became Test Subject","damage_taken":0,"max_hp_gain":0,"max_hp_loss":0,"event_name":"Drug Dealer","floor":20,"gold_loss":0,"cards_obtained":["Slice","Skewer"]},{"damage_healed":0,"gold_gain":0,"player_choice":"Ignored","damage_taken":0,"max_hp_gain":0,"max_hp_loss":0,"event_name":"Vampires","floor":22,"gold_loss":0},{"damage_healed":0,"gold_gain":0,"player_choice":"Ignored","damage_taken":0,"max_hp_gain":0,"max_hp_loss":0,"event_name":"Cursed Tome","floor":29,"gold_loss":0}],"is_beta":true,"boss_relics":[{"not_picked":["Empty Cage","Lizard Tail"],"picked":"Ectoplasm"}],"items_purged_floors":[11],"is_endless":false,"potions_floor_spawned":[5,10,14,18,19,24],"killed_by":"Slavers","ascension_level":20}