{"path_per_floor":["M","M","?","$","?","R","M","R","T","M","M","M","R","?","R","B",null,"M","$","M","?","?","R","M","M","T","M","?","R","?","M","R"],"character_chosen":"IRONCLAD","items_purchased":["Gambling Chip"],"gold_per_floor":[114,129,129,129,129,129,144,144,169,184,199,214,214,214,214,339,339,358,58,77,2,2,2,21,40,40,59,9,9,9,28,28],"floor_reached":33,"campfire_rested":1,"playtime":1240,"current_hp_per_floor":[78,77,76,75,74,73,72,71,70,69,68,67,66,65,64,55,62,49,49,45,45,45,45,55,53,53,55,54,53,52,40,50],"items_purged":[],"gold":28,"score":364,"play_id":"6c47750d-ed31-453f-833d-af275c229b22","local_time":"20180322025604","daily_mods":["Diverse","Terminal","Hoarder"],"is_prod":false,"is_daily":true,"is_ascension_mode":false,"campfire_upgraded":5,"timestamp":1521696364,"path_taken":["M","M","?","$","?","R","M","R","T","M","M","M","R","?","R","BOSS","M","$","M","?","?","R","M","M","T","M","?","R","?","M","R","BOSS"],"build_version":"2018-03-15v3","purchased_purges":0,"victory":false,"master_deck":["Strike_R","Strike_R","Strike_R","Strike_R","Strike_R","Defend_R","Defend_R","Defend_R","Defend_R","Bash","Noxious Fumes","Noxious Fumes","Noxious Fumes","Dash","Dash","Whirlwind+1","Whirlwind+1","Whirlwind+1","Battle Trance","Battle Trance","Battle Trance","Metallicize","Metallicize","Metallicize+1","Injury","Injury","Injury","Barricade","Barricade+1","Normality","Normality","Normality","Feed","Feed","Feed","Armaments+1","Armaments","Armaments","Burning Pact","Burning Pact","Burning Pact"],"max_hp_per_floor":[78,77,76,75,74,73,72,71,70,69,68,67,66,65,64,63,62,61,60,59,58,57,56,55,54,53,55,54,53,52,51,50],"relics":["Black Blood","Juzu Bracelet","Golden Idol","Gambling Chip","Vajra","Shovel","Regal Pillow"],"card_choices":[{"not_picked":["Shrug It Off","Thunderclap"],"picked":"Whirlwind"},{"not_picked":["Flex","Headbutt"],"picked":"Battle Trance"},{"not_picked":["Cleave","Sword Boomerang"],"picked":"Metallicize"},{"not_picked":["Offering","Double Tap"],"picked":"Barricade"},{"not_picked":["Inflame","Hemokinesis"],"picked":"Feed"},{"not_picked":["Body Slam","Power Through"],"picked":"Armaments"},{"not_picked":["Clothesline","Sword Boomerang"],"picked":"Burning Pact"}],"player_experience":219903,"potions_floor_usage":[16,18,20,25,31,31,33],"damage_taken":[{"damage":0,"enemies":"2 Louse","floor":1,"turns":2},{"damage":1,"enemies":"Jaw Worm","floor":2,"turns":4},{"damage":1,"enemies":"Cultist","floor":7,"turns":3},{"damage":2,"enemies":"Blue Slaver","floor":10,"turns":4},{"damage":0,"enemies":"3 Louse","floor":11,"turns":1},{"damage":5,"enemies":"Looter","floor":12,"turns":3},{"damage":15,"enemies":"Hexaghost","floor":16,"turns":9},{"damage":23,"enemies":"2 Thieves","floor":18,"turns":4},{"damage":29,"enemies":"Spheric Guardian","floor":20,"turns":8},{"damage":0,"enemies":"3 Cultists","floor":24,"turns":2},{"damage":12,"enemies":"Centurion and Healer","floor":25,"turns":10},{"damage":7,"enemies":"Chosen and Byrds","floor":27,"turns":6},{"damage":22,"enemies":"Snake Plant","floor":31,"turns":7},{"damage":57,"enemies":"Automaton","floor":33,"turns":6}],"event_choices":[{"event_name":"Living Wall","player_choice":"Forget","floor":3,"damage_taken":0},{"event_name":"The Cleric","player_choice":"Leave","floor":5,"damage_taken":0},{"event_name":"Golden Idol","player_choice":"Take Wound","floor":14,"damage_taken":0},{"event_name":"Beggar","player_choice":"Gave Gold","floor":21,"damage_taken":0},{"event_name":"Accursed Blacksmith","player_choice":"Rummage","floor":22,"damage_taken":0},{"event_name":"The Joust","player_choice":"Bet on Owner","floor":28,"damage_taken":0},{"event_name":"Drug Dealer","player_choice":"Ignored","floor":30,"damage_taken":0}],"boss_relics":[{"not_picked":["Runic Pyramid","Cursed Key"],"picked":"Black Blood"}],"potions_floor_spawned":[2,7,10,18,20,27,31],"seed_played":"7321977595555922760","killed_by":"Automaton","ascension_level":0,"is_trial":false}