{"gold_per_floor":[118,118,132,132,97,97,121,87,87,19,19,53,53,67,67,190,190,203,203],"floor_reached":19,"playtime":782,"items_purged":[],"score":165,"play_id":"0bdce3bf-3927-486a-9a76-7d2651a628e6","local_time":"20190123023209","is_ascension_mode":false,"campfire_choices":[{"data":"Sweeping Beam","floor":6,"key":"SMITH"},{"data":"Hello World","floor":11,"key":"SMITH"},{"floor":15,"key":"REST"}],"neow_cost":"NONE","seed_source_timestamp":456275486827490,"circlet_count":0,"master_deck":["Strike_B","Strike_B","Strike_B","Strike_B","Defend_B","Defend_B","Defend_B","Defend_B","Zap+1","Dualcast","Sweeping Beam+1","Conserve Battery","Melter","Sunder","Tempest","Hello World+1","Doom and Gloom","Core Surge","Creative AI","Shame","Writhe","Clumsy"],"relics":["Cracked Core","Golden Idol","Bag of Preparation","Dream Catcher","Letter Opener","Calling Bell","Blood Vial","Pear","Torii"],"potions_floor_usage":[12,16],"damage_taken":[{"damage":1,"enemies":"Jaw Worm","floor":1,"turns":4},{"damage":0,"enemies":"Small Slimes","floor":3,"turns":2},{"damage":0,"enemies":"2 Louse","floor":7,"turns":2},{"damage":6,"enemies":"Lagavulin","floor":12,"turns":7},{"damage":0,"enemies":"Large Slime","floor":14,"turns":4},{"damage":33,"enemies":"Hexaghost","floor":16,"turns":9},{"damage":31,"enemies":"2 Thieves","floor":18,"turns":4},{"damage":57,"enemies":"Masked Bandits","floor":19,"turns":3}],"seed_played":"429175778143584567","potions_obtained":[{"floor":7,"key":"Block Potion"},{"floor":14,"key":"LiquidBronze"}],"is_trial":false,"path_per_floor":["?","?","$","T","?"],"character_chosen":"DEFECT","items_purchased":["Sunder","Hello World","Doom and Gloom"],"campfire_rested":1,"item_purchase_floors":[5,8,10],"current_hp_per_floor":[74,74,74,56,56,56,56,56,56,56,56,50,50,50,72,39,85,54,0],"gold":203,"neow_bonus":"THREE_CARDS","is_prod":false,"is_daily":false,"chose_seed":false,"campfire_upgraded":2,"win_rate":0,"timestamp":1548223329,"path_taken":["M","?","M","?","?","R","M","$","T","$","R","E","?","M","R","BOSS","M","?"],"build_version":"2019-01-22","purchased_purges":0,"victory":false,"max_hp_per_floor":[75,75,75,75,75,75,75,75,75,75,75,75,75,75,75,75,85,85,85],"card_choices":[{"not_picked":["Cold Snap","Ball Lightning"],"picked":"Sweeping Beam","floor":0},{"not_picked":["Barrage","Beam Cell"],"picked":"Conserve Battery","floor":1},{"not_picked":["Sweeping Beam","Conserve Battery"],"picked":"Melter","floor":3},{"not_picked":["Rebound","Barrage"],"picked":"Tempest","floor":7},{"not_picked":["Rebound","Amplify"],"picked":"Core Surge","floor":12},{"not_picked":["Beam Cell","Streamline","Rebound"],"picked":"SKIP","floor":14},{"not_picked":["All For One","Machine Learning"],"picked":"Creative AI","floor":16},{"not_picked":["Sweeping Beam","Steam","Cold Snap+1"],"picked":"SKIP","floor":18}],"player_experience":599697,"relics_obtained":[{"floor":9,"key":"Bag of Preparation"},{"floor":12,"key":"Dream Catcher"},{"floor":13,"key":"Letter Opener"},{"floor":17,"key":"Blood Vial"},{"floor":17,"key":"Pear"},{"floor":17,"key":"Torii"}],"event_choices":[{"damage_healed":0,"gold_gain":0,"player_choice":"Grow","damage_taken":0,"max_hp_gain":0,"max_hp_loss":0,"event_name":"Living Wall","floor":2,"gold_loss":0,"cards_upgraded":["Zap"]},{"damage_healed":0,"gold_gain":0,"player_choice":"Take Damage","damage_taken":18,"relics_obtained":["Golden Idol"],"max_hp_gain":0,"max_hp_loss":0,"event_name":"Golden Idol","floor":4,"gold_loss":0},{"damage_healed":0,"gold_gain":0,"player_choice":"Fought Bandits","damage_taken":0,"max_hp_gain":0,"max_hp_loss":0,"event_name":"Masked Bandits","floor":19,"gold_loss":0}],"is_beta":true,"boss_relics":[{"not_picked":["Empty Cage","Lizard Tail"],"picked":"Calling Bell"}],"items_purged_floors":[],"is_endless":false,"potions_floor_spawned":[7,14],"killed_by":"Masked Bandits","ascension_level":0}