{"path_per_floor":["M","?","?","?","$","R","M","?","T","R","M","$","M","M","R","B",null,"M","?","?","T","M","R","?","R","T","$","M","M","R","M","R","B",null,"M","$","M","?","M"],"character_chosen":"IRONCLAD","items_purchased":["Rage","Dropkick","Whirlwind","Vajra","Perfected Strike","Explosive Potion"],"gold_per_floor":[113,113,113,113,37,37,54,54,54,54,68,28,43,61,61,160,160,175,175,175,175,190,190,190,190,190,8,24,36,36,47,47,147,147,159,64,84,138,150],"floor_reached":40,"campfire_rested":2,"playtime":2828,"current_hp_per_floor":[80,80,80,85,85,85,85,88,88,88,92,92,95,95,95,64,95,95,95,80,80,64,94,94,94,94,94,90,85,85,78,100,61,100,54,54,45,16,22],"items_purged":[],"gold":150,"play_id":"1db679f3-10fd-4e15-b2e4-7d73a912fce1","is_prod":false,"is_daily":false,"is_ascension_mode":false,"campfire_upgraded":5,"path_taken":["M","?","?","?","?","R","M","?","T","R","M","$","M","M","R","BOSS","M","?","?","?","?","R","?","R","T","?","M","M","R","M","R","BOSS","M","$","M","?","M","M"],"build_version":"2018-02-01-PROD3","purchased_purges":0,"victory":false,"master_deck":["Strike_R+1","Strike_R+1","Strike_R+1","Strike_R+1","Strike_R+1","Defend_R+1","Defend_R+1","Defend_R+1","Bash+1","Shrug It Off","Rampage","Rage+1","Flame Barrier","Shockwave","Dropkick","Thunderclap+1","Berserk","Demon Form","Iron Wave+1","Clumsy","Headbutt","Injury","Whirlwind+1","Fire Breathing","Sword Boomerang","Thunderclap","Double Tap","Cleave","Feel No Pain+1","Second Wind","Clothesline+1","Bludgeon","Blood for Blood","Perfected Strike","Searing Blow+1","Heavy Blade+1","Perfected Strike"],"max_hp_per_floor":[80,80,80,85,85,85,85,95,95,95,95,95,95,95,95,95,95,95,95,100,100,100,100,100,100,100,100,100,100,100,100,100,100,100,100,100,100,100,100],"relics":["Burning Blood","Pear","Gambling Chip","Cursed Key","Red Skull","Frozen Eye","Vajra","Orrery","Unceasing Top"],"card_choices":[{"not_picked":["Armaments","Headbutt"],"picked":"Shrug It Off"},{"not_picked":["Clash","Rupture"],"picked":"Flame Barrier"},{"not_picked":["Metallicize","Clothesline"],"picked":"Shockwave"},{"not_picked":["Sword Boomerang","Fire Breathing"],"picked":"Thunderclap"},{"not_picked":["Clash","Second Wind"],"picked":"Berserk"},{"not_picked":["Double Tap","Bludgeon"],"picked":"Demon Form"},{"not_picked":["Thunderclap","Headbutt"],"picked":"Iron Wave"},{"not_picked":["Metallicize","Second Wind"],"picked":"Headbutt"},{"not_picked":["Body Slam","Hemokinesis"],"picked":"Fire Breathing"},{"not_picked":["Body Slam","Second Wind"],"picked":"Sword Boomerang"},{"not_picked":["Body Slam","Bloodletting"],"picked":"Thunderclap"},{"not_picked":["Berserk","Barricade"],"picked":"Double Tap"},{"not_picked":["Heavy Blade","Spot Weakness"],"picked":"Cleave"},{"not_picked":["Metallicize","Headbutt"],"picked":"Feel No Pain"},{"not_picked":["Iron Wave","Thunderclap"],"picked":"Second Wind"},{"not_picked":["Seeing Red","Perfected Strike"],"picked":"Clothesline"},{"not_picked":["Twin Strike","Fire Breathing"],"picked":"Bludgeon"},{"not_picked":["Warcry","Seeing Red"],"picked":"Blood for Blood"},{"not_picked":["Clash","Iron Wave"],"picked":"Searing Blow"},{"not_picked":["Clothesline","Shockwave"],"picked":"Heavy Blade"},{"not_picked":["Reckless Charge","Headbutt"],"picked":"Perfected Strike"}],"player_experience":7137,"potions_floor_usage":[13,14,16,16,22,29,33,37,38,40,40],"damage_taken":[{"damage":1,"enemies":"Jaw Worm","floor":1,"turns":5},{"damage":0,"enemies":"Cultist","floor":7,"turns":3},{"damage":2,"enemies":"Small Slimes","floor":11,"turns":3},{"damage":0,"enemies":"2 Fungi Beasts","floor":13,"turns":3},{"damage":1,"enemies":"3 Louse","floor":14,"turns":3},{"damage":52,"enemies":"Slime Boss","floor":16,"turns":12},{"damage":0,"enemies":"3 Byrds","floor":18,"turns":4},{"damage":22,"enemies":"Chosen","floor":22,"turns":6},{"damage":10,"enemies":"Centurion and Healer","floor":28,"turns":5},{"damage":11,"enemies":"Sentry and Sphere","floor":29,"turns":3},{"damage":13,"enemies":"Snake Plant","floor":31,"turns":4},{"damage":57,"enemies":"Automaton","floor":33,"turns":8},{"damage":52,"enemies":"3 Shapes","floor":35,"turns":3},{"damage":15,"enemies":"Orb Walker","floor":37,"turns":3},{"damage":35,"enemies":"Mysterious Sphere","floor":38,"turns":4},{"damage":0,"enemies":"Sphere and 2 Shapes","floor":39,"turns":2},{"damage":25,"enemies":"Maw","floor":40,"turns":5}],"event_choices":[{"event_name":"Transmorgrifier","player_choice":"Transform","floor":2,"damage_taken":0},{"event_name":"The Cleric","player_choice":"Leave","floor":3,"damage_taken":0},{"event_name":"Big Fish","player_choice":"Donut","floor":4,"damage_taken":0},{"event_name":"Scrap Ooze","player_choice":"success","floor":8,"damage_taken":7},{"event_name":"Vampires","player_choice":"Ignored","floor":19,"damage_taken":0},{"event_name":"Forgotten Altar","player_choice":"Shed Blood","floor":20,"damage_taken":0},{"event_name":"Back to Basics","player_choice":"Simplicity","floor":24,"damage_taken":0},{"event_name":"Mysterious Sphere","player_choice":"Fight","floor":38,"damage_taken":0}],"boss_relics":[{"not_picked":["White Beast Statue","Eternal Feather"],"picked":"Cursed Key"},{"not_picked":["Black Blood","Mark of Pain"],"picked":"Orrery"}],"potions_floor_spawned":[13,16,28,31,33,37,38],"seed_played":"5314130685088765513","killed_by":"Maw","ascension_level":0,"is_trial":false}