{"path_per_floor":["M","M","M","?","M","R","M","M","T","?","$","?","R","M","R","B",null,"M","?","M","?","?","?","?","M","T","R","M","E","M","$","R","B",null,"M","$"],"character_chosen":"IRONCLAD","items_purchased":["True Grit","Metallicize","Reaper","Ancient Tea Set"],"gold_per_floor":[117,130,148,148,162,162,187,202,202,152,35,71,71,87,87,218,218,243,243,258,258,258,208,208,226,226,226,236,300,311,17,17,117,117,133,133,133],"floor_reached":37,"campfire_rested":2,"playtime":1807,"current_hp_per_floor":[77,80,80,80,80,80,74,79,79,79,79,77,77,77,77,41,80,80,80,66,66,66,66,66,43,43,67,59,28,33,33,57,37,80,53,53,0],"items_purged":[],"gold":133,"score":406,"play_id":"2b99db9a-1183-4365-a679-15e0d415faf8","local_time":"20180324053257","is_prod":false,"is_daily":false,"is_ascension_mode":false,"campfire_upgraded":3,"timestamp":1521878577,"path_taken":["M","M","M","?","?","R","M","M","T","?","$","?","R","?","R","BOSS","M","?","?","?","?","?","?","?","T","R","M","E","M","$","R","BOSS","M","$","M"],"build_version":"2018-03-22v2","purchased_purges":2,"victory":false,"master_deck":["Strike_R","Strike_R","Strike_R","Strike_R","Defend_R","Defend_R","Defend_R","Bash","Clumsy","Flex+1","Blood for Blood","Iron Wave","Whirlwind+1","Iron Wave","Cleave","Anger+1","Exhume","True Grit","Metallicize","Shrug It Off","Whirlwind","Double Tap","Spot Weakness","Second Wind+1","Disarm","Battle Trance","Inflame","Disarm","Pommel Strike","Reaper","Barricade","Blood for Blood+1","Warcry+1","Dark Embrace","Clothesline","Perfected Strike+1"],"max_hp_per_floor":[80,80,80,80,80,80,80,80,80,80,80,80,80,80,80,80,80,80,80,80,80,80,80,80,80,80,80,80,80,80,80,80,80,80,80,80,80],"relics":["Burning Blood","Bloody Idol","Toolbox","Odd Mushroom","Runic Pyramid","Ice Cream","Tiny Chest","Ancient Tea Set","Orrery"],"card_choices":[{"not_picked":["Perfected Strike","Twin Strike"],"picked":"Iron Wave","floor":1},{"not_picked":["Headbutt","Sword Boomerang"],"picked":"Whirlwind","floor":2},{"not_picked":["Clash","Twin Strike"],"picked":"Iron Wave","floor":3},{"not_picked":["Clash","Warcry"],"picked":"Cleave","floor":5},{"not_picked":["Warcry","Infernal Blade"],"picked":"Anger","floor":7},{"not_picked":["Flex","Havoc"],"picked":"Exhume","floor":8},{"not_picked":["Clothesline","Perfected Strike"],"picked":"Shrug It Off","floor":12},{"not_picked":["Rage","Evolve"],"picked":"Whirlwind","floor":14},{"not_picked":["Limit Break","Berserk"],"picked":"Double Tap","floor":16},{"not_picked":["Thunderclap","Clash"],"picked":"Spot Weakness","floor":18},{"not_picked":["Spot Weakness","Headbutt"],"picked":"Second Wind","floor":20},{"not_picked":["Anger","Thunderclap"],"picked":"Battle Trance","floor":25},{"not_picked":["Iron Wave","Shrug It Off"],"picked":"Inflame","floor":28},{"not_picked":["Corruption","Warcry"],"picked":"Disarm","floor":29},{"not_picked":["Warcry","Rupture"],"picked":"Pommel Strike","floor":30},{"not_picked":["Berserk","Juggernaut"],"picked":"Barricade","floor":33},{"not_picked":["Flex","Metallicize"],"picked":"Blood for Blood","floor":34},{"not_picked":["Wild Strike","Thunderclap"],"picked":"Warcry","floor":34},{"not_picked":["Flex","Clothesline"],"picked":"Dark Embrace","floor":34},{"not_picked":["Corruption","Havoc"],"picked":"Clothesline","floor":34},{"not_picked":["Anger","Thunderclap"],"picked":"Perfected Strike","floor":35}],"player_experience":233845,"potions_floor_usage":[8,8,14,16,33,35,37],"damage_taken":[{"damage":9,"enemies":"Small Slimes","floor":1,"turns":4},{"damage":0,"enemies":"2 Louse","floor":2,"turns":3},{"damage":0,"enemies":"Cultist","floor":3,"turns":3},{"damage":6,"enemies":"Exordium Wildlife","floor":5,"turns":5},{"damage":12,"enemies":"2 Fungi Beasts","floor":7,"turns":2},{"damage":7,"enemies":"Blue Slaver","floor":8,"turns":3},{"damage":8,"enemies":"The Mushroom Lair","floor":12,"turns":2},{"damage":6,"enemies":"Large Slime","floor":14,"turns":4},{"damage":42,"enemies":"The Guardian","floor":16,"turns":14},{"damage":6,"enemies":"3 Byrds","floor":18,"turns":4},{"damage":20,"enemies":"Shell Parasite","floor":20,"turns":7},{"damage":34,"enemies":"Sentry and Sphere","floor":25,"turns":7},{"damage":19,"enemies":"Chosen and Byrds","floor":28,"turns":5},{"damage":47,"enemies":"Slavers","floor":29,"turns":4},{"damage":10,"enemies":"Snake Plant","floor":30,"turns":4},{"damage":43,"enemies":"Champ","floor":33,"turns":13},{"damage":38,"enemies":"Orb Walker","floor":35,"turns":5},{"damage":83,"enemies":"3 Shapes","floor":37,"turns":3}],"event_choices":[{"event_name":"Golden Idol","player_choice":"Take Wound","floor":4,"damage_taken":0},{"event_name":"The Cleric","player_choice":"Card Removal","floor":10,"damage_taken":0},{"event_name":"Mushrooms","player_choice":"Fought Mushrooms","floor":12,"damage_taken":0},{"event_name":"Drug Dealer","player_choice":"Ignored","floor":19,"damage_taken":0},{"event_name":"The Library","player_choice":"Read","floor":21,"damage_taken":0},{"event_name":"Vampires","player_choice":"Ignored","floor":22,"damage_taken":0},{"event_name":"The Joust","player_choice":"Bet on Murderer","floor":23,"damage_taken":0},{"event_name":"Forgotten Altar","player_choice":"Gave Idol","floor":24,"damage_taken":0}],"boss_relics":[{"not_picked":["Black Star","Black Blood"],"picked":"Runic Pyramid"},{"not_picked":["Eternal Feather","Philosopher\u0027s Stone"],"picked":"Orrery"}],"potions_floor_spawned":[3,7,8,12,29,33,35],"seed_played":"8206747523945422238","killed_by":"3 Shapes","ascension_level":0,"is_trial":false}