{"gold_per_floor":[20,33,51,51,69,69,96,96,123,123,159,159,179,13,13,13],"floor_reached":16,"playtime":579,"items_purged":[],"score":204,"play_id":"986906db-c5fb-484e-8ad4-9dddc4aa637c","local_time":"20190224100336","is_ascension_mode":true,"campfire_choices":[{"floor":6,"key":"REST"},{"floor":8,"key":"REST"},{"floor":10,"key":"REST"},{"floor":15,"key":"REST"}],"neow_cost":"NO_GOLD","seed_source_timestamp":15688456299073738,"circlet_count":0,"master_deck":["AscendersBane","Strike_R","Strike_R","Strike_R","Strike_R","Strike_R","Defend_R","Defend_R","Defend_R","Defend_R","Bash","Dramatic Entrance","Magnetism","True Grit","Cleave","Warcry","Sentinel","Burning Pact","Corruption"],"relics":["Burning Blood","Ancient Tea Set","Centennial Puzzle","Orichalcum"],"potions_floor_usage":[],"damage_taken":[{"damage":5,"enemies":"2 Louse","floor":1,"turns":3},{"damage":7,"enemies":"Cultist","floor":2,"turns":4},{"damage":4,"enemies":"Small Slimes","floor":3,"turns":4},{"damage":18,"enemies":"3 Louse","floor":5,"turns":4},{"damage":70,"enemies":"Gremlin Nob","floor":7,"turns":6},{"damage":18,"enemies":"Red Slaver","floor":11,"turns":6},{"damage":9,"enemies":"2 Fungi Beasts","floor":13,"turns":3},{"damage":74,"enemies":"Slime Boss","floor":16,"turns":7}],"seed_played":"7677538154238622814","potions_obtained":[{"floor":3,"key":"LiquidBronze"},{"floor":4,"key":"BloodPotion"}],"is_trial":false,"path_per_floor":["M","M","M","?","M","R","E","R","T","R","M","$","M","$","R","B"],"character_chosen":"IRONCLAD","items_purchased":["Orichalcum"],"campfire_rested":4,"item_purchase_floors":[14],"current_hp_per_floor":[69,68,70,70,58,75,11,33,33,55,43,43,40,40,62,0],"gold":13,"neow_bonus":"RANDOM_COLORLESS_2","is_prod":false,"is_daily":false,"chose_seed":false,"campfire_upgraded":0,"win_rate":0,"timestamp":1550999016,"path_taken":["M","M","M","?","M","R","E","R","T","R","M","$","M","?","R","BOSS"],"build_version":"2019-01-23","purchased_purges":0,"victory":false,"max_hp_per_floor":[75,75,75,75,75,75,75,75,75,75,75,75,75,75,75,75],"card_choices":[{"not_picked":["Perfected Strike","Dual Wield"],"picked":"True Grit","floor":1},{"not_picked":["Armaments","Pommel Strike"],"picked":"Cleave","floor":2},{"not_picked":["Clash","Impervious"],"picked":"Warcry","floor":3},{"not_picked":["Body Slam","Anger"],"picked":"Sentinel","floor":5},{"not_picked":["Flame Barrier","Rupture"],"picked":"Burning Pact","floor":7},{"not_picked":["Bloodletting","Pommel Strike"],"picked":"Corruption","floor":11},{"not_picked":["Seeing Red","Flex","Clothesline"],"picked":"SKIP","floor":13}],"player_experience":440173,"relics_obtained":[{"floor":7,"key":"Ancient Tea Set"},{"floor":9,"key":"Centennial Puzzle"}],"event_choices":[{"damage_healed":0,"gold_gain":0,"player_choice":"Got Potions","damage_taken":0,"max_hp_gain":0,"max_hp_loss":0,"event_name":"Lab","floor":4,"gold_loss":0}],"is_beta":false,"boss_relics":[],"items_purged_floors":[],"is_endless":false,"potions_floor_spawned":[3,5,7,13],"killed_by":"Slime Boss","ascension_level":20}