{"gold_per_floor":[112,23,41,56,70,70,98,112,112,125,125,180,180,207,207,280,280,290,290,290,159,171,171,204,204,229,229,229],"floor_reached":28,"playtime":1287,"items_purged":[],"score":513,"play_id":"13a0e49f-07eb-4333-9d54-6dc5c99ea19a","local_time":"20190131180953","is_ascension_mode":true,"campfire_choices":[{"data":"Defragment","floor":6.0,"key":"SMITH"},{"floor":11.0,"key":"REST"},{"data":"Go for the Eyes","floor":13.0,"key":"SMITH"},{"data":"Zap","floor":15.0,"key":"SMITH"},{"data":"Hologram","floor":23,"key":"SMITH"},{"data":"Electrodynamics","floor":25,"key":"SMITH"},{"floor":27,"key":"REST"}],"neow_cost":"NONE","seed_source_timestamp":1369314660207,"circlet_count":0,"master_deck":["AscendersBane","Defend_B","Defend_B","Defend_B","Defend_B","Zap+1","Dualcast","Doom and Gloom","Glacier","Defragment+1","Darkness","Go for the Eyes+1","Hologram+1","Electrodynamics+1","Compile Driver","Bite","Bite","Bite","Bite","Bite","Auto Shields","Ball Lightning","Sweeping Beam"],"special_seed":0,"relics":["Cracked Core","Unceasing Top","Boot","DataDisk","Philosopher\u0027s Stone","Dodecahedron","Oddly Smooth Stone"],"potions_floor_usage":[28],"damage_taken":[{"damage":0.0,"enemies":"Cultist","floor":1.0,"turns":4.0},{"damage":2.0,"enemies":"Small Slimes","floor":3.0,"turns":4.0},{"damage":7.0,"enemies":"2 Louse","floor":4.0,"turns":2.0},{"damage":5.0,"enemies":"2 Fungi Beasts","floor":5.0,"turns":4.0},{"damage":32.0,"enemies":"Gremlin Nob","floor":7.0,"turns":4.0},{"damage":12.0,"enemies":"Exordium Thugs","floor":8.0,"turns":5.0},{"damage":9.0,"enemies":"Red Slaver","floor":10.0,"turns":4.0},{"damage":0.0,"enemies":"Lagavulin","floor":14.0,"turns":7.0},{"damage":13.0,"enemies":"Slime Boss","floor":16.0,"turns":5.0},{"damage":9.0,"enemies":"3 Byrds","floor":18.0,"turns":4.0},{"damage":8,"enemies":"Spheric Guardian","floor":22,"turns":6},{"damage":57,"enemies":"Gremlin Leader","floor":24,"turns":7},{"damage":32,"enemies":"Slavers","floor":28,"turns":2}],"seed_played":"-1047852869257757808","potions_obtained":[{"floor":4.0,"key":"SkillPotion"},{"floor":7.0,"key":"Dexterity Potion"},{"floor":8.0,"key":"Strength Potion"},{"floor":10.0,"key":"Weak Potion"},{"floor":22,"key":"Explosive Potion"}],"is_trial":false,"path_per_floor":["M","$","M","M","M","R","E","M","T","M","R","?","R","E","R","B",null,"M","?","?","$","M","R","E","R","T","R","E"],"character_chosen":"DEFECT","items_purchased":["Glacier","Auto Shields","Ball Lightning"],"campfire_rested":2,"item_purchase_floors":[2,21,21],"current_hp_per_floor":[71,71,69,62,57,57,25,13,13,4,27,27,27,27,27,14,62,53,53,53,53,52,52,11,11,11,27,0],"gold":229,"neow_bonus":"TEN_PERCENT_HP_BONUS","is_prod":false,"is_daily":false,"chose_seed":false,"campfire_upgraded":5,"win_rate":0,"timestamp":1548954593,"path_taken":["M","$","M","M","M","R","E","M","T","?","R","?","R","E","R","BOSS","M","?","?","$","M","R","E","R","T","R","E"],"build_version":"2019-01-23","purchased_purges":0,"victory":false,"max_hp_per_floor":[78,78,78,78,78,78,78,78,78,78,78,78,78,78,78,78,78,78,54,54,54,54,54,54,54,54,54,54],"card_choices":[{"not_picked":["Go for the Eyes","Auto Shields"],"picked":"Doom and Gloom","floor":1.0},{"not_picked":["Sweeping Beam","Barrage"],"picked":"Defragment","floor":3.0},{"not_picked":["Steam","Turbo","Consume"],"picked":"SKIP","floor":4.0},{"not_picked":["White Noise","Conserve Battery"],"picked":"Darkness","floor":5.0},{"not_picked":["Rebound","Meteor Strike","Stack"],"picked":"SKIP","floor":7.0},{"not_picked":["Rebound","Meteor Strike","Stack"],"picked":"SKIP","floor":7.0},{"not_picked":["Doom and Gloom","Stack"],"picked":"Go for the Eyes","floor":8.0},{"not_picked":["Rip and Tear","Stack"],"picked":"Hologram","floor":10.0},{"not_picked":["Skim","Turbo","Leap"],"picked":"SKIP","floor":14.0},{"not_picked":["Machine Learning","Buffer"],"picked":"Electrodynamics","floor":16.0},{"not_picked":["Heatsinks+1","Reprogram"],"picked":"Compile Driver","floor":18.0},{"not_picked":["Hologram","Go for the Eyes"],"picked":"Sweeping Beam","floor":22},{"not_picked":["Reprogram","Lockon","Streamline"],"picked":"SKIP","floor":24}],"player_experience":408809,"relics_obtained":[{"floor":7.0,"key":"Unceasing Top"},{"floor":9.0,"key":"Boot"},{"floor":14.0,"key":"DataDisk"},{"floor":24,"key":"Dodecahedron"},{"floor":26,"key":"Oddly Smooth Stone"}],"event_choices":[{"damage_healed":0.0,"max_hp_gain":0.0,"max_hp_loss":0.0,"gold_gain":55.0,"event_name":"Golden Wing","player_choice":"Gained Gold","floor":12.0,"gold_loss":0.0,"damage_taken":0.0},{"damage_healed":0.0,"max_hp_gain":0.0,"max_hp_loss":24.0,"gold_gain":0.0,"event_name":"Vampires","player_choice":"Became a vampire","floor":19.0,"gold_loss":0.0,"damage_taken":0.0,"cards_obtained":["Bite","Bite","Bite","Bite","Bite"]},{"damage_healed":0,"gold_gain":0,"player_choice":"Ignored","damage_taken":0,"max_hp_gain":0,"max_hp_loss":0,"event_name":"Beggar","floor":20,"gold_loss":0}],"is_beta":false,"boss_relics":[{"not_picked":["Lizard Tail","Nuclear Battery"],"picked":"Philosopher\u0027s Stone"}],"items_purged_floors":[],"is_endless":false,"potions_floor_spawned":[4,7,8,10,14,22],"killed_by":"Slavers","ascension_level":16}