{"gold_per_floor":[119,119,133,153,172,172,191,191,237,237,265,282,297,142,142,241,241,257,257,257,32,32,32,32,44,67,67,80,80,115,131,131,227,227,241,241,203,163,180,180,30,42,42,42,42,42,57,73,73,73],"floor_reached":50,"playtime":1809,"items_purged":["Acrobatics+1"],"score":647,"play_id":"125fc940-4620-414c-b11a-3be9b3d2156c","local_time":"20190223011201","is_ascension_mode":true,"campfire_choices":[{"data":"Caltrops","floor":6,"key":"SMITH"},{"data":"Choke","floor":8,"key":"SMITH"},{"data":"Doppelganger","floor":10,"key":"SMITH"},{"floor":15,"key":"REST"},{"data":"Doppelganger","floor":23,"key":"SMITH"},{"data":"Choke","floor":27,"key":"SMITH"},{"data":"Skewer","floor":29,"key":"SMITH"},{"data":"Venomology","floor":32,"key":"SMITH"},{"data":"Noxious Fumes","floor":40,"key":"SMITH"},{"floor":49,"key":"REST"}],"neow_cost":"NONE","seed_source_timestamp":88694263546866,"circlet_count":0,"master_deck":["Defend_G","Defend_G","Defend_G","Defend_G","Strike_G","Strike_G","Survivor","Neutralize+1","Choke+1","Doppelganger+1","Caltrops+1","Doppelganger+1","Choke+1","Venomology+1","Adrenaline+1","Phantasmal Killer+1","Flying Knee","Venomology+1","Skewer+1","Corpse Explosion","Night Terror","Dagger Spray+1","Noxious Fumes+1","Catalyst+1","Doubt","Dagger Spray+1","Dodge and Roll+1"],"relics":["Velvet Choker","Pen Nib","Sundial","Juzu Bracelet","Astrolabe","Regal Pillow","Happy Flower","Snake Skull","Lizard Tail","Blood Vial"],"potions_floor_usage":[7,18,25,25,28,30,30,30,33,33,33,39,39,39,42,42,47,47,47,48,50,50,50,50],"damage_taken":[{"damage":0,"enemies":"2 Louse","floor":1,"turns":4},{"damage":0,"enemies":"Cultist","floor":3,"turns":4},{"damage":3,"enemies":"Small Slimes","floor":4,"turns":4},{"damage":8,"enemies":"Blue Slaver","floor":5,"turns":5},{"damage":7,"enemies":"Gremlin Gang","floor":7,"turns":4},{"damage":10,"enemies":"3 Sentries","floor":11,"turns":7},{"damage":1,"enemies":"Looter","floor":12,"turns":2},{"damage":0,"enemies":"Large Slime","floor":13,"turns":5},{"damage":20,"enemies":"Slime Boss","floor":16,"turns":9},{"damage":20,"enemies":"2 Thieves","floor":18,"turns":3},{"damage":3,"enemies":"Spheric Guardian","floor":25,"turns":3},{"damage":11,"enemies":"Centurion and Healer","floor":28,"turns":3},{"damage":5,"enemies":"Gremlin Leader","floor":30,"turns":2},{"damage":0,"enemies":"3 Cultists","floor":31,"turns":3},{"damage":65,"enemies":"Champ","floor":33,"turns":10},{"damage":23,"enemies":"Orb Walker","floor":35,"turns":4},{"damage":0,"enemies":"3 Shapes","floor":39,"turns":2},{"damage":43,"enemies":"Writhing Mass","floor":42,"turns":3},{"damage":41,"enemies":"Spire Growth","floor":47,"turns":5},{"damage":9,"enemies":"4 Shapes","floor":48,"turns":4},{"damage":81,"enemies":"Awakened One","floor":50,"turns":4}],"seed_played":"-3829326916640643115","potions_obtained":[{"floor":5,"key":"Explosive Potion"},{"floor":7,"key":"Ancient Potion"},{"floor":11,"key":"SpeedPotion"},{"floor":13,"key":"Dexterity Potion"},{"floor":28,"key":"Explosive Potion"},{"floor":38,"key":"PowerPotion"},{"floor":38,"key":"Fire Potion"},{"floor":39,"key":"FearPotion"},{"floor":42,"key":"LiquidBronze"}],"is_trial":false,"path_per_floor":["M","?","M","M","M","R","M","R","T","R","E","M","M","$","R","B",null,"M","?","?","$","?","R","?","M","T","R","M","R","E","M","R","B",null,"M","?","$","?","M","R","$","M","T","$","?","?","M","M","R","B"],"character_chosen":"THE_SILENT","items_purchased":["Juzu Bracelet","Regal Pillow","Noxious Fumes","Blood Vial"],"campfire_rested":2,"item_purchase_floors":[14,21,37,41],"current_hp_per_floor":[63,63,63,60,52,52,45,45,45,45,35,34,34,34,55,35,61,41,41,41,41,41,41,64,61,61,61,50,50,45,45,45,7,54,31,31,31,31,31,31,31,26,26,26,26,70,29,22,58,0],"gold":73,"neow_bonus":"BOSS_RELIC","is_prod":false,"is_daily":false,"chose_seed":false,"campfire_upgraded":8,"win_rate":0,"timestamp":1550902321,"path_taken":["M","?","M","M","M","R","M","R","T","R","E","M","?","$","R","BOSS","M","?","?","$","?","R","?","M","T","R","M","R","E","M","R","BOSS","M","?","$","?","M","R","$","M","T","?","?","?","M","M","R","BOSS"],"build_version":"2019-01-23","purchased_purges":1,"victory":false,"max_hp_per_floor":[70,70,70,70,70,70,70,70,70,70,70,70,70,70,70,70,70,70,70,70,70,70,70,70,70,70,70,70,70,70,70,70,70,70,70,70,70,70,70,70,70,70,70,70,70,70,70,70,70,70],"card_choices":[{"not_picked":["Blade Dance","Deflect","Heel Hook"],"picked":"SKIP","floor":1},{"not_picked":["Bane","Escape Plan"],"picked":"Choke","floor":3},{"not_picked":["Underhanded Strike","Cloak And Dagger"],"picked":"Doppelganger","floor":4},{"not_picked":["Expertise","Dagger Throw"],"picked":"Caltrops","floor":5},{"not_picked":["Poisoned Stab","Setup","Acrobatics"],"picked":"SKIP","floor":7},{"not_picked":["Concentrate","Underhanded Strike"],"picked":"Doppelganger","floor":11},{"not_picked":["Underhanded Strike","Endless Agony"],"picked":"Choke","floor":12},{"not_picked":["Acrobatics","Poisoned Stab","Underhanded Strike"],"picked":"SKIP","floor":13},{"not_picked":["Burst","Phantasmal Killer"],"picked":"Venomology","floor":16},{"not_picked":["Dagger Throw","Slice"],"picked":"Flying Knee","floor":18},{"not_picked":["Infinite Blades","Blade Dance","Prepared"],"picked":"SKIP","floor":25},{"not_picked":["Tactician","Endless Agony"],"picked":"Skewer","floor":28},{"not_picked":["PiercingWail","Catalyst"],"picked":"Corpse Explosion","floor":30},{"not_picked":["Slice","Underhanded Strike+1","Bane+1"],"picked":"SKIP","floor":31},{"not_picked":["Bullet Time","After Image"],"picked":"Night Terror","floor":33},{"not_picked":["Slice","Blade Dance"],"picked":"Dagger Spray+1","floor":35},{"not_picked":["Expertise","Underhanded Strike"],"picked":"Catalyst+1","floor":39},{"not_picked":["Deadly Poison","Masterful Stab","Expertise"],"picked":"SKIP","floor":42},{"not_picked":["Cloak And Dagger","Accuracy+1"],"picked":"Dagger Spray+1","floor":47},{"not_picked":["Poisoned Stab","Deflect"],"picked":"Dodge and Roll+1","floor":48}],"player_experience":332444,"relics_obtained":[{"floor":9,"key":"Pen Nib"},{"floor":11,"key":"Sundial"},{"floor":26,"key":"Happy Flower"},{"floor":30,"key":"Snake Skull"}],"event_choices":[{"damage_healed":0,"gold_gain":0,"player_choice":"Upgraded","damage_taken":0,"max_hp_gain":0,"max_hp_loss":0,"event_name":"Upgrade Shrine","floor":2,"gold_loss":0,"cards_upgraded":["Neutralize"]},{"damage_healed":0,"gold_gain":0,"player_choice":"Copied","damage_taken":0,"max_hp_gain":0,"max_hp_loss":0,"event_name":"Duplicator","floor":19,"gold_loss":0,"cards_obtained":["Venomology"]},{"damage_healed":0,"gold_gain":0,"player_choice":"Ignored","damage_taken":0,"max_hp_gain":0,"max_hp_loss":0,"event_name":"Cursed Tome","floor":20,"gold_loss":0},{"damage_healed":0,"gold_gain":0,"player_choice":"Forge","damage_taken":0,"max_hp_gain":0,"max_hp_loss":0,"event_name":"Accursed Blacksmith","floor":22,"gold_loss":0,"cards_upgraded":["Venomology"]},{"damage_healed":23,"gold_gain":0,"player_choice":"Heal","damage_taken":0,"max_hp_gain":0,"max_hp_loss":0,"event_name":"The Library","floor":24,"gold_loss":0},{"cards_removed":["Strike_G"],"damage_healed":0,"gold_gain":0,"player_choice":"Purged","damage_taken":0,"max_hp_gain":0,"max_hp_loss":0,"event_name":"Purifier","floor":36,"gold_loss":0},{"damage_healed":0,"gold_gain":0,"player_choice":"Bought 3 Potions","damage_taken":0,"max_hp_gain":0,"max_hp_loss":0,"event_name":"The Woman in Blue","floor":38,"gold_loss":0},{"damage_healed":0,"gold_gain":0,"player_choice":"Ignored","damage_taken":0,"max_hp_gain":0,"max_hp_loss":0,"event_name":"Mysterious Sphere","floor":45,"gold_loss":0},{"damage_healed":44,"gold_gain":0,"player_choice":"Heal","damage_taken":0,"max_hp_gain":0,"max_hp_loss":0,"event_name":"MindBloom","floor":46,"gold_loss":0,"cards_obtained":["Doubt"]}],"is_beta":false,"boss_relics":[{"not_picked":["WristBlade","Orrery"],"picked":"Astrolabe"},{"not_picked":["Eternal Feather","HoveringKite"],"picked":"Lizard Tail"}],"items_purged_floors":[21],"is_endless":false,"potions_floor_spawned":[5,7,11,13,18,28,39,42],"killed_by":"Awakened One","ascension_level":8}