{"gold_per_floor":[113,188,188,32,32,32,32,65,92,105,136,136,136,154,154,249,249,272,205,35,50,70,70,110,124,124,124,160,172,200,112,112,112],"floor_reached":33,"playtime":1715,"items_purged":["Strike_R","Writhe"],"score":475,"play_id":"c90045a1-f08c-482f-a9cd-61b06343de78","local_time":"20190106173240","is_ascension_mode":true,"campfire_choices":[{"data":"Bash","floor":7,"key":"SMITH"},{"floor":13,"key":"REST"},{"data":"Flame Barrier","floor":15,"key":"SMITH"},{"data":"Spot Weakness","floor":23,"key":"SMITH"},{"data":"Metallicize","floor":29,"key":"SMITH"},{"data":"Pommel Strike","floor":32,"key":"SMITH"}],"neow_cost":"NONE","seed_source_timestamp":173122635003039,"circlet_count":0,"master_deck":["AscendersBane","Strike_R","Strike_R+1","Strike_R+1","Defend_R","Defend_R","Defend_R","Defend_R","Bash+1","Headbutt","Flame Barrier+1","Spot Weakness+1","Metallicize+1","Impervious","Iron Wave","Flash of Steel","Battle Trance","Headbutt","Pommel Strike+1","Anger","Battle Trance+1","Iron Wave+1"],"relics":["Burning Blood","Centennial Puzzle","Vajra","Golden Idol","Boot","Strawberry","Bottled Flame","Velvet Choker","Pear","Lantern","Dead Branch","MawBank"],"potions_floor_usage":[11,24,33],"damage_taken":[{"damage":9,"enemies":"Jaw Worm","floor":1,"turns":3},{"damage":46,"enemies":"Lagavulin","floor":8,"turns":7},{"damage":0,"enemies":"2 Louse","floor":10,"turns":2},{"damage":16,"enemies":"Gremlin Nob","floor":11,"turns":3},{"damage":0,"enemies":"Small Slimes","floor":14,"turns":3},{"damage":24,"enemies":"The Guardian","floor":16,"turns":14},{"damage":22,"enemies":"2 Thieves","floor":18,"turns":3},{"damage":1,"enemies":"3 Byrds","floor":21,"turns":4},{"damage":13,"enemies":"Snecko","floor":22,"turns":5},{"damage":8,"enemies":"Book of Stabbing","floor":24,"turns":5},{"damage":7,"enemies":"Cultist and Chosen","floor":25,"turns":6},{"damage":8,"enemies":"Sentry and Sphere","floor":28,"turns":4},{"damage":9,"enemies":"3 Cultists","floor":30,"turns":4},{"damage":86,"enemies":"Collector","floor":33,"turns":8}],"seed_played":"1451273767277580212","potions_obtained":[{"floor":8,"key":"Poison Potion"},{"floor":10,"key":"FearPotion"},{"floor":18,"key":"Strength Potion"},{"floor":22,"key":"EssenceOfSteel"},{"floor":28,"key":"SkillPotion"},{"floor":30,"key":"BloodPotion"}],"is_trial":false,"path_per_floor":["M","?","?","$","?","?","R","E","T","M","E","?","R","M","R","B",null,"M","?","$","M","M","R","E","M","T","?","M","R","M","$","R","B"],"character_chosen":"IRONCLAD","items_purchased":["Vajra","Flash of Steel"],"campfire_rested":1,"item_purchase_floors":[4,20],"current_hp_per_floor":[69,58,51,51,51,56,56,16,23,29,19,2,27,33,33,15,68,52,62,62,67,60,60,58,57,57,57,55,55,52,52,52,0],"gold":112,"neow_bonus":"RANDOM_COMMON_RELIC","is_prod":false,"is_daily":false,"chose_seed":false,"campfire_upgraded":5,"win_rate":0,"timestamp":1546792360,"path_taken":["M","?","?","$","?","?","R","E","T","M","E","?","R","M","R","BOSS","M","?","$","M","M","R","E","?","T","?","M","R","M","$","R","BOSS"],"build_version":"2019-01-03v4","purchased_purges":2,"victory":false,"max_hp_per_floor":[80,80,80,80,74,79,79,79,86,86,86,86,86,86,86,86,86,86,96,96,96,96,96,96,96,96,96,96,96,96,96,96,96],"card_choices":[{"not_picked":["Wild Strike","Perfected Strike"],"picked":"Headbutt","floor":1},{"not_picked":["Flex","Power Through"],"picked":"Flame Barrier","floor":8},{"not_picked":["Perfected Strike","True Grit"],"picked":"Spot Weakness","floor":10},{"not_picked":["Anger","Flex","Searing Blow"],"picked":"SKIP","floor":11},{"not_picked":["Flex","Wild Strike"],"picked":"Metallicize","floor":14},{"not_picked":["Bludgeon","Dark Embrace"],"picked":"Impervious","floor":16},{"not_picked":["Twin Strike","Intimidate"],"picked":"Iron Wave","floor":18},{"not_picked":["Thunderclap","Flex+1"],"picked":"Battle Trance","floor":21},{"not_picked":["Power Through","Inflame"],"picked":"Headbutt","floor":22},{"not_picked":["Inflame","Burning Pact"],"picked":"Pommel Strike","floor":24},{"not_picked":["Sword Boomerang","Thunderclap"],"picked":"Anger","floor":25},{"not_picked":["Pommel Strike","Brutality"],"picked":"Battle Trance+1","floor":28},{"not_picked":["Body Slam","Armaments"],"picked":"Iron Wave+1","floor":30}],"player_experience":324729,"relics_obtained":[{"floor":8,"key":"Boot"},{"floor":9,"key":"Strawberry"},{"floor":11,"key":"Bottled Flame"},{"floor":24,"key":"Lantern"},{"floor":26,"key":"Dead Branch"}],"event_choices":[{"damage_healed":0,"gold_gain":75,"player_choice":"Gather Gold","damage_taken":11,"max_hp_gain":0,"max_hp_loss":0,"event_name":"World of Goop","floor":2,"gold_loss":0},{"cards_removed":["Strike_R"],"damage_healed":0,"gold_gain":0,"player_choice":"Card Removal","damage_taken":7,"max_hp_gain":0,"max_hp_loss":0,"event_name":"Golden Wing","floor":3,"gold_loss":0},{"damage_healed":0,"gold_gain":0,"player_choice":"Lose Max HP","damage_taken":0,"relics_obtained":["Golden Idol"],"max_hp_gain":0,"max_hp_loss":6,"event_name":"Golden Idol","floor":5,"gold_loss":0},{"damage_healed":0,"gold_gain":0,"player_choice":"Donut","damage_taken":0,"max_hp_gain":5,"max_hp_loss":0,"event_name":"Big Fish","floor":6,"gold_loss":0},{"damage_healed":0,"gold_gain":0,"player_choice":"Entered Light","damage_taken":17,"max_hp_gain":0,"max_hp_loss":0,"event_name":"Shining Light","floor":12,"gold_loss":0,"cards_upgraded":["Strike_R","Strike_R"]},{"damage_healed":0,"gold_gain":0,"player_choice":"Paid Gold","damage_taken":0,"relics_obtained":["Pear"],"max_hp_gain":0,"max_hp_loss":0,"event_name":"WeMeetAgain","floor":19,"gold_loss":67},{"damage_healed":0,"gold_gain":0,"player_choice":"Opened","damage_taken":0,"relics_obtained":["MawBank"],"max_hp_gain":0,"max_hp_loss":0,"event_name":"The Mausoleum","floor":27,"gold_loss":0,"cards_obtained":["Writhe"]}],"is_beta":false,"boss_relics":[{"not_picked":["Cursed Key","Runic Pyramid"],"picked":"Velvet Choker"}],"items_purged_floors":[20,31],"is_endless":false,"potions_floor_spawned":[8,10,18,22,28,30],"killed_by":"Collector","ascension_level":13}