{"gold_per_floor":[112,124,124,142,160,63,90,105,105,165,165,183,196,209,209,310,310,328,27,46,62,62,62,79,4,4,15,15,15,28,28,28,28],"floor_reached":33,"playtime":1672,"items_purged":[],"score":253,"play_id":"e1c459ed-e5dd-484e-851a-69b27263bd7a","local_time":"20190219034507","is_ascension_mode":false,"campfire_choices":[{"floor":11,"key":"REST"},{"floor":15,"key":"REST"},{"floor":23,"key":"REST"},{"floor":29,"key":"REST"},{"floor":32,"key":"REST"}],"neow_cost":"NONE","seed_source_timestamp":447444097897896,"circlet_count":0,"master_deck":["Defend_G","Defend_G","Defend_G","Defend_G","Defend_G","Strike_G","Strike_G","Strike_G","Strike_G","Survivor","Neutralize","Distraction","Sucker Punch","Caltrops","Heel Hook","Jack Of All Trades","PiercingWail","Dagger Spray","Caltrops","Calculated Gamble","Deadly Poison","Corpse Explosion","Bane+1","Acrobatics","Sucker Punch+1","Corpse Explosion","Outmaneuver+1","Backflip","PiercingWail"],"relics":["Eternal Feather","Bag of Marbles","Question Card","Juzu Bracelet","Lizard Tail","Oddly Smooth Stone","Bronze Scales","Bag of Preparation"],"potions_floor_usage":[7,7,10,13,16,24,27],"damage_taken":[{"damage":2,"enemies":"Small Slimes","floor":1,"turns":4},{"damage":1,"enemies":"Cultist","floor":2,"turns":4},{"damage":0,"enemies":"2 Louse","floor":4,"turns":2},{"damage":0,"enemies":"Exordium Wildlife","floor":5,"turns":4},{"damage":27,"enemies":"Gremlin Nob","floor":7,"turns":6},{"damage":2,"enemies":"Lots of Slimes","floor":8,"turns":5},{"damage":13,"enemies":"Lagavulin Event","floor":10,"turns":8},{"damage":4,"enemies":"2 Fungi Beasts","floor":12,"turns":3},{"damage":17,"enemies":"Exordium Thugs","floor":13,"turns":5},{"damage":9,"enemies":"Blue Slaver","floor":14,"turns":4},{"damage":43,"enemies":"Hexaghost","floor":16,"turns":12},{"damage":35,"enemies":"3 Byrds","floor":18,"turns":4},{"damage":13,"enemies":"Chosen","floor":20,"turns":5},{"damage":17,"enemies":"Snecko","floor":21,"turns":5},{"damage":19,"enemies":"Cultist and Chosen","floor":24,"turns":5},{"damage":22,"enemies":"Sentry and Sphere","floor":27,"turns":4},{"damage":7,"enemies":"Snake Plant","floor":30,"turns":3},{"damage":119,"enemies":"Champ","floor":33,"turns":13}],"seed_played":"-3350378379481583649","potions_obtained":[{"floor":1,"key":"Ancient Potion"},{"floor":2,"key":"FairyPotion"},{"floor":3,"key":"SpeedPotion"},{"floor":3,"key":"SteroidPotion"},{"floor":7,"key":"GhostInAJar"},{"floor":10,"key":"Weak Potion"},{"floor":14,"key":"SkillPotion"},{"floor":21,"key":"AttackPotion"},{"floor":24,"key":"Energy Potion"}],"is_trial":false,"path_per_floor":["M","M","?","M","M","$","E","M","T","?","R","M","M","M","R","B",null,"M","$","M","M","?","R","M","?","T","M","?","R","M","$","R","B"],"character_chosen":"THE_SILENT","items_purchased":["Jack Of All Trades","Oddly Smooth Stone","Bronze Scales"],"campfire_rested":5,"item_purchase_floors":[6,19,19],"current_hp_per_floor":[68,67,67,67,67,67,40,38,38,25,55,51,34,25,58,15,70,35,35,22,5,5,41,22,22,22,7,7,43,36,36,70,0],"gold":28,"neow_bonus":"BOSS_RELIC","is_prod":false,"is_daily":false,"chose_seed":false,"campfire_upgraded":0,"win_rate":0,"timestamp":1550560507,"path_taken":["M","M","?","?","M","$","E","M","T","?","R","M","M","M","R","BOSS","M","$","M","M","?","R","M","?","T","M","?","R","M","$","R","BOSS"],"build_version":"2019-02-06","purchased_purges":0,"victory":false,"max_hp_per_floor":[70,70,70,70,70,70,70,70,70,70,70,70,70,70,70,70,70,70,70,70,70,70,70,70,70,70,70,70,70,70,70,70,70],"card_choices":[{"not_picked":["Catalyst","Quick Slash"],"picked":"Distraction","floor":1},{"not_picked":["Deadly Poison","Dagger Throw"],"picked":"Sucker Punch","floor":2},{"not_picked":["Riddle With Holes","Outmaneuver"],"picked":"Caltrops","floor":4},{"not_picked":["Deadly Poison","Acrobatics"],"picked":"Heel Hook","floor":5},{"not_picked":["Venomology","Underhanded Strike"],"picked":"PiercingWail","floor":7},{"not_picked":["Dodge and Roll","Underhanded Strike","Slice"],"picked":"SKIP","floor":8},{"not_picked":["Dagger Throw","Quick Slash","Poisoned Stab"],"picked":"Dagger Spray","floor":10},{"not_picked":["Backflip","PiercingWail","After Image"],"picked":"Caltrops","floor":12},{"not_picked":["Footwork","Slice","Masterful Stab"],"picked":"Calculated Gamble","floor":13},{"not_picked":["Reflex","PiercingWail","Eviscerate"],"picked":"Deadly Poison","floor":14},{"not_picked":["Phantasmal Killer","Burst","Bullet Time"],"picked":"Corpse Explosion","floor":16},{"not_picked":["Masterful Stab+1","Dagger Spray+1","Outmaneuver"],"picked":"Bane+1","floor":18},{"not_picked":["Dagger Spray","Dodge and Roll","Bane"],"picked":"Acrobatics","floor":20},{"not_picked":["Backflip","Infinite Blades+1","Dodge and Roll"],"picked":"Sucker Punch+1","floor":21},{"not_picked":["Flying Knee","Doppelganger","Escape Plan"],"picked":"Outmaneuver+1","floor":24},{"not_picked":["Cloak And Dagger","Endless Agony","Prepared"],"picked":"Backflip","floor":27},{"not_picked":["Outmaneuver","Dagger Throw","Blade Dance"],"picked":"PiercingWail","floor":30}],"player_experience":640936,"relics_obtained":[{"floor":7,"key":"Bag of Marbles"},{"floor":9,"key":"Question Card"},{"floor":10,"key":"Juzu Bracelet"},{"floor":26,"key":"Bag of Preparation"}],"event_choices":[{"damage_healed":0,"gold_gain":0,"player_choice":"Got Potions","damage_taken":0,"max_hp_gain":0,"max_hp_loss":0,"event_name":"Lab","floor":3,"gold_loss":0},{"damage_healed":0,"gold_gain":30,"player_choice":"Searched \u00273\u0027 times","damage_taken":0,"max_hp_gain":0,"max_hp_loss":0,"event_name":"Dead Adventurer","floor":10,"gold_loss":0},{"damage_healed":0,"gold_gain":0,"player_choice":"Copied","damage_taken":0,"max_hp_gain":0,"max_hp_loss":0,"event_name":"Duplicator","floor":22,"gold_loss":0,"cards_obtained":["Corpse Explosion"]},{"cards_removed":["Strike_G"],"damage_healed":0,"gold_gain":0,"player_choice":"Gave Gold","damage_taken":0,"max_hp_gain":0,"max_hp_loss":0,"event_name":"Beggar","floor":25,"gold_loss":75},{"damage_healed":0,"gold_gain":0,"player_choice":"Ignored","damage_taken":0,"max_hp_gain":0,"max_hp_loss":0,"event_name":"Cursed Tome","floor":28,"gold_loss":0}],"is_beta":true,"boss_relics":[{"not_picked":["Philosopher\u0027s Stone","Snecko Eye"],"picked":"Lizard Tail"}],"items_purged_floors":[],"is_endless":false,"potions_floor_spawned":[1,2,7,10,14,21,24],"killed_by":"Champ","ascension_level":0}