{"gold_per_floor":[117,117,135,152,95,95,74,74,74,74,108,108,108,118,118,195,195,152,40,40,57,77,77,1,31,85,116,133,133,33,48,48,122,122,132,132,144,144,155,155,155,155,204,204,204,215,106,121,121,121],"floor_reached":51,"playtime":3541,"items_purged":["Strike_G","Strike_G"],"score":1232,"play_id":"fdcbe01c-3b3f-4356-a5d4-b74ccbbdedfc","local_time":"20190215170644","is_ascension_mode":true,"campfire_choices":[{"data":"Glass Knife","floor":6.0,"key":"SMITH"},{"data":"Neutralize","floor":8.0,"key":"SMITH"},{"data":"Poisoned Stab","floor":10.0,"key":"SMITH"},{"data":"Caltrops","floor":13.0,"key":"SMITH"},{"floor":15.0,"key":"REST"},{"data":"Crippling Poison","floor":23.0,"key":"SMITH"},{"floor":32.0,"key":"REST"},{"data":"Wraith Form v2","floor":40,"key":"SMITH"},{"data":"Noxious Fumes","floor":42,"key":"SMITH"},{"data":"Dodge and Roll","floor":44,"key":"SMITH"},{"floor":49,"key":"REST"}],"neow_cost":"NONE","seed_source_timestamp":150681620652195,"circlet_count":0,"master_deck":["AscendersBane","Defend_G","Defend_G","Defend_G","Defend_G","Neutralize+1","Glass Knife+1","Well Laid Plans","Caltrops+1","Dodge and Roll+1","Poisoned Stab+1","Deadly Poison","Dagger Spray+1","Malaise","Infinite Blades","Crippling Poison+1","Acrobatics+1","PiercingWail","Noxious Fumes+1","Wraith Form v2+1","Leg Sweep","Dodge and Roll+1","Wraith Form v2+1","Catalyst","Bane+1"],"special_seed":0,"relics":["Ring of the Snake","Darkstone Periapt","Thread and Needle","Molten Egg 2","Sozu","Meat on the Bone","Centennial Puzzle","Omamori","Tingsha","Empty Cage","Happy Flower"],"potions_floor_usage":[],"damage_taken":[{"damage":1.0,"enemies":"Small Slimes","floor":1.0,"turns":4.0},{"damage":4.0,"enemies":"2 Louse","floor":3.0,"turns":3.0},{"damage":5.0,"enemies":"Cultist","floor":4.0,"turns":4.0},{"damage":1.0,"enemies":"Exordium Thugs","floor":7.0,"turns":4.0},{"damage":28.0,"enemies":"Lagavulin","floor":11.0,"turns":7.0},{"damage":0.0,"enemies":"2 Fungi Beasts","floor":14.0,"turns":3.0},{"damage":6.0,"enemies":"Hexaghost","floor":16.0,"turns":9.0},{"damage":6.0,"enemies":"2 Thieves","floor":18.0,"turns":5.0},{"damage":6.0,"enemies":"3 Byrds","floor":21.0,"turns":4.0},{"damage":6.0,"enemies":"3 Cultists","floor":22.0,"turns":5.0},{"damage":39.0,"enemies":"Slavers","floor":25.0,"turns":5.0},{"damage":1.0,"enemies":"Gremlin Leader","floor":27.0,"turns":6.0},{"damage":14.0,"enemies":"Sentry and Sphere","floor":28.0,"turns":6.0},{"damage":6.0,"enemies":"Snecko","floor":31.0,"turns":6.0},{"damage":51,"enemies":"Collector","floor":33,"turns":10},{"damage":4,"enemies":"Orb Walker","floor":35,"turns":4},{"damage":11,"enemies":"3 Darklings","floor":37,"turns":5},{"damage":9,"enemies":"Maw","floor":39,"turns":9},{"damage":0,"enemies":"Spire Growth","floor":46,"turns":6},{"damage":4,"enemies":"Writhing Mass","floor":48,"turns":6},{"damage":53,"enemies":"Awakened One","floor":50,"turns":17}],"seed_played":"1908483813463001855","potions_obtained":[{"floor":4.0,"key":"Explosive Potion"},{"floor":11.0,"key":"EssenceOfSteel"},{"floor":14.0,"key":"Fruit Juice"}],"is_trial":false,"path_per_floor":["M","?","M","M","?","R","M","R","T","R","E","?","R","M","R","B",null,"M","$","T","M","M","R","$","E","T","E","M","?","$","M","R","B",null,"M","?","M","?","M","R","?","R","T","R","?","M","$","M","R","B",null],"character_chosen":"THE_SILENT","items_purchased":["Crippling Poison","Noxious Fumes","Catalyst","Bane+1"],"campfire_rested":3,"item_purchase_floors":[19,24,47,47],"current_hp_per_floor":[58,51,47,42,42,42,41,41,41,41,13,13,13,13,39,33,62,56,56,56,50,44,44,44,17,17,28,26,26,26,32,53,14,57,53,53,42,42,45,45,45,45,45,45,45,45,45,41,62,21],"gold":121,"neow_bonus":"ONE_RANDOM_RARE_CARD","is_prod":false,"is_daily":false,"chose_seed":false,"campfire_upgraded":8,"win_rate":0,"timestamp":1550246804,"path_taken":["M","?","M","M","?","R","M","R","T","R","E","?","R","M","R","BOSS","M","?","?","M","M","R","$","E","T","E","M","?","?","M","R","BOSS","M","?","M","?","?","R","?","R","T","R","?","M","$","M","R","BOSS"],"build_version":"2019-01-23","purchased_purges":2,"victory":true,"max_hp_per_floor":[66,66,66,66,66,66,66,66,66,66,66,66,66,66,71,71,71,71,71,71,71,71,71,71,71,71,71,71,71,71,71,71,71,71,71,71,71,71,71,71,71,71,71,71,71,71,71,71,71,71],"card_choices":[{"not_picked":["Cloak And Dagger","Poisoned Stab"],"picked":"Well Laid Plans","floor":1.0},{"not_picked":["Eviscerate","Calculated Gamble"],"picked":"Caltrops","floor":3.0},{"not_picked":["Blade Dance","Backflip"],"picked":"Dodge and Roll","floor":4.0},{"not_picked":["Dodge and Roll","Doppelganger"],"picked":"Poisoned Stab","floor":7.0},{"not_picked":["Acrobatics","Flying Knee"],"picked":"Deadly Poison","floor":11.0},{"not_picked":["Backflip","Skewer+1"],"picked":"Dagger Spray+1","floor":14.0},{"not_picked":["Burst","Unload+1"],"picked":"Malaise","floor":16.0},{"not_picked":["Eviscerate+1","Quick Slash+1"],"picked":"Infinite Blades","floor":18.0},{"not_picked":["Blade Dance","Dagger Spray+1"],"picked":"Acrobatics+1","floor":21.0},{"not_picked":["Deadly Poison","Eviscerate+1"],"picked":"PiercingWail","floor":22.0},{"not_picked":["Underhanded Strike+1","Setup","Flying Knee+1"],"picked":"SKIP","floor":25.0},{"not_picked":["Acrobatics","Eviscerate+1","Heel Hook+1"],"picked":"SKIP","floor":27.0},{"not_picked":["Heel Hook+1","Endless Agony+1","Deflect"],"picked":"SKIP","floor":28.0},{"not_picked":["Choke+1","Noxious Fumes","Distraction"],"picked":"SKIP","floor":31.0},{"not_picked":["Envenom","Bullet Time"],"picked":"Wraith Form v2","floor":33},{"not_picked":["Bane+1","PiercingWail"],"picked":"Leg Sweep","floor":35},{"not_picked":["Acrobatics","Dodge and Roll","Quick Slash+1"],"picked":"SKIP","floor":37},{"not_picked":["Blade Dance","Masterful Stab+1"],"picked":"Dodge and Roll+1","floor":39},{"not_picked":["Dagger Spray+1","Flechettes+1","Slice+1"],"picked":"SKIP","floor":46},{"not_picked":["Deadly Poison","Blade Dance","Dagger Throw+1"],"picked":"SKIP","floor":48}],"player_experience":443703,"relics_obtained":[{"floor":9.0,"key":"Darkstone Periapt"},{"floor":11.0,"key":"Thread and Needle"},{"floor":20.0,"key":"Meat on the Bone"},{"floor":25.0,"key":"Centennial Puzzle"},{"floor":26.0,"key":"Omamori"},{"floor":27.0,"key":"Tingsha"},{"floor":43,"key":"Happy Flower"}],"event_choices":[{"cards_removed":["Strike_G"],"damage_healed":0.0,"max_hp_gain":0.0,"max_hp_loss":0.0,"gold_gain":0.0,"event_name":"Golden Wing","player_choice":"Card Removal","floor":2.0,"gold_loss":0.0,"damage_taken":7.0},{"damage_healed":0.0,"max_hp_gain":0.0,"max_hp_loss":0.0,"gold_gain":0.0,"event_name":"World of Goop","player_choice":"Left Gold","floor":5.0,"gold_loss":57.0,"damage_taken":0.0},{"damage_healed":0.0,"max_hp_gain":0.0,"max_hp_loss":0.0,"gold_gain":0.0,"event_name":"WeMeetAgain","player_choice":"Gave Potion","floor":12.0,"gold_loss":0.0,"damage_taken":0.0,"relics_obtained":["Molten Egg 2"]},{"damage_healed":0.0,"max_hp_gain":0.0,"max_hp_loss":0.0,"gold_gain":0.0,"event_name":"Vampires","player_choice":"Ignored","floor":29.0,"gold_loss":0.0,"damage_taken":0.0},{"damage_healed":0,"gold_gain":0,"player_choice":"Ignored","damage_taken":0,"max_hp_gain":0,"max_hp_loss":0,"event_name":"Mysterious Sphere","floor":36,"gold_loss":0},{"cards_removed":["Defend_G"],"damage_healed":0,"gold_gain":0,"player_choice":"Purged","damage_taken":0,"max_hp_gain":0,"max_hp_loss":0,"event_name":"Purifier","floor":38,"gold_loss":0},{"cards_removed":["Survivor"],"damage_healed":0,"gold_gain":0,"player_choice":"Removed Skill","damage_taken":0,"max_hp_gain":0,"max_hp_loss":0,"event_name":"Falling","floor":41,"gold_loss":0},{"damage_healed":0,"gold_gain":0,"player_choice":"Copied","damage_taken":0,"max_hp_gain":0,"max_hp_loss":0,"event_name":"Duplicator","floor":45,"gold_loss":0,"cards_obtained":["Wraith Form v2"]}],"is_beta":false,"boss_relics":[{"not_picked":["Astrolabe","Cursed Key"],"picked":"Sozu"},{"not_picked":["Philosopher\u0027s Stone","White Beast Statue"],"picked":"Empty Cage"}],"items_purged_floors":[19,30],"is_endless":false,"potions_floor_spawned":[4,11,14,18,22,25,33,35,46,48],"ascension_level":18}