{"path_per_floor":["M","M","?","M","$","R","$","M","T","R","?","M","M","M","R","B",null,"M","?","M","?","?","R","M","E","T","?","M","M","?","M","R"],"character_chosen":"DEFECT","items_purchased":["Cold Snap"],"gold_per_floor":[118,128,128,141,40,40,40,54,354,354,354,372,384,403,403,503,503,515,515,528,528,478,478,495,526,526,451,469,488,488,503,503,503],"floor_reached":33,"campfire_rested":2,"playtime":1757,"item_purchase_floors":[5],"current_hp_per_floor":[72,72,57,49,49,49,49,45,45,45,45,34,31,32,54,27,75,63,63,57,57,57,57,36,38,38,38,38,22,22,13,35,0],"items_purged":["Strike_B"],"gold":503,"score":274,"play_id":"0066ac27-5854-459a-a1ac-4a79ad6d287b","local_time":"20180601182145","is_prod":false,"is_daily":false,"chose_seed":false,"is_ascension_mode":true,"campfire_upgraded":3,"win_rate":0.0,"timestamp":1527891705,"campfire_choices":[{"data":"Genetic Algorithm","floor":6,"key":"SMITH"},{"data":"Zap","floor":10,"key":"SMITH"},{"floor":15,"key":"REST"},{"data":"Dualcast","floor":23,"key":"SMITH"},{"floor":32,"key":"REST"}],"path_taken":["M","M","?","M","$","R","?","M","T","R","?","?","?","M","R","BOSS","M","?","M","?","?","R","M","E","T","?","M","M","?","M","R","BOSS"],"build_version":"2018-05-31","seed_source_timestamp":15648752174445,"purchased_purges":1,"victory":false,"master_deck":["Strike_B","Strike_B","Strike_B","Defend_B","Defend_B+1","Defend_B","Zap+1","Dualcast+1","Go for the Eyes","Beam Cell+1","Genetic Algorithm+1","Cold Snap","Chaos","Self Repair","Melter","Seek","Redo+1","Darkness+1","Auto Shields+1","Hologram","Auto Shields","Ball Lightning+1","Chaos+1","Capacitor"],"max_hp_per_floor":[75,75,75,75,75,75,75,75,75,75,75,75,75,75,75,75,75,75,75,75,75,75,75,75,75,75,75,75,75,75,75,75,75],"relics":["Cracked Core","Old Coin","Lizard Tail","Prayer Wheel","Gremlin Horn"],"card_choices":[{"not_picked":["Glacier","Gash"],"picked":"Go for the Eyes","floor":1},{"not_picked":["Tempest","Redo"],"picked":"Beam Cell","floor":2},{"not_picked":["Gash","Redo"],"picked":"Genetic Algorithm","floor":4},{"not_picked":["Ball Lightning","Reboot"],"picked":"Chaos","floor":8},{"not_picked":["Lockon","Conserve Battery"],"picked":"Blizzard","floor":12},{"not_picked":["Ball Lightning","Defragment"],"picked":"Self Repair","floor":13},{"not_picked":["Lockon","White Noise"],"picked":"Melter","floor":14},{"not_picked":["Rainbow","Machine Learning"],"picked":"Seek","floor":16},{"not_picked":["Coolheaded+1","Streamline"],"picked":"Redo+1","floor":18},{"not_picked":["Skim","Doom and Gloom"],"picked":"Darkness+1","floor":20},{"not_picked":["Darkness","Steam"],"picked":"Auto Shields+1","floor":24},{"not_picked":["Steam","Scrape"],"picked":"Hologram","floor":25},{"not_picked":["Rainbow","Gash+1"],"picked":"Auto Shields","floor":28},{"not_picked":["Barrage","Sweeping Beam","Conserve Battery"],"picked":"SKIP","floor":28},{"not_picked":["Beam Cell","Auto Shields"],"picked":"Ball Lightning+1","floor":29},{"not_picked":["Ball Lightning","Streamline"],"picked":"Chaos+1","floor":29},{"not_picked":["Sweeping Beam","Ball Lightning","FTL"],"picked":"SKIP","floor":31},{"not_picked":["Aggregate","Auto Shields","Beam Cell"],"picked":"SKIP","floor":31}],"player_experience":225626,"potions_floor_usage":[25,29,31,31,33],"damage_taken":[{"damage":3,"enemies":"Small Slimes","floor":1,"turns":3},{"damage":0,"enemies":"Cultist","floor":2,"turns":3},{"damage":8,"enemies":"Jaw Worm","floor":4,"turns":3},{"damage":4,"enemies":"Exordium Wildlife","floor":8,"turns":4},{"damage":11,"enemies":"Red Slaver","floor":12,"turns":3},{"damage":3,"enemies":"Large Slime","floor":13,"turns":4},{"damage":6,"enemies":"3 Louse","floor":14,"turns":2},{"damage":34,"enemies":"The Guardian","floor":16,"turns":11},{"damage":19,"enemies":"3 Byrds","floor":18,"turns":5},{"damage":13,"enemies":"Shell Parasite","floor":20,"turns":3},{"damage":28,"enemies":"Snake Plant","floor":24,"turns":5},{"damage":47,"enemies":"Book of Stabbing","floor":25,"turns":7},{"damage":0,"enemies":"Sentry and Sphere","floor":28,"turns":3},{"damage":23,"enemies":"Chosen and Byrds","floor":29,"turns":7},{"damage":31,"enemies":"Cultist and Chosen","floor":31,"turns":8},{"damage":44,"enemies":"Collector","floor":33,"turns":9}],"relics_obtained":[{"floor":9,"key":"Old Coin"},{"floor":25,"key":"Prayer Wheel"},{"floor":26,"key":"Gremlin Horn"}],"event_choices":[{"event_name":"Shining Light","player_choice":"Entered Light","floor":3,"damage_taken":0},{"event_name":"Bonfire Elementals","player_choice":"BASIC","floor":11,"damage_taken":0},{"event_name":"Ghosts","player_choice":"Ignored","floor":19,"damage_taken":0},{"event_name":"Drug Dealer","player_choice":"Ignored","floor":21,"damage_taken":0},{"event_name":"The Joust","player_choice":"Bet on Owner","floor":22,"damage_taken":0},{"event_name":"Beggar","player_choice":"Gave Gold","floor":27,"damage_taken":0},{"event_name":"The Library","player_choice":"Read","floor":30,"damage_taken":0}],"boss_relics":[{"not_picked":["Runic Pyramid","White Beast Statue"],"picked":"Lizard Tail"}],"items_purged_floors":[5],"potions_floor_spawned":[1,12,14,18,25,28,31],"seed_played":"-2133579052631123632","killed_by":"Collector","ascension_level":1,"potions_obtained":[{"floor":1,"key":"Ancient Potion"},{"floor":12,"key":"FocusPotion"},{"floor":14,"key":"SteroidPotion"},{"floor":18,"key":"Weak Potion"},{"floor":25,"key":"Fire Potion"},{"floor":28,"key":"Regen Potion"},{"floor":31,"key":"PowerPotion"}],"is_trial":false}