{"gold_per_floor":[114,114,114,137,6,45,45,89,139,139,164,129,168,186,186,285,285,310,310,53,53,17,17,57,57,111,111],"floor_reached":27,"playtime":1464,"items_purged":["Defend_B","Strike_B"],"score":490,"play_id":"43ccb8f3-af2f-4646-9011-190e7cbb8719","local_time":"20190222234119","is_ascension_mode":true,"campfire_choices":[{"floor":7.0,"key":"REST"},{"floor":10.0,"key":"REST"},{"data":"Hologram","floor":15.0,"key":"SMITH"},{"data":"Biased Cognition","floor":23,"key":"SMITH"},{"floor":25,"key":"REST"}],"neow_cost":"NONE","seed_source_timestamp":8540557324622,"circlet_count":0,"master_deck":["AscendersBane","Strike_B","Defend_B","Defend_B","Defend_B","Zap","Dualcast","Sweeping Beam","Genetic Algorithm","Electrodynamics","Ball Lightning","Rebound","Hologram+1","Conserve Battery","Biased Cognition+1","Glacier","Self Repair","Steam"],"special_seed":0,"relics":["Cracked Core","Vajra","Golden Idol","Juzu Bracelet","Pantograph","Ancient Tea Set","Omamori","Runic Pyramid","Happy Flower","Turnip","Pen Nib"],"potions_floor_usage":[],"damage_taken":[{"damage":2.0,"enemies":"2 Louse","floor":1.0,"turns":2.0},{"damage":6.0,"enemies":"Small Slimes","floor":4.0,"turns":2.0},{"damage":35.0,"enemies":"Lagavulin","floor":6.0,"turns":7.0},{"damage":12.0,"enemies":"3 Sentries","floor":8.0,"turns":3.0},{"damage":7.0,"enemies":"Jaw Worm","floor":11.0,"turns":2.0},{"damage":33.0,"enemies":"Lagavulin","floor":13.0,"turns":5.0},{"damage":4.0,"enemies":"Looter","floor":14.0,"turns":4.0},{"damage":36.0,"enemies":"The Guardian","floor":16.0,"turns":11.0},{"damage":0.0,"enemies":"Chosen","floor":18.0,"turns":4.0},{"damage":48,"enemies":"Book of Stabbing","floor":24,"turns":7},{"damage":39,"enemies":"Slavers","floor":27,"turns":3}],"seed_played":"-980214080868363538","potions_obtained":[{"floor":4.0,"key":"Regen Potion"},{"floor":6.0,"key":"GamblersBrew"},{"floor":8.0,"key":"GamblersBrew"},{"floor":24,"key":"GamblersBrew"}],"is_trial":false,"path_per_floor":["M","?","?","M","$","E","R","E","T","R","M","?","E","M","R","B",null,"M","?","$","?","$","R","E","R","T","E"],"character_chosen":"DEFECT","items_purchased":["Fire Potion","Happy Flower","Self Repair"],"campfire_rested":3,"item_purchase_floors":[5,20,22],"current_hp_per_floor":[62,38,38,32,32,12,33,21,21,42,35,52,19,15,15,4,54,54,54,54,54,54,54,13,34,34,0],"gold":111,"neow_bonus":"RANDOM_COMMON_RELIC","is_prod":false,"is_daily":false,"chose_seed":false,"campfire_upgraded":2,"win_rate":0,"timestamp":1550875279,"path_taken":["M","?","?","M","$","E","R","E","T","R","M","?","E","M","R","BOSS","M","?","$","?","?","R","E","R","T","E"],"build_version":"2019-02-06","purchased_purges":2,"victory":false,"max_hp_per_floor":[71,71,71,71,71,71,71,71,71,71,71,71,71,71,71,71,71,71,71,71,71,71,71,71,71,71,71],"card_choices":[{"not_picked":["Stack","Turbo"],"picked":"Sweeping Beam","floor":1.0},{"not_picked":["Go for the Eyes","Aggregate"],"picked":"Genetic Algorithm","floor":4.0},{"not_picked":["BootSequence","Fission"],"picked":"Electrodynamics","floor":6.0},{"not_picked":["Stack","Beam Cell"],"picked":"Ball Lightning","floor":8.0},{"not_picked":["Beam Cell","Loop"],"picked":"Rebound","floor":11.0},{"not_picked":["Sweeping Beam","Coolheaded"],"picked":"Hologram","floor":13.0},{"not_picked":["Sweeping Beam","Skim"],"picked":"Conserve Battery","floor":14.0},{"not_picked":["Seek","Core Surge"],"picked":"Biased Cognition","floor":16.0},{"not_picked":["Rip and Tear","Chaos"],"picked":"Glacier","floor":18.0},{"not_picked":["Genetic Algorithm+1","Recycle"],"picked":"Steam","floor":24}],"player_experience":970796,"relics_obtained":[{"floor":6.0,"key":"Juzu Bracelet"},{"floor":8.0,"key":"Pantograph"},{"floor":9.0,"key":"Ancient Tea Set"},{"floor":13.0,"key":"Omamori"},{"floor":24,"key":"Turnip"},{"floor":26,"key":"Pen Nib"}],"event_choices":[{"damage_healed":0.0,"max_hp_gain":0.0,"max_hp_loss":0.0,"gold_gain":0.0,"event_name":"Golden Idol","player_choice":"Take Damage","floor":2.0,"gold_loss":0.0,"damage_taken":24.0,"relics_obtained":["Golden Idol"]},{"cards_removed":["Strike_B"],"damage_healed":0.0,"max_hp_gain":0.0,"max_hp_loss":0.0,"gold_gain":0.0,"event_name":"Living Wall","player_choice":"Forget","floor":3.0,"gold_loss":0.0,"damage_taken":0.0},{"damage_healed":17.0,"max_hp_gain":0.0,"max_hp_loss":0.0,"gold_gain":0.0,"event_name":"The Cleric","player_choice":"Healed","floor":12.0,"gold_loss":35.0,"damage_taken":0.0},{"cards_removed":["Strike_B"],"damage_healed":0.0,"max_hp_gain":0.0,"max_hp_loss":0.0,"gold_gain":0.0,"event_name":"Back to Basics","player_choice":"Elegance","floor":19.0,"gold_loss":0.0,"damage_taken":0.0},{"damage_healed":0,"gold_gain":0,"player_choice":"Ignored","damage_taken":0,"max_hp_gain":0,"max_hp_loss":0,"event_name":"Cursed Tome","floor":21,"gold_loss":0}],"is_beta":true,"boss_relics":[{"not_picked":["Fusion Hammer","White Beast Statue"],"picked":"Runic Pyramid"}],"items_purged_floors":[5,20],"is_endless":false,"potions_floor_spawned":[4,6,8,24],"killed_by":"Slavers","ascension_level":20}