{"path_per_floor":["M","?","M","?","?","R","E","$","T","R","M","?","$","M","R","B",null,"M","M","?","M","?","M","R","M","T","M","R","$","R","M","R","B",null,"M","$","?","$","M","R","M","$","T","R","M","M","?","?","R"],"character_chosen":"THE_SILENT","items_purchased":["Omamori","Bronze Scales","Backflip","Outmaneuver","Energy Potion"],"gold_per_floor":[114,114,129,129,229,229,259,34,109,109,124,124,124,139,139,239,239,254,269,219,234,234,249,249,264,264,279,279,76,76,91,91,191,191,206,31,131,6,21,21,36,36,61,61,76,91,91,0,0],"floor_reached":50,"campfire_rested":8,"playtime":2971,"current_hp_per_floor":[70,70,70,70,70,70,47,47,47,68,68,68,68,68,68,33,70,63,53,53,44,44,11,32,28,28,20,41,41,62,40,61,37,70,40,40,40,40,40,61,22,22,22,43,43,25,25,25,46],"items_purged":["Normality","Tools of the Trade","Eviscerate"],"gold":0,"score":517,"play_id":"64bc5039-feee-4d11-afb5-04ff87e11ff9","local_time":"20180313055054","daily_mods":["Diverse","Insanity","Binary"],"is_prod":false,"is_daily":true,"is_ascension_mode":false,"campfire_upgraded":2,"timestamp":1520929254,"path_taken":["M","?","M","?","?","R","E","$","T","R","?","?","?","M","R","BOSS","M","M","?","M","?","?","R","M","T","M","R","$","R","M","R","BOSS","M","$","?","$","M","R","M","?","T","R","M","M","?","?","R","BOSS"],"build_version":"2018-03-09","purchased_purges":3,"victory":false,"master_deck":["Neutralize","Heel Hook","Slice","Backstab","Footwork","Tools of the Trade","Prepared","Infinite Blades","Corpse Explosion","Catalyst","Eviscerate","Finisher","Catalyst","Burst","Doppelganger","Heel Hook","Sucker Punch","Glass Knife","Expertise","All Out Attack","Defend_G","Eviscerate","Quick Slash","Blade Dance","Glass Knife","Dodge and Roll","Flechettes","Storm of Steel","Expertise","Blade Dance","Masterful Stab","Distraction+1","Dagger Spray","A Thousand Cuts","Cloak And Dagger","Flechettes","PiercingWail","Choke","Acrobatics","Backstab+1","Phantasmal Killer","Escape Plan","Survivor","Outmaneuver","Terror","Glass Knife","Fire Breathing","Havoc","Deadly Poison","Envenom","Outmaneuver","After Image","Backflip","Wraith Form","Catalyst+1","Backflip","Adrenaline","Outmaneuver","Backstab"],"max_hp_per_floor":[70,70,70,70,70,70,70,70,70,70,70,70,70,70,70,70,70,70,70,70,70,70,70,70,70,70,70,70,70,70,70,70,70,70,70,70,70,70,70,70,70,70,70,70,70,70,70,70,70],"relics":["Ring of the Snake","Vajra","Tough Bandages","Omamori","Centennial Puzzle","Black Star","Dead Branch","Bronze Scales","Cursed Key","Dream Catcher","Red Mask"],"card_choices":[{"not_picked":["Bane"],"picked":"Deadly Poison"},{"not_picked":["Caltrops"],"picked":"Outmaneuver"},{"not_picked":["Corpse Explosion"],"picked":"After Image"},{"not_picked":["Quick Slash"],"picked":"Backflip"},{"not_picked":["Deflect"],"picked":"Catalyst"},{"not_picked":["Envenom"],"picked":"Adrenaline"},{"not_picked":["Accuracy"],"picked":"Backstab"}],"player_experience":178034,"potions_floor_usage":[7,16,16,21,23,27,31,33,45,45,46],"damage_taken":[{"damage":0,"enemies":"Jaw Worm","floor":1,"turns":1},{"damage":0,"enemies":"Cultist","floor":3,"turns":2},{"damage":23,"enemies":"Lagavulin","floor":7,"turns":4},{"damage":0,"enemies":"2 Louse","floor":11,"turns":1},{"damage":0,"enemies":"2 Fungi Beasts","floor":14,"turns":2},{"damage":35,"enemies":"Hexaghost","floor":16,"turns":9},{"damage":7,"enemies":"2 Thieves","floor":18,"turns":3},{"damage":10,"enemies":"Spheric Guardian","floor":19,"turns":3},{"damage":9,"enemies":"Centurion and Healer","floor":21,"turns":3},{"damage":33,"enemies":"Chosen and Byrds","floor":23,"turns":6},{"damage":4,"enemies":"Snecko","floor":25,"turns":4},{"damage":8,"enemies":"Slaver and Parasite","floor":27,"turns":3},{"damage":22,"enemies":"Centurion and Healer","floor":31,"turns":5},{"damage":24,"enemies":"Champ","floor":33,"turns":7},{"damage":30,"enemies":"3 Darklings","floor":35,"turns":4},{"damage":0,"enemies":"Orb Walker","floor":39,"turns":2},{"damage":39,"enemies":"4 Shapes","floor":41,"turns":4},{"damage":0,"enemies":"Maw","floor":45,"turns":4},{"damage":18,"enemies":"Sphere and 2 Shapes","floor":46,"turns":4},{"damage":49,"enemies":"Awakened One","floor":50,"turns":4}],"event_choices":[{"event_name":"The Lab","player_choice":"Got Potions","floor":2,"damage_taken":0},{"event_name":"Accursed Blacksmith","player_choice":"Rummage","floor":4,"damage_taken":0},{"event_name":"Wheel of Change","player_choice":"Gold","floor":5,"damage_taken":0},{"event_name":"Transmorgrifier","player_choice":"Transform","floor":12,"damage_taken":0},{"event_name":"The Joust","player_choice":"Bet on Owner","floor":20,"damage_taken":0},{"event_name":"Transmorgrifier","player_choice":"Transform","floor":22,"damage_taken":0},{"event_name":"Golden Shrine","player_choice":"Pray","floor":37,"damage_taken":0},{"event_name":"Mysterious Sphere","player_choice":"Ignore","floor":47,"damage_taken":0},{"event_name":"Tomb of Lord Red Mask","player_choice":"Paid","floor":48,"damage_taken":0}],"boss_relics":[{"not_picked":["The Specimen","Snecko Eye"],"picked":"Black Star"},{"not_picked":["Eternal Feather","Question Card"],"picked":"Cursed Key"}],"potions_floor_spawned":[3,14,19,25,27,31,45],"seed_played":"5990498444709922547","killed_by":"Awakened One","ascension_level":0,"is_trial":false}