{"gold_per_floor":[117,127,127,127,148,148,148,148,148,47,71,102,102,177,177,177],"floor_reached":16,"playtime":428,"items_purged":["Regret"],"score":196,"play_id":"36b81df0-358c-41c5-9aae-6f713f5e39db","local_time":"20181118194140","is_ascension_mode":true,"campfire_choices":[{"data":"Sunder","floor":6,"key":"SMITH"},{"floor":8,"key":"REST"},{"data":"Fusion","floor":13,"key":"SMITH"},{"floor":15,"key":"REST"}],"neow_cost":"NONE","seed_source_timestamp":30851733402697,"circlet_count":0,"master_deck":["AscendersBane","Strike_B","Strike_B","Strike_B","Defend_B","Defend_B","Defend_B","Defend_B","Gash+1","Chaos+1","Reinforced Body+1","Cold Snap","Sweeping Beam","Sunder+1","Leap","Turbo","Fusion+1"],"relics":["Astrolabe","Happy Flower","Golden Idol","WingedGreaves","Ancient Tea Set","Frozen Egg 2"],"potions_floor_usage":[16],"damage_taken":[{"damage":0,"enemies":"Jaw Worm","floor":1,"turns":4},{"damage":0,"enemies":"2 Louse","floor":2,"turns":4},{"damage":9,"enemies":"Small Slimes","floor":5,"turns":4},{"damage":0,"enemies":"Exordium Wildlife","floor":11,"turns":3},{"damage":32,"enemies":"Gremlin Nob","floor":12,"turns":4},{"damage":31,"enemies":"Hexaghost","floor":16,"turns":9}],"seed_played":"4623387654164562997","potions_obtained":[{"floor":1,"key":"Explosive Potion"},{"floor":11,"key":"SpeedPotion"}],"is_trial":false,"path_per_floor":["M","M","?","?","M","R","T","R","T","$","M","E","R","?","R","B"],"character_chosen":"DEFECT","items_purchased":["Leap"],"campfire_rested":2,"item_purchase_floors":[10],"current_hp_per_floor":[64,64,64,40,31,31,31,52,52,52,52,20,20,9,30,0],"gold":177,"neow_bonus":"BOSS_RELIC","is_prod":false,"is_daily":false,"chose_seed":false,"campfire_upgraded":2,"win_rate":0,"timestamp":1542566500,"path_taken":["M","M","?","?","M","R","?","R","T","?","?","E","R","?","R","BOSS"],"build_version":"2018-11-15","purchased_purges":1,"victory":false,"max_hp_per_floor":[71,71,71,71,71,71,71,71,71,71,71,71,71,71,71,71],"card_choices":[{"not_picked":["Barrage","Redo","Cold Snap"],"picked":"SKIP","floor":1},{"not_picked":["Barrage","Redo"],"picked":"Cold Snap","floor":1},{"not_picked":["Undo","Compile Driver"],"picked":"Sweeping Beam","floor":2},{"not_picked":["Heatsinks","Darkness"],"picked":"Sunder","floor":5},{"not_picked":["Storm","Redo"],"picked":"Turbo","floor":11},{"not_picked":["Steam","Lockon"],"picked":"Fusion","floor":12}],"player_experience":810465,"relics_obtained":[{"floor":7,"key":"WingedGreaves"},{"floor":9,"key":"Ancient Tea Set"},{"floor":12,"key":"Frozen Egg 2"}],"event_choices":[{"damage_healed":0,"gold_gain":0,"player_choice":"Box","damage_taken":0,"relics_obtained":["Happy Flower"],"max_hp_gain":0,"max_hp_loss":0,"event_name":"Big Fish","floor":3,"gold_loss":0,"cards_obtained":["Regret"]},{"damage_healed":0,"gold_gain":0,"player_choice":"Take Damage","damage_taken":24,"relics_obtained":["Golden Idol"],"max_hp_gain":0,"max_hp_loss":0,"event_name":"Golden Idol","floor":4,"gold_loss":0},{"damage_healed":0,"gold_gain":75,"player_choice":"Gather Gold","damage_taken":11,"max_hp_gain":0,"max_hp_loss":0,"event_name":"World of Goop","floor":14,"gold_loss":0}],"is_beta":true,"boss_relics":[],"items_purged_floors":[10],"is_endless":false,"potions_floor_spawned":[1,11],"killed_by":"Hexaghost","ascension_level":20}