{"gold_per_floor":[112,129,54,69,87,112,112,112,201,213,225,265,277,305,317,433,445,476,488,460,489,512,524,509,509,509,522,539,570,570,602,602,602],"floor_reached":33,"playtime":1530,"items_purged":["Decay"],"score":500,"play_id":"073ce18c-6485-45c5-a87a-831dccc05baa","local_time":"20190224134132","is_ascension_mode":true,"campfire_choices":[{"data":"Terror","floor":7,"key":"SMITH"},{"data":"Dodge and Roll","floor":10,"key":"SMITH"},{"data":"Storm of Steel","floor":15,"key":"SMITH"},{"data":"Survivor","floor":23,"key":"SMITH"},{"data":"Accuracy","floor":25,"key":"SMITH"},{"floor":30,"key":"REST"},{"floor":32,"key":"REST"}],"neow_cost":"CURSE","seed_source_timestamp":220346947741792,"circlet_count":0,"master_deck":["Defend_G","Defend_G","Defend_G","Defend_G","Defend_G+1","Strike_G","Strike_G","Strike_G","Strike_G","Strike_G+1","Survivor+1","Neutralize","Terror+1","Flying Knee","Dodge and Roll+1","Storm of Steel+1","Dagger Throw","Unload","Backflip+1","Accuracy+1","Blade Dance+1","Dagger Spray+1","Choke","Blur"],"relics":["Ring of the Snake","FossilizedHelix","Dead Branch","MawBank","The Courier","Oddly Smooth Stone","WristBlade","Nilry\u0027s Codex","Bronze Scales","PreservedInsect","Bottled Flame"],"potions_floor_usage":[6,6,16,27,29,31,33],"damage_taken":[{"damage":0,"enemies":"2 Louse","floor":1,"turns":3},{"damage":0,"enemies":"Cultist","floor":2,"turns":4},{"damage":0,"enemies":"Jaw Worm","floor":4,"turns":3},{"damage":0,"enemies":"Red Slaver","floor":5,"turns":5},{"damage":0,"enemies":"Gremlin Nob","floor":6,"turns":3},{"damage":21,"enemies":"Lagavulin","floor":12,"turns":8},{"damage":0,"enemies":"2 Fungi Beasts","floor":14,"turns":5},{"damage":24,"enemies":"Hexaghost","floor":16,"turns":9},{"damage":0,"enemies":"Spheric Guardian","floor":18,"turns":3},{"damage":0,"enemies":"Chosen","floor":21,"turns":4},{"damage":0,"enemies":"Centurion and Healer","floor":22,"turns":6},{"damage":0,"enemies":"Sentry and Sphere","floor":27,"turns":3},{"damage":0,"enemies":"Cultist and Chosen","floor":28,"turns":4},{"damage":35,"enemies":"Slavers","floor":29,"turns":4},{"damage":0,"enemies":"Book of Stabbing","floor":31,"turns":1},{"damage":61,"enemies":"Automaton","floor":33,"turns":6}],"seed_played":"721591766604133669","potions_obtained":[{"floor":1,"key":"SteroidPotion"},{"floor":2,"key":"PowerPotion"},{"floor":5,"key":"LiquidBronze"},{"floor":14,"key":"Strength Potion"},{"floor":18,"key":"Fire Potion"},{"floor":21,"key":"PowerPotion"},{"floor":28,"key":"LiquidBronze"},{"floor":29,"key":"SteroidPotion"}],"is_trial":false,"path_per_floor":["M","M","$","M","M","E","R","?","T","R","$","E","$","M","R","B",null,"M","?","?","M","M","R","$","R","T","M","M","E","R","E","R","B"],"character_chosen":"THE_SILENT","items_purchased":["Accuracy"],"campfire_rested":2,"item_purchase_floors":[24],"current_hp_per_floor":[63,63,63,63,63,63,63,63,63,63,63,42,42,42,42,18,57,57,41,41,41,41,41,41,41,41,41,41,6,27,27,48,0],"gold":602,"neow_bonus":"ONE_RARE_RELIC","is_prod":false,"is_daily":false,"chose_seed":false,"campfire_upgraded":5,"win_rate":0,"timestamp":1551033692,"path_taken":["M","M","$","M","M","E","R","?","T","R","$","E","$","M","R","BOSS","M","?","?","M","M","R","$","R","T","M","M","E","R","E","R","BOSS"],"build_version":"2019-01-23","purchased_purges":1,"victory":false,"max_hp_per_floor":[70,70,70,70,70,70,70,70,70,70,70,70,70,70,70,70,70,70,70,70,70,70,70,70,70,70,70,70,70,70,70,70,70],"card_choices":[{"not_picked":["Dash","Deflect"],"picked":"Terror","floor":1},{"not_picked":["Outmaneuver","Dodge and Roll"],"picked":"Flying Knee","floor":2},{"not_picked":["Choke","Outmaneuver"],"picked":"Dodge and Roll","floor":4},{"not_picked":["Prepared","Deadly Poison","Predator"],"picked":"SKIP","floor":5},{"not_picked":["Choke","Prepared","Underhanded Strike"],"picked":"SKIP","floor":6},{"not_picked":["Reflex","Quick Slash"],"picked":"Storm of Steel","floor":12},{"not_picked":["Blade Dance","Distraction"],"picked":"Dagger Throw","floor":14},{"not_picked":["Tools of the Trade","A Thousand Cuts"],"picked":"Unload","floor":16},{"not_picked":["Tactician","Sucker Punch"],"picked":"Backflip+1","floor":18},{"not_picked":["Riddle With Holes","Blade Dance","Calculated Gamble"],"picked":"SKIP","floor":21},{"not_picked":["Deadly Poison","Riddle With Holes","Dodge and Roll"],"picked":"SKIP","floor":22},{"not_picked":["Slice","Accuracy"],"picked":"Blade Dance+1","floor":27},{"not_picked":["Finisher","Dagger Throw+1"],"picked":"Dagger Spray+1","floor":28},{"not_picked":["Dodge and Roll","Reflex"],"picked":"Choke","floor":29},{"not_picked":["Poisoned Stab","Concentrate+1"],"picked":"Blur","floor":31}],"player_experience":365991,"relics_obtained":[{"floor":6,"key":"Dead Branch"},{"floor":9,"key":"The Courier"},{"floor":12,"key":"Oddly Smooth Stone"},{"floor":19,"key":"Nilry\u0027s Codex"},{"floor":26,"key":"Bronze Scales"},{"floor":29,"key":"PreservedInsect"},{"floor":31,"key":"Bottled Flame"}],"event_choices":[{"damage_healed":0,"gold_gain":0,"player_choice":"Gave Potion","damage_taken":0,"relics_obtained":["MawBank"],"max_hp_gain":0,"max_hp_loss":0,"event_name":"WeMeetAgain","floor":8,"gold_loss":0},{"damage_healed":0,"gold_gain":0,"player_choice":"Obtained Book","damage_taken":16,"max_hp_gain":0,"max_hp_loss":0,"event_name":"Cursed Tome","floor":19,"gold_loss":0},{"damage_healed":0,"gold_gain":0,"player_choice":"Upgraded Two","damage_taken":0,"max_hp_gain":0,"max_hp_loss":0,"event_name":"Designer","floor":20,"gold_loss":40,"cards_upgraded":["Strike_G","Defend_G"]}],"is_beta":false,"boss_relics":[{"not_picked":["Orrery","Calling Bell"],"picked":"WristBlade"}],"items_purged_floors":[3],"is_endless":false,"potions_floor_spawned":[1,2,5,14,18,21,28,29],"killed_by":"Automaton","ascension_level":9}