{"gold_per_floor":[109,122,141,141,192,192,205,236,236,253,205,205,216,280,280,382,382,397,116,116,133,133,133,144,174,201,75,90,90,90,124,124,226,276,289,10,110,110,130,130,140,140,189,189,215,231,231,246,246,246],"floor_reached":50,"playtime":5031,"items_purged":["Clumsy"],"score":722,"play_id":"b18e9d99-0e24-4ef0-b2f4-7fe8f7d274c9","local_time":"20190214004146","is_ascension_mode":true,"campfire_choices":[{"data":"Backflip","floor":6,"key":"SMITH"},{"floor":12,"key":"REST"},{"floor":15,"key":"REST"},{"floor":23,"key":"REST"},{"data":"Envenom","floor":30,"key":"SMITH"},{"floor":32,"key":"REST"},{"floor":40,"key":"DIG"},{"floor":42,"key":"DIG"},{"floor":47,"key":"DIG"},{"floor":49,"key":"DIG"}],"neow_cost":"NONE","seed_source_timestamp":371403560716986,"circlet_count":0,"master_deck":["Defend_G","Defend_G","Defend_G","Defend_G","Defend_G+1","Survivor","Neutralize","Impatience","Cloak And Dagger","Backflip+1","Predator","Heel Hook","Venomology","Sucker Punch","Envenom+1","Quick Slash","Unload","Slice","Footwork","Flechettes","Bite","Bite","Bite","Bite","Bite","Caltrops+1","Blur","Skewer","Deflect","Well Laid Plans","Burst","Bane","Dodge and Roll","Caltrops","Acrobatics+1","Decay","Leg Sweep","Pain","Madness","Madness","Shame","Glass Knife","PiercingWail"],"relics":["Ring of the Snake","Ancient Tea Set","Bottled Flame","Calipers","Dodecahedron","Cursed Key","Toy Ornithopter","Blood Vial","Bronze Scales","Meat on the Bone","Tiny House","ClockworkSouvenir","Shovel","StoneCalendar","Paper Crane","Vajra","Lantern","Strawberry","Pantograph"],"potions_floor_usage":[3,8,8,13,14,14,14,16,18,24,24,25,25,25,33,33,33,33,35,39,39,39,41,46,46,48,48,50,50],"damage_taken":[{"damage":0,"enemies":"2 Louse","floor":1,"turns":5},{"damage":1,"enemies":"Jaw Worm","floor":2,"turns":5},{"damage":0,"enemies":"Cultist","floor":3,"turns":3},{"damage":0,"enemies":"Looter","floor":7,"turns":3},{"damage":63,"enemies":"Gremlin Nob","floor":8,"turns":6},{"damage":0,"enemies":"Exordium Wildlife","floor":10,"turns":4},{"damage":1,"enemies":"Large Slime","floor":13,"turns":6},{"damage":22,"enemies":"3 Sentries","floor":14,"turns":13},{"damage":11,"enemies":"Hexaghost","floor":16,"turns":9},{"damage":15,"enemies":"Shell Parasite","floor":18,"turns":6},{"damage":16,"enemies":"Spheric Guardian","floor":21,"turns":5},{"damage":22,"enemies":"Cultist and Chosen","floor":24,"turns":7},{"damage":29,"enemies":"Slavers","floor":25,"turns":7},{"damage":1,"enemies":"Shelled Parasite and Fungi","floor":28,"turns":5},{"damage":34,"enemies":"Book of Stabbing","floor":31,"turns":5},{"damage":39,"enemies":"Champ","floor":33,"turns":11},{"damage":1,"enemies":"Orb Walker","floor":35,"turns":3},{"damage":6,"enemies":"Mind Bloom Boss Battle","floor":37,"turns":7},{"damage":33,"enemies":"3 Darklings","floor":39,"turns":9},{"damage":12,"enemies":"Spire Growth","floor":41,"turns":7},{"damage":15,"enemies":"Writhing Mass","floor":46,"turns":7},{"damage":34,"enemies":"Jaw Worm Horde","floor":48,"turns":7},{"damage":80,"enemies":"Awakened One","floor":50,"turns":7}],"seed_played":"-3150108765309153863","potions_obtained":[{"floor":1,"key":"SteroidPotion"},{"floor":3,"key":"Strength Potion"},{"floor":7,"key":"Regen Potion"},{"floor":10,"key":"AttackPotion"},{"floor":14,"key":"Ancient Potion"},{"floor":25,"key":"PowerPotion"},{"floor":28,"key":"Regen Potion"},{"floor":31,"key":"SkillPotion"},{"floor":33,"key":"EssenceOfSteel"},{"floor":34,"key":"Dexterity Potion"},{"floor":35,"key":"Ancient Potion"},{"floor":39,"key":"Fire Potion"},{"floor":41,"key":"SteroidPotion"}],"is_trial":false,"path_per_floor":["M","M","M","?","T","R","M","E","T","M","$","R","M","?","R","B",null,"M","$","?","M","?","R","M","E","T","$","M","?","R","E","R","B",null,"M","$","?","?","M","R","M","R","T","?","T","M","R","M","R","B"],"character_chosen":"THE_SILENT","items_purchased":["Strength Potion","Toy Ornithopter","Footwork","Strength Potion","ClockworkSouvenir","Caltrops"],"campfire_rested":4,"item_purchase_floors":[11,19,19,27,36,36],"current_hp_per_floor":[63,62,62,67,67,67,67,18,18,18,18,40,39,17,39,28,63,48,48,34,18,18,34,40,40,40,40,49,49,49,27,43,40,57,61,61,61,61,47,47,48,48,48,40,40,43,50,36,36,0],"gold":246,"neow_bonus":"RANDOM_COLORLESS","is_prod":false,"is_daily":false,"chose_seed":false,"campfire_upgraded":2,"win_rate":0,"timestamp":1550101306,"path_taken":["M","M","M","?","?","R","M","E","T","?","$","R","M","?","R","BOSS","M","$","?","M","?","R","M","E","T","$","M","?","R","E","R","BOSS","M","$","?","?","M","R","?","R","T","?","?","M","R","M","R","BOSS"],"build_version":"2019-01-23","purchased_purges":1,"victory":false,"max_hp_per_floor":[70,70,70,75,75,75,75,75,75,75,75,75,75,75,75,75,75,75,75,80,80,56,56,56,56,56,56,56,56,56,56,56,56,61,61,61,61,61,61,61,61,61,61,61,61,61,68,68,68,68],"card_choices":[{"not_picked":["Slice","Poisoned Stab"],"picked":"Cloak And Dagger","floor":1},{"not_picked":["Poisoned Stab","Outmaneuver"],"picked":"Backflip","floor":2},{"not_picked":["Reflex","Calculated Gamble"],"picked":"Predator","floor":3},{"not_picked":["Night Terror","Bane"],"picked":"Heel Hook","floor":7},{"not_picked":["Slice","All Out Attack"],"picked":"Venomology","floor":8},{"not_picked":["Prepared","Predator"],"picked":"Sucker Punch","floor":10},{"not_picked":["Skewer","Quick Slash"],"picked":"Envenom","floor":13},{"not_picked":["Prepared","Bane"],"picked":"Quick Slash","floor":14},{"not_picked":["Wraith Form v2","Venomology"],"picked":"Unload","floor":16},{"not_picked":["Calculated Gamble","Quick Slash"],"picked":"Slice","floor":18},{"not_picked":["All Out Attack","Blade Dance"],"picked":"Flechettes","floor":21},{"not_picked":["Dodge and Roll","Predator"],"picked":"Caltrops+1","floor":24},{"not_picked":["PiercingWail+1","Riddle With Holes"],"picked":"Blur","floor":25},{"not_picked":["Catalyst","Deadly Poison"],"picked":"Skewer","floor":28},{"not_picked":["Prepared","Expertise+1"],"picked":"Well Laid Plans","floor":31},{"not_picked":["Unload","Tools of the Trade"],"picked":"Burst","floor":33},{"not_picked":["Accuracy","All Out Attack"],"picked":"Bane","floor":34},{"not_picked":["Sucker Punch","PiercingWail"],"picked":"Dodge and Roll","floor":35},{"not_picked":["Phantasmal Killer","Cloak And Dagger+1"],"picked":"Acrobatics+1","floor":37},{"not_picked":["Acrobatics+1","Bouncing Flask"],"picked":"Leg Sweep","floor":39},{"not_picked":["Sucker Punch","Flechettes+1","Outmaneuver"],"picked":"SKIP","floor":41},{"not_picked":["Slice","Masterful Stab+1"],"picked":"Glass Knife","floor":46},{"not_picked":["Deflect","Poisoned Stab+1"],"picked":"PiercingWail","floor":48}],"player_experience":466669,"relics_obtained":[{"floor":5,"key":"Ancient Tea Set"},{"floor":8,"key":"Bottled Flame"},{"floor":9,"key":"Calipers"},{"floor":25,"key":"Blood Vial"},{"floor":26,"key":"Bronze Scales"},{"floor":31,"key":"Meat on the Bone"},{"floor":37,"key":"Shovel"},{"floor":40,"key":"StoneCalendar"},{"floor":42,"key":"Paper Crane"},{"floor":43,"key":"Vajra"},{"floor":45,"key":"Lantern"},{"floor":47,"key":"Strawberry"},{"floor":49,"key":"Pantograph"}],"event_choices":[{"damage_healed":0,"gold_gain":0,"player_choice":"Donut","damage_taken":0,"max_hp_gain":5,"max_hp_loss":0,"event_name":"Big Fish","floor":4,"gold_loss":0},{"damage_healed":0,"gold_gain":0,"player_choice":"Searched \u00272\u0027 times","damage_taken":0,"relics_obtained":["Dodecahedron"],"max_hp_gain":0,"max_hp_loss":0,"event_name":"Dead Adventurer","floor":14,"gold_loss":0},{"damage_healed":0,"gold_gain":0,"player_choice":"Shed Blood","damage_taken":19,"max_hp_gain":5,"max_hp_loss":0,"event_name":"Forgotten Altar","floor":20,"gold_loss":0},{"damage_healed":0,"gold_gain":0,"player_choice":"Became a vampire","damage_taken":0,"max_hp_gain":0,"max_hp_loss":24,"event_name":"Vampires","floor":22,"gold_loss":0,"cards_obtained":["Bite","Bite","Bite","Bite","Bite"]},{"damage_healed":0,"gold_gain":0,"player_choice":"Read","damage_taken":0,"max_hp_gain":0,"max_hp_loss":0,"event_name":"The Library","floor":29,"gold_loss":0,"cards_obtained":["Deflect"]},{"damage_healed":0,"gold_gain":0,"player_choice":"Fight","damage_taken":0,"max_hp_gain":0,"max_hp_loss":0,"event_name":"MindBloom","floor":37,"gold_loss":0},{"damage_healed":0,"gold_gain":0,"player_choice":"Cursed","damage_taken":0,"max_hp_gain":0,"max_hp_loss":0,"event_name":"Wheel of Change","floor":38,"gold_loss":0,"cards_obtained":["Decay"]},{"damage_healed":0,"gold_gain":0,"player_choice":"Embrace Madness","damage_taken":8,"max_hp_gain":0,"max_hp_loss":0,"event_name":"Winding Halls","floor":44,"gold_loss":0,"cards_obtained":["Madness","Madness"]}],"is_beta":false,"boss_relics":[{"not_picked":["Velvet Choker","Philosopher\u0027s Stone"],"picked":"Cursed Key"},{"not_picked":["Calling Bell","HoveringKite"],"picked":"Tiny House"}],"items_purged_floors":[27],"is_endless":false,"potions_floor_spawned":[1,3,7,10,14,25,28,31,33,35,39,41],"killed_by":"Awakened One","ascension_level":8}