{"gold_per_floor":[114,114,132,146,164,194,194,215,241,241,241,85,85,111,111,111],"floor_reached":16,"playtime":629,"items_purged":["Pain"],"score":192,"play_id":"d9730f8f-b3d1-434a-afe4-c4b85e2e429e","local_time":"20190202082734","is_ascension_mode":true,"campfire_choices":[{"floor":7,"key":"REST"},{"data":"Body Slam","floor":10,"key":"SMITH"},{"floor":15,"key":"REST"}],"neow_cost":"NONE","seed_source_timestamp":63724183903484,"circlet_count":0,"master_deck":["AscendersBane","Strike_R","Strike_R","Strike_R","Defend_R","Defend_R","Defend_R","Defend_R","Bash","Spot Weakness","Body Slam+1","Headbutt","True Grit","Shrug It Off","Feed","Searing Blow","Heavy Blade"],"relics":["Burning Blood","Juzu Bracelet","Odd Mushroom","WarpedTongs","Oddly Smooth Stone"],"potions_floor_usage":[8,8,16],"damage_taken":[{"damage":3,"enemies":"Small Slimes","floor":1,"turns":4},{"damage":6,"enemies":"Cultist","floor":3,"turns":4},{"damage":7,"enemies":"Jaw Worm","floor":4,"turns":3},{"damage":21,"enemies":"Lots of Slimes","floor":5,"turns":5},{"damage":40,"enemies":"Gremlin Nob","floor":6,"turns":4},{"damage":7,"enemies":"The Mushroom Lair","floor":8,"turns":4},{"damage":38,"enemies":"3 Sentries","floor":14,"turns":9},{"damage":59,"enemies":"Slime Boss","floor":16,"turns":8}],"seed_played":"7745631500474852481","potions_obtained":[{"floor":1,"key":"EssenceOfSteel"},{"floor":4,"key":"Dexterity Potion"},{"floor":6,"key":"Fire Potion"},{"floor":14,"key":"Poison Potion"}],"is_trial":false,"path_per_floor":["M","?","M","M","M","E","R","?","T","R","?","$","?","E","R","B"],"character_chosen":"IRONCLAD","items_purchased":["Searing Blow"],"campfire_rested":2,"item_purchase_floors":[12],"current_hp_per_floor":[83,83,83,82,67,33,59,61,61,61,61,61,54,26,54,0],"gold":111,"neow_bonus":"TEN_PERCENT_HP_BONUS","is_prod":false,"is_daily":false,"chose_seed":false,"campfire_upgraded":1,"win_rate":0,"timestamp":1549088854,"path_taken":["M","?","M","M","M","E","R","?","T","R","?","$","?","E","R","BOSS"],"build_version":"2019-01-23","purchased_purges":1,"victory":false,"max_hp_per_floor":[88,88,88,88,88,88,88,91,91,91,91,91,91,95,95,95],"card_choices":[{"not_picked":["Disarm","Armaments"],"picked":"Spot Weakness","floor":1},{"not_picked":["Pommel Strike","Perfected Strike"],"picked":"Headbutt","floor":3},{"not_picked":["Iron Wave","Clash"],"picked":"True Grit","floor":4},{"not_picked":["Power Through","Sword Boomerang"],"picked":"Shrug It Off","floor":5},{"not_picked":["Thunderclap","Flame Barrier"],"picked":"Feed","floor":6},{"not_picked":["Rampage","Ghostly Armor"],"picked":"Heavy Blade","floor":14}],"player_experience":700019,"relics_obtained":[{"floor":6,"key":"Juzu Bracelet"},{"floor":8,"key":"Odd Mushroom"},{"floor":14,"key":"Oddly Smooth Stone"}],"event_choices":[{"damage_healed":0,"gold_gain":0,"cards_transformed":["Strike_R"],"player_choice":"Transformed","damage_taken":0,"max_hp_gain":0,"max_hp_loss":0,"event_name":"Transmorgrifier","floor":2,"gold_loss":0,"cards_obtained":["Body Slam"]},{"damage_healed":0,"gold_gain":0,"player_choice":"Fought Mushrooms","damage_taken":0,"max_hp_gain":0,"max_hp_loss":0,"event_name":"Mushrooms","floor":8,"gold_loss":0},{"damage_healed":0,"gold_gain":0,"player_choice":"Rummage","damage_taken":0,"relics_obtained":["WarpedTongs"],"max_hp_gain":0,"max_hp_loss":0,"event_name":"Accursed Blacksmith","floor":11,"gold_loss":0,"cards_obtained":["Pain"]},{"cards_removed":["Strike_R"],"damage_healed":0,"gold_gain":0,"player_choice":"Card Removal","damage_taken":7,"max_hp_gain":0,"max_hp_loss":0,"event_name":"Golden Wing","floor":13,"gold_loss":0}],"is_beta":false,"boss_relics":[],"items_purged_floors":[12],"is_endless":false,"potions_floor_spawned":[1,4,6,14],"killed_by":"Slime Boss","ascension_level":11}