{"gold_per_floor":[114,128,128,18,35,68,22,22,94,105,105,119,19,30,30,127,127,142,176,195,195,70,70,96,96,96,113,125,136,136,136,136,235,235,255,266,266,120,85,111,111,128,128,128,128,148,148,195,207,219],"floor_reached":51,"playtime":3523,"items_purged":["Strike_B","Dualcast","Strike_B"],"score":850,"play_id":"7ba6d9f3-8de9-449f-90e9-91c8ce7c2367","local_time":"20181206063339","is_ascension_mode":false,"campfire_choices":[{"data":"Leap","floor":8,"key":"SMITH"},{"data":"Beam Cell","floor":11,"key":"SMITH"},{"data":"Gash","floor":15,"key":"SMITH"},{"data":"Hologram","floor":23,"key":"SMITH"},{"data":"Go for the Eyes","floor":30,"key":"SMITH"},{"floor":32,"key":"REST"},{"floor":41,"key":"REST"},{"data":"Gash","floor":44,"key":"SMITH"},{"data":"Gash","floor":49,"key":"SMITH"}],"neow_cost":"NONE","seed_source_timestamp":0,"circlet_count":0,"master_deck":["Defend_B","Defend_B","Defend_B","Defend_B","Gash+1","Gash+1","Scrape","Beam Cell+1","Leap+1","Hologram+1","Gash+1","Beam Cell","Seek","Stack+1","Chill","Go for the Eyes+1","Gash+1","Scrape","Hologram+1"],"special_seed":0,"relics":["Runic Pyramid","Omamori","Question Card","Empty Cage","Red Mask","Dodecahedron","Pantograph","Lizard Tail","WarpedTongs","Oddly Smooth Stone","Regal Pillow","Shuriken","MawBank","Meat on the Bone"],"potions_floor_usage":[16,16,19,19,19,33,33,33,40,50],"damage_taken":[{"damage":3,"enemies":"2 Louse","floor":1,"turns":2},{"damage":1,"enemies":"Cultist","floor":2,"turns":3},{"damage":0,"enemies":"Small Slimes","floor":5,"turns":3},{"damage":27,"enemies":"Gremlin Nob","floor":6,"turns":4},{"damage":0,"enemies":"2 Fungi Beasts","floor":10,"turns":3},{"damage":3,"enemies":"Exordium Thugs","floor":12,"turns":3},{"damage":0,"enemies":"3 Louse","floor":14,"turns":2},{"damage":0,"enemies":"Hexaghost","floor":16,"turns":7},{"damage":0,"enemies":"Spheric Guardian","floor":18,"turns":3},{"damage":0,"enemies":"Masked Bandits","floor":19,"turns":2},{"damage":0,"enemies":"3 Byrds","floor":20,"turns":4},{"damage":14,"enemies":"Slavers","floor":24,"turns":5},{"damage":14,"enemies":"Snake Plant","floor":27,"turns":3},{"damage":0,"enemies":"Shelled Parasite and Fungi","floor":28,"turns":4},{"damage":0,"enemies":"Centurion and Healer","floor":29,"turns":5},{"damage":7,"enemies":"Collector","floor":33,"turns":9},{"damage":0,"enemies":"Orb Walker","floor":35,"turns":4},{"damage":0,"enemies":"3 Darklings","floor":36,"turns":8},{"damage":2,"enemies":"Nemesis","floor":40,"turns":5},{"damage":0,"enemies":"Transient","floor":42,"turns":5},{"damage":0,"enemies":"Writhing Mass","floor":46,"turns":5},{"damage":0,"enemies":"Giant Head","floor":48,"turns":5},{"damage":0,"enemies":"Awakened One","floor":50,"turns":8}],"seed_played":"-4239302720345126414","potions_obtained":[{"floor":5,"key":"Explosive Potion"},{"floor":6,"key":"Weak Potion"},{"floor":14,"key":"EssenceOfSteel"},{"floor":16,"key":"LiquidBronze"},{"floor":18,"key":"SteroidPotion"},{"floor":24,"key":"EntropicBrew"},{"floor":28,"key":"Dexterity Potion"},{"floor":42,"key":"Energy Potion"},{"floor":46,"key":"Dexterity Potion"}],"is_trial":false,"path_per_floor":["M","M","?","$","M","E","$","R","T","M","R","M","$","M","R","B",null,"M","?","M","?","$","R","E","?","T","M","M","M","R","?","R","B",null,"M","M","?","$","$","E","R","M","T","R","?","M","T","E","R","B",null],"character_chosen":"DEFECT","items_purchased":["Scrape","Hologram","Oddly Smooth Stone","Scrape"],"campfire_rested":2,"item_purchase_floors":[4,7,38,39],"current_hp_per_floor":[72,71,71,71,71,44,44,44,44,44,44,41,41,41,41,41,75,75,75,75,75,75,75,61,61,61,47,47,47,47,47,69,68,75,75,75,75,75,75,73,75,75,75,75,75,75,75,75,75,75],"gold":231,"neow_bonus":"BOSS_RELIC","is_prod":false,"is_daily":false,"chose_seed":false,"campfire_upgraded":7,"win_rate":0,"timestamp":1544096019,"path_taken":["M","M","?","$","M","E","?","R","T","M","R","M","$","?","R","BOSS","M","?","M","?","$","R","E","?","T","M","M","?","R","?","R","BOSS","M","M","?","?","$","E","R","?","T","R","?","?","?","E","R","BOSS"],"build_version":"2018-11-15","purchased_purges":3,"victory":true,"max_hp_per_floor":[75,75,75,75,75,75,75,75,75,75,75,75,75,75,75,75,75,75,75,75,75,75,75,75,75,75,75,75,75,75,75,75,75,75,75,75,75,75,75,75,75,75,75,75,75,75,75,75,75,75],"card_choices":[{"not_picked":["Ball Lightning","Beam Cell"],"picked":"Gash","floor":1},{"not_picked":["Reprogram","Ball Lightning"],"picked":"Gash","floor":2},{"not_picked":["Melter","Turbo"],"picked":"Beam Cell","floor":5},{"not_picked":["Conserve Battery","Doom and Gloom"],"picked":"Leap","floor":6},{"not_picked":["Tempest","Glacier","Ball Lightning"],"picked":"Gash","floor":10},{"not_picked":["Chaos","Consume","Coolheaded","White Noise"],"picked":"SKIP","floor":12},{"not_picked":["Consume","Barrage","Hologram"],"picked":"Beam Cell","floor":14},{"not_picked":["Amplify","Thunder Strike","Rainbow"],"picked":"Seek","floor":16},{"not_picked":["Steam","Leap","White Noise+1"],"picked":"Stack+1","floor":18},{"not_picked":["Steam Power","Beam Cell","Reinforced Body+1"],"picked":"Chill","floor":19},{"not_picked":["Redo","Stack","Coolheaded+1","Ball Lightning+1"],"picked":"SKIP","floor":20},{"not_picked":["Auto Shields","Barrage","Sweeping Beam","Genetic Algorithm"],"picked":"SKIP","floor":24},{"not_picked":["Defragment","Machine Learning","Cold Snap","Scrape"],"picked":"SKIP","floor":27},{"not_picked":["Leap","Self Repair","Coolheaded","Stack+1"],"picked":"SKIP","floor":28},{"not_picked":["Leap","Self Repair","Coolheaded","Stack+1"],"picked":"SKIP","floor":28},{"not_picked":["Barrage","Thunder Strike","Ball Lightning+1"],"picked":"Go for the Eyes","floor":29},{"not_picked":["Turbo+1","Chaos+1","Steam","Compile Driver+1"],"picked":"SKIP","floor":35},{"not_picked":["Reinforced Body","Conserve Battery","Compile Driver+1"],"picked":"Gash","floor":36},{"not_picked":["Fission","Barrage","Core Surge"],"picked":"Hologram+1","floor":40},{"not_picked":["Undo+1","Barrage+1","Fusion+1","Stack"],"picked":"SKIP","floor":42},{"not_picked":["Redo+1","Reprogram+1","Cold Snap","Sweeping Beam+1"],"picked":"SKIP","floor":46},{"not_picked":["Beam Cell","Seek","Leap","Self Repair+1"],"picked":"SKIP","floor":48}],"player_experience":473009,"relics_obtained":[{"floor":6,"key":"Omamori"},{"floor":9,"key":"Question Card"},{"floor":19,"key":"Red Mask"},{"floor":24,"key":"Dodecahedron"},{"floor":26,"key":"Pantograph"},{"floor":40,"key":"Regal Pillow"},{"floor":43,"key":"Shuriken"},{"floor":47,"key":"MawBank"},{"floor":48,"key":"Meat on the Bone"}],"event_choices":[{"damage_healed":0,"gold_gain":0,"player_choice":"Upgraded","damage_taken":0,"max_hp_gain":0,"max_hp_loss":0,"event_name":"Upgrade Shrine","floor":3,"gold_loss":0,"cards_upgraded":["Gash"]},{"damage_healed":0,"gold_gain":0,"player_choice":"Fought Bandits","damage_taken":0,"max_hp_gain":0,"max_hp_loss":0,"event_name":"Masked Bandits","floor":19,"gold_loss":0},{"damage_healed":0,"gold_gain":0,"player_choice":"Ignored","damage_taken":0,"max_hp_gain":0,"max_hp_loss":0,"event_name":"Cursed Tome","floor":21,"gold_loss":0},{"cards_removed":["Strike_B"],"damage_healed":0,"gold_gain":0,"player_choice":"Elegance","damage_taken":0,"max_hp_gain":0,"max_hp_loss":0,"event_name":"Back to Basics","floor":25,"gold_loss":0},{"damage_healed":0,"gold_gain":0,"player_choice":"Ignored","damage_taken":0,"max_hp_gain":0,"max_hp_loss":0,"event_name":"Vampires","floor":31,"gold_loss":0},{"damage_healed":0,"gold_gain":0,"player_choice":"Rummage","damage_taken":0,"relics_obtained":["WarpedTongs"],"max_hp_gain":0,"max_hp_loss":0,"event_name":"Accursed Blacksmith","floor":37,"gold_loss":0,"cards_obtained":["Pain"]},{"damage_healed":0,"gold_gain":0,"player_choice":"Leave","damage_taken":0,"max_hp_gain":0,"max_hp_loss":0,"event_name":"FaceTrader","floor":45,"gold_loss":0}],"is_beta":false,"boss_relics":[{"not_picked":["Orrery","Black Star"],"picked":"Empty Cage"},{"not_picked":["Snecko Eye","Runic Dome"],"picked":"Lizard Tail"}],"items_purged_floors":[4,13,22],"is_endless":false,"potions_floor_spawned":[5,6,14,16,18,24,28,42,46],"ascension_level":0}