{"gold_per_floor":[14,33,51,63,9,41,63,88,111,146,146,128,128,145,145,241,241,256,272,187,42,42,67,67,87,87,120,120],"floor_reached":28,"playtime":2557,"items_purged":[],"score":331,"play_id":"252ab8f9-3002-4315-b3f7-ec12f7ffa357","local_time":"20190127204025","is_ascension_mode":true,"campfire_choices":[{"data":"Limit Break","floor":11,"key":"SMITH"},{"floor":15,"key":"REST"},{"floor":24,"key":"REST"}],"neow_cost":"NO_GOLD","seed_source_timestamp":23623891898667,"circlet_count":0,"master_deck":["Strike_R","Strike_R","Strike_R","Defend_R","Defend_R","Defend_R","Defend_R","Bash","Limit Break+1","Power Through","Clothesline+1","Clothesline","Spot Weakness","Headbutt","Shrug It Off","Pommel Strike","Headbutt","Shrug It Off","Seeing Red","Feed","Double Tap","Metallicize","Shrug It Off","Panacea","Feed"],"special_seed":0,"relics":["Burning Blood","Happy Flower","Odd Mushroom","Pen Nib","Strawberry","Runic Cube","Nunchaku","PreservedInsect","Pear","Ornamental Fan","Self Forming Clay"],"potions_floor_usage":[4,7,10,16,23,23],"damage_taken":[{"damage":18,"enemies":"Jaw Worm","floor":1,"turns":5},{"damage":4,"enemies":"Small Slimes","floor":2,"turns":4},{"damage":0,"enemies":"Cultist","floor":3,"turns":4},{"damage":6,"enemies":"Looter","floor":4,"turns":4},{"damage":31,"enemies":"Gremlin Nob","floor":6,"turns":6},{"damage":14,"enemies":"The Mushroom Lair","floor":7,"turns":4},{"damage":21,"enemies":"Lagavulin","floor":8,"turns":6},{"damage":8,"enemies":"3 Sentries","floor":10,"turns":9},{"damage":3,"enemies":"Exordium Thugs","floor":12,"turns":4},{"damage":4,"enemies":"Blue Slaver","floor":14,"turns":3},{"damage":23,"enemies":"The Guardian","floor":16,"turns":12},{"damage":4,"enemies":"Chosen","floor":18,"turns":5},{"damage":12,"enemies":"Shell Parasite","floor":19,"turns":3},{"damage":15,"enemies":"Slavers","floor":23,"turns":9},{"damage":20,"enemies":"Snecko","floor":25,"turns":7},{"damage":83,"enemies":"Gremlin Leader","floor":27,"turns":10},{"damage":28,"enemies":"Shelled Parasite and Fungi","floor":28,"turns":3}],"seed_played":"-8950697106848271563","potions_obtained":[{"floor":2,"key":"Strength Potion"},{"floor":4,"key":"Explosive Potion"},{"floor":8,"key":"SkillPotion"},{"floor":14,"key":"Swift Potion"},{"floor":18,"key":"SkillPotion"},{"floor":19,"key":"PowerPotion"}],"is_trial":false,"path_per_floor":["M","M","M","M","$","E","?","E","T","E","R","M","?","M","R","B",null,"M","M","?","$","?","E","R","M","T","E","M"],"character_chosen":"IRONCLAD","items_purchased":["Headbutt","PreservedInsect"],"campfire_rested":2,"item_purchase_floors":[5,21],"current_hp_per_floor":[68,70,76,76,76,51,43,28,28,33,33,36,36,38,64,47,87,90,84,84,84,66,70,100,89,89,15,0],"gold":120,"neow_bonus":"TRANSFORM_TWO_CARDS","is_prod":false,"is_daily":false,"chose_seed":false,"campfire_upgraded":1,"win_rate":0,"timestamp":1548621625,"path_taken":["M","M","M","M","$","E","?","E","T","E","R","M","?","M","R","BOSS","M","M","?","$","?","E","R","M","T","E","?"],"build_version":"2019-01-23","purchased_purges":0,"victory":false,"max_hp_per_floor":[80,80,80,80,80,80,80,80,80,87,87,87,87,87,87,87,87,90,90,90,90,90,103,103,106,106,109,109],"card_choices":[{"not_picked":["Heavy Blade","Whirlwind"],"picked":"Clothesline","floor":1},{"not_picked":["Perfected Strike","Anger"],"picked":"Clothesline","floor":2},{"not_picked":["Entrench","Wild Strike","Armaments"],"picked":"SKIP","floor":3},{"not_picked":["Dropkick","Anger"],"picked":"Spot Weakness","floor":4},{"not_picked":["Immolate","Sentinel"],"picked":"Shrug It Off","floor":6},{"not_picked":["Body Slam","Thunderclap"],"picked":"Pommel Strike","floor":7},{"not_picked":["Pommel Strike","Uppercut"],"picked":"Headbutt","floor":8},{"not_picked":["Pummel","Clothesline"],"picked":"Shrug It Off","floor":10},{"not_picked":["Twin Strike","Corruption"],"picked":"Seeing Red","floor":12},{"not_picked":["Shrug It Off","Cleave"],"picked":"Feed","floor":14},{"not_picked":["Barricade","Reaper"],"picked":"Double Tap","floor":16},{"not_picked":["Power Through","True Grit"],"picked":"Metallicize","floor":18},{"not_picked":["Second Wind","Clash+1"],"picked":"Shrug It Off","floor":19},{"not_picked":["Disarm","Headbutt"],"picked":"Feed","floor":23},{"not_picked":["Bloodletting+1","Wild Strike","Dropkick"],"picked":"SKIP","floor":25},{"not_picked":["Sever Soul","Brutality","Heavy Blade"],"picked":"SKIP","floor":27}],"player_experience":144442,"relics_obtained":[{"floor":6,"key":"Happy Flower"},{"floor":7,"key":"Odd Mushroom"},{"floor":8,"key":"Pen Nib"},{"floor":10,"key":"Strawberry"},{"floor":23,"key":"Pear"},{"floor":26,"key":"Ornamental Fan"},{"floor":27,"key":"Self Forming Clay"}],"event_choices":[{"damage_healed":0,"gold_gain":0,"player_choice":"Fought Mushrooms","damage_taken":0,"max_hp_gain":0,"max_hp_loss":0,"event_name":"Mushrooms","floor":7,"gold_loss":0},{"damage_healed":0,"gold_gain":0,"player_choice":"Upgraded","damage_taken":0,"max_hp_gain":0,"max_hp_loss":0,"event_name":"Upgrade Shrine","floor":13,"gold_loss":0,"cards_upgraded":["Clothesline"]},{"damage_healed":0,"gold_gain":0,"player_choice":"Obtained Relic","damage_taken":0,"relics_obtained":["Nunchaku"],"max_hp_gain":0,"max_hp_loss":0,"event_name":"Addict","floor":20,"gold_loss":85},{"damage_healed":0,"gold_gain":0,"player_choice":"CARD ","damage_taken":18,"max_hp_gain":0,"max_hp_loss":0,"event_name":"Knowing Skull","floor":22,"potions_obtained":[],"gold_loss":0,"cards_obtained":["Panacea"]},{"damage_healed":0,"gold_gain":0,"player_choice":"CARD ","damage_taken":18,"max_hp_gain":0,"max_hp_loss":0,"event_name":"Knowing Skull","floor":22,"potions_obtained":[],"gold_loss":0,"cards_obtained":["Panacea"]}],"is_beta":false,"boss_relics":[{"not_picked":["Runic Pyramid","Empty Cage"],"picked":"Runic Cube"}],"items_purged_floors":[],"is_endless":false,"potions_floor_spawned":[2,4,8,14,18,19],"killed_by":"Shelled Parasite and Fungi","ascension_level":2}