{"gold_per_floor":[111,135,135,147,165,200,215,240,263,274,274,303,319,351,351,455,455,470,485,11,111,111,111,138,156,156,156,156,191,205,220,220,315,315,331,1330,1330,270,270,270,287,320,345,355,32,32,45,45,45,45],"floor_reached":50,"playtime":3716,"items_purged":["Strike_R","Normality","Normality"],"score":686,"play_id":"8924149d-44b7-411c-8a27-d6275fa9ea2a","local_time":"20190220224852","is_ascension_mode":true,"campfire_choices":[{"floor":11,"key":"REST"},{"floor":15,"key":"REST"},{"floor":23,"key":"REST"},{"floor":27,"key":"REST"},{"floor":32,"key":"REST"},{"data":"Immolate","floor":40,"key":"SMITH"},{"floor":46,"key":"REST"},{"floor":49,"key":"REST"}],"neow_cost":"NONE","seed_source_timestamp":11579582271796,"circlet_count":0,"master_deck":["Strike_R","Strike_R","Strike_R","Strike_R+1","Defend_R","Defend_R","Defend_R+1","Defend_R","Bash","Cleave","Thunderclap","Pommel Strike","Disarm+1","Iron Wave","Battle Trance","Immolate+1","Infernal Blade","Juggernaut+1","Shrug It Off","Transmutation","Flex+1","Decay","Warcry+1","Armaments","Clothesline+1","Impervious","The Bomb+1","Limit Break+1","Shrug It Off+1"],"relics":["Burning Blood","NeowsBlessing","Potion Belt","CultistMask","Bronze Scales","Odd Mushroom","Ancient Tea Set","Frozen Egg 2","Ornamental Fan","Busted Crown","Vajra","Unceasing Top","Matryoshka","Regal Pillow","Juzu Bracelet","Centennial Puzzle","Nilry\u0027s Codex","WingedGreaves","Mark of Pain","Oddly Smooth Stone","Toxic Egg 2","Thread and Needle","Whetstone","War Paint","Anchor","ClockworkSouvenir"],"potions_floor_usage":[14,14,16,16,25,29,29,33,42,44,44,44,50,50,50],"damage_taken":[{"damage":0,"enemies":"Cultist","floor":1,"turns":1},{"damage":0,"enemies":"2 Louse","floor":4,"turns":1},{"damage":0,"enemies":"Jaw Worm","floor":5,"turns":1},{"damage":36,"enemies":"Lagavulin","floor":6,"turns":6},{"damage":15,"enemies":"Blue Slaver","floor":7,"turns":4},{"damage":23,"enemies":"The Mushroom Lair","floor":8,"turns":3},{"damage":11,"enemies":"Looter","floor":10,"turns":4},{"damage":9,"enemies":"3 Sentries","floor":12,"turns":5},{"damage":7,"enemies":"2 Fungi Beasts","floor":13,"turns":2},{"damage":17,"enemies":"Lagavulin","floor":14,"turns":7},{"damage":30,"enemies":"The Guardian","floor":16,"turns":13},{"damage":19,"enemies":"Spheric Guardian","floor":18,"turns":4},{"damage":14,"enemies":"2 Thieves","floor":19,"turns":3},{"damage":23,"enemies":"Colosseum Slavers","floor":21,"turns":4},{"damage":8,"enemies":"Colosseum Nobs","floor":21,"turns":4},{"damage":26,"enemies":"Gremlin Leader","floor":24,"turns":5},{"damage":17,"enemies":"Snake Plant","floor":25,"turns":4},{"damage":22,"enemies":"Slavers","floor":29,"turns":3},{"damage":3,"enemies":"Centurion and Healer","floor":30,"turns":4},{"damage":31,"enemies":"Sentry and Sphere","floor":31,"turns":5},{"damage":48,"enemies":"Collector","floor":33,"turns":9},{"damage":21,"enemies":"3 Darklings","floor":35,"turns":3},{"damage":4,"enemies":"Orb Walker","floor":41,"turns":3},{"damage":58,"enemies":"Giant Head","floor":42,"turns":9},{"damage":14,"enemies":"Jaw Worm Horde","floor":44,"turns":3},{"damage":3,"enemies":"3 Darklings","floor":47,"turns":2},{"damage":98,"enemies":"Donu and Deca","floor":50,"turns":8}],"seed_played":"-5063122478755693195","potions_obtained":[{"floor":4,"key":"Strength Potion"},{"floor":5,"key":"Energy Potion"},{"floor":7,"key":"Dexterity Potion"},{"floor":10,"key":"SpeedPotion"},{"floor":12,"key":"EssenceOfSteel"},{"floor":24,"key":"LiquidBronze"},{"floor":25,"key":"Regen Potion"},{"floor":30,"key":"PowerPotion"},{"floor":33,"key":"Explosive Potion"},{"floor":48,"key":"Fire Potion"},{"floor":48,"key":"Weak Potion"},{"floor":48,"key":"Block Potion"}],"is_trial":false,"path_per_floor":["M","T","?","M","M","E","M","?","T","M","R","E","M","E","R","B",null,"M","M","$","?","?","R","E","M","T","R","?","E","M","M","R","B",null,"M","?","T","$","?","R","M","E","T","M","$","R","M","?","R","B"],"character_chosen":"IRONCLAD","items_purchased":["Vajra","Shrug It Off","Transmutation","Thread and Needle","Whetstone","The Bomb+1","Limit Break+1","Explosive Potion","Poison Potion","BloodPotion","ClockworkSouvenir"],"campfire_rested":7,"item_purchase_floors":[20,20,20,38,38,38,38,38,38,38,45],"current_hp_per_floor":[80,80,80,80,80,50,41,24,24,19,43,40,39,28,52,28,80,67,59,59,40,40,64,44,33,33,72,56,52,55,30,69,27,80,65,65,65,65,65,65,67,23,23,15,15,54,57,57,80,0],"gold":45,"neow_bonus":"THREE_ENEMY_KILL","is_prod":false,"is_daily":false,"chose_seed":false,"campfire_upgraded":1,"win_rate":0,"timestamp":1550702932,"path_taken":["M","?","?","M","?","E","M","?","T","M","R","E","M","E","R","BOSS","M","M","$","?","?","R","E","M","T","R","?","E","M","M","R","BOSS","M","?","?","$","?","R","M","E","T","M","$","R","M","?","R","BOSS"],"build_version":"2019-01-23","purchased_purges":3,"victory":false,"max_hp_per_floor":[80,80,80,80,80,80,80,80,80,80,80,80,80,80,80,80,80,80,80,80,80,80,80,80,80,80,80,80,80,80,80,80,80,80,80,80,80,80,80,80,80,80,80,80,80,80,80,80,80,80],"card_choices":[{"not_picked":["Fire Breathing","Corruption"],"picked":"Cleave","floor":1},{"not_picked":["Rage","Second Wind"],"picked":"Thunderclap","floor":4},{"not_picked":["Rage","Thunderclap"],"picked":"Pommel Strike","floor":5},{"not_picked":["Warcry","Headbutt"],"picked":"Disarm","floor":6},{"not_picked":["Body Slam","Searing Blow"],"picked":"Iron Wave","floor":7},{"not_picked":["Havoc","Pommel Strike"],"picked":"Battle Trance","floor":8},{"not_picked":["Sentinel","Searing Blow","Warcry"],"picked":"SKIP","floor":10},{"not_picked":["Pummel","Wild Strike","Thunderclap"],"picked":"SKIP","floor":12},{"not_picked":["Heavy Blade","Cleave"],"picked":"Immolate","floor":13},{"not_picked":["Anger","Havoc"],"picked":"Infernal Blade","floor":14},{"not_picked":["Offering","Immolate"],"picked":"Juggernaut+1","floor":16},{"not_picked":["Heavy Blade"],"picked":"SKIP","floor":18},{"not_picked":["Wild Strike"],"picked":"SKIP","floor":19},{"not_picked":[],"picked":"Flex","floor":21},{"not_picked":["Bloodletting"],"picked":"SKIP","floor":24},{"not_picked":[],"picked":"Warcry+1","floor":25},{"not_picked":[],"picked":"Armaments","floor":29},{"not_picked":[],"picked":"Clothesline","floor":30},{"not_picked":["Havoc"],"picked":"SKIP","floor":31},{"not_picked":[],"picked":"Impervious","floor":33},{"not_picked":["Clash+1"],"picked":"SKIP","floor":35},{"not_picked":[],"picked":"Shrug It Off+1","floor":41},{"not_picked":["Flame Barrier+1"],"picked":"SKIP","floor":42},{"not_picked":["Blood for Blood"],"picked":"SKIP","floor":44},{"not_picked":["Heavy Blade+1"],"picked":"SKIP","floor":47}],"player_experience":153135,"relics_obtained":[{"floor":2,"key":"Potion Belt"},{"floor":6,"key":"Bronze Scales"},{"floor":8,"key":"Odd Mushroom"},{"floor":9,"key":"Ancient Tea Set"},{"floor":12,"key":"Frozen Egg 2"},{"floor":14,"key":"Ornamental Fan"},{"floor":21,"key":"Unceasing Top"},{"floor":21,"key":"Matryoshka"},{"floor":24,"key":"Regal Pillow"},{"floor":26,"key":"Juzu Bracelet"},{"floor":26,"key":"Centennial Puzzle"},{"floor":28,"key":"Nilry\u0027s Codex"},{"floor":29,"key":"WingedGreaves"},{"floor":37,"key":"Oddly Smooth Stone"},{"floor":37,"key":"Toxic Egg 2"},{"floor":42,"key":"War Paint"},{"floor":43,"key":"Anchor"}],"event_choices":[{"damage_healed":0,"gold_gain":0,"player_choice":"Trade","damage_taken":0,"relics_obtained":["CultistMask"],"max_hp_gain":0,"max_hp_loss":0,"event_name":"FaceTrader","floor":3,"gold_loss":0},{"damage_healed":0,"gold_gain":0,"player_choice":"Fought Mushrooms","damage_taken":0,"max_hp_gain":0,"max_hp_loss":0,"event_name":"Mushrooms","floor":8,"gold_loss":0},{"damage_healed":0,"gold_gain":0,"player_choice":"Fight","damage_taken":0,"max_hp_gain":0,"max_hp_loss":0,"event_name":"Colosseum","floor":21,"gold_loss":0},{"damage_healed":0,"gold_gain":0,"player_choice":"Fought Nobs","damage_taken":0,"max_hp_gain":0,"max_hp_loss":0,"event_name":"Colosseum","floor":21,"gold_loss":0},{"damage_healed":0,"gold_gain":0,"player_choice":"Smashed Altar","damage_taken":0,"max_hp_gain":0,"max_hp_loss":0,"event_name":"Forgotten Altar","floor":22,"gold_loss":0,"cards_obtained":["Decay"]},{"damage_healed":0,"gold_gain":0,"player_choice":"Obtained Book","damage_taken":16,"max_hp_gain":0,"max_hp_loss":0,"event_name":"Cursed Tome","floor":28,"gold_loss":0},{"damage_healed":0,"gold_gain":999,"player_choice":"Gold","damage_taken":0,"max_hp_gain":0,"max_hp_loss":0,"event_name":"MindBloom","floor":36,"gold_loss":0,"cards_obtained":["Normality","Normality"]},{"damage_healed":0,"gold_gain":0,"player_choice":"Upgraded","damage_taken":0,"max_hp_gain":0,"max_hp_loss":0,"event_name":"Upgrade Shrine","floor":39,"gold_loss":0,"cards_upgraded":["Disarm"]},{"damage_healed":0,"gold_gain":0,"player_choice":"Got Potions","damage_taken":0,"max_hp_gain":0,"max_hp_loss":0,"event_name":"Lab","floor":48,"gold_loss":0}],"is_beta":false,"boss_relics":[{"not_picked":["Empty Cage","Tiny House"],"picked":"Busted Crown"},{"not_picked":["Astrolabe","Runic Pyramid"],"picked":"Mark of Pain"}],"items_purged_floors":[20,38,45],"is_endless":false,"potions_floor_spawned":[4,5,7,10,12,21,24,25,30,33],"killed_by":"Donu and Deca","ascension_level":2}