{"gold_per_floor":[118,118,39,39,64,102,102,140,140,154,154,170,245,260,260,384,384,407,428,428,159,202,216,19,19,67,91,91,104,104,104,104,104],"floor_reached":33,"playtime":1822,"items_purged":[],"score":268,"play_id":"a890587d-53c3-4cea-a1ea-1cf1fe6056b1","local_time":"20181219024402","is_ascension_mode":true,"campfire_choices":[{"floor":7,"key":"REST"},{"floor":15,"key":"REST"},{"floor":25,"key":"REST"},{"data":"Night Terror","floor":28,"key":"SMITH"},{"floor":32,"key":"REST"}],"neow_cost":"NONE","seed_source_timestamp":460316436673455,"circlet_count":0,"master_deck":["Defend_G","Defend_G","Defend_G","Defend_G+1","Strike_G","Strike_G","Strike_G","Strike_G","Survivor","Neutralize","Dagger Spray","Caltrops+1","Dagger Spray","Backflip","Slice","PiercingWail","All Out Attack","Flechettes","Burst","Finisher+1","Backstab","Chrysalis","Predator","Blade Dance+1","Night Terror+1","RitualDagger"],"relics":["Empty Cage","Golden Idol","Meat on the Bone","Darkstone Periapt","Orichalcum","Paper Crane","Sozu","Red Mask","OrangePellets","Bag of Marbles"],"potions_floor_usage":[18,18],"damage_taken":[{"damage":1,"enemies":"Jaw Worm","floor":1,"turns":6},{"damage":6,"enemies":"2 Louse","floor":5,"turns":3},{"damage":34,"enemies":"Gremlin Nob","floor":6,"turns":6},{"damage":21,"enemies":"3 Sentries","floor":8,"turns":6},{"damage":0,"enemies":"Small Slimes","floor":10,"turns":3},{"damage":0,"enemies":"2 Fungi Beasts","floor":12,"turns":3},{"damage":0,"enemies":"Exordium Wildlife","floor":14,"turns":3},{"damage":15,"enemies":"Slime Boss","floor":16,"turns":10},{"damage":8,"enemies":"Shell Parasite","floor":18,"turns":7},{"damage":4,"enemies":"Chosen","floor":19,"turns":4},{"damage":20,"enemies":"Masked Bandits","floor":22,"turns":3},{"damage":16,"enemies":"Centurion and Healer","floor":23,"turns":5},{"damage":21,"enemies":"Snake Plant","floor":27,"turns":4},{"damage":0,"enemies":"Cultist and Chosen","floor":29,"turns":2},{"damage":62,"enemies":"Collector","floor":33,"turns":5}],"seed_played":"-2567649458800256785","potions_obtained":[{"floor":8,"key":"Ancient Potion"},{"floor":16,"key":"Fruit Juice"}],"is_trial":false,"path_per_floor":["M","?","$","?","M","E","R","E","T","M","?","M","?","M","R","B",null,"M","M","?","$","?","M","$","R","T","M","R","M","$","?","R","B"],"character_chosen":"THE_SILENT","items_purchased":["Caltrops","Chrysalis","Predator","OrangePellets"],"campfire_rested":4,"item_purchase_floors":[3,21,21,24],"current_hp_per_floor":[69,52,52,45,39,17,38,29,29,41,27,39,28,40,61,46,70,67,63,63,63,43,39,39,61,61,40,40,40,40,34,56,0],"gold":104,"neow_bonus":"BOSS_RELIC","is_prod":false,"is_daily":false,"chose_seed":false,"campfire_upgraded":1,"win_rate":0,"timestamp":1545200042,"path_taken":["M","?","$","?","M","E","R","E","T","?","?","M","?","M","R","BOSS","M","M","?","$","?","M","$","R","T","M","R","M","$","?","R","BOSS"],"build_version":"2018-12-17","purchased_purges":0,"victory":false,"max_hp_per_floor":[70,70,70,70,70,70,70,70,70,70,70,70,70,70,70,70,70,75,75,75,75,75,75,75,75,75,75,75,75,75,75,75,75],"card_choices":[{"not_picked":["Cloak And Dagger","Poisoned Stab"],"picked":"Dagger Spray","floor":1},{"not_picked":["Skewer","Finisher"],"picked":"Dagger Spray","floor":5},{"not_picked":["Dagger Spray","Catalyst"],"picked":"Backflip","floor":6},{"not_picked":["Crippling Poison","Poisoned Stab"],"picked":"Slice","floor":8},{"not_picked":["Cloak And Dagger","Calculated Gamble"],"picked":"PiercingWail","floor":10},{"not_picked":["Prepared","Dodge and Roll"],"picked":"All Out Attack","floor":12},{"not_picked":["Noxious Fumes","Sucker Punch"],"picked":"Flechettes","floor":14},{"not_picked":["Unload","Venomology"],"picked":"Burst","floor":16},{"not_picked":["Tactician","Cloak And Dagger"],"picked":"Finisher+1","floor":18},{"not_picked":["Noxious Fumes","Caltrops"],"picked":"Backstab","floor":19},{"not_picked":["Flying Knee+1","Sucker Punch"],"picked":"Blade Dance+1","floor":22},{"not_picked":["Eviscerate+1","Deflect","Concentrate+1"],"picked":"SKIP","floor":23},{"not_picked":["Underhanded Strike","Deadly Poison"],"picked":"Night Terror","floor":27},{"not_picked":["Bouncing Flask+1","Bane","Tactician"],"picked":"SKIP","floor":29}],"player_experience":513825,"relics_obtained":[{"floor":6,"key":"Darkstone Periapt"},{"floor":8,"key":"Orichalcum"},{"floor":9,"key":"Paper Crane"},{"floor":22,"key":"Red Mask"},{"floor":26,"key":"Bag of Marbles"}],"event_choices":[{"damage_healed":0,"gold_gain":0,"player_choice":"Take Damage","damage_taken":17,"relics_obtained":["Golden Idol"],"max_hp_gain":0,"max_hp_loss":0,"event_name":"Golden Idol","floor":2,"gold_loss":0},{"damage_healed":0,"gold_gain":0,"player_choice":"Success","damage_taken":7,"relics_obtained":["Meat on the Bone"],"max_hp_gain":0,"max_hp_loss":0,"event_name":"Scrap Ooze","floor":4,"gold_loss":0},{"damage_healed":0,"gold_gain":0,"player_choice":"Entered Light","damage_taken":14,"max_hp_gain":0,"max_hp_loss":0,"event_name":"Shining Light","floor":11,"gold_loss":0,"cards_upgraded":["Defend_G","Caltrops"]},{"damage_healed":0,"gold_gain":75,"player_choice":"Gather Gold","damage_taken":11,"max_hp_gain":0,"max_hp_loss":0,"event_name":"World of Goop","floor":13,"gold_loss":0},{"damage_healed":0,"gold_gain":0,"player_choice":"Ignored","damage_taken":0,"max_hp_gain":0,"max_hp_loss":0,"event_name":"Vampires","floor":20,"gold_loss":0},{"damage_healed":0,"gold_gain":0,"player_choice":"Fought Bandits","damage_taken":0,"max_hp_gain":0,"max_hp_loss":0,"event_name":"Masked Bandits","floor":22,"gold_loss":0},{"damage_healed":0,"gold_gain":0,"player_choice":"Joined the Cult","damage_taken":6,"max_hp_gain":0,"max_hp_loss":0,"event_name":"Nest","floor":31,"gold_loss":0,"cards_obtained":["RitualDagger"]}],"is_beta":true,"boss_relics":[{"not_picked":["Eternal Feather","White Beast Statue"],"picked":"Sozu"}],"items_purged_floors":[],"is_endless":false,"potions_floor_spawned":[8,16,18,19,23],"killed_by":"Collector","ascension_level":1}