{"path_per_floor":["M","M","$","?","M","R","M","R","T","R","M","M","?","M","R","B",null,"M","?","$","?","M","$","R","M","T","M","$","R","E","?","R"],"character_chosen":"THE_SILENT","items_purchased":["Caltrops","Die Die Die"],"gold_per_floor":[117,133,93,93,107,107,119,119,119,119,138,148,148,162,162,258,258,273,173,173,98,117,42,42,60,60,79,2,2,29,29,29],"floor_reached":33,"campfire_rested":4,"playtime":2878,"current_hp_per_floor":[70,69,69,69,67,67,47,68,68,68,68,68,68,68,68,57,70,64,64,64,64,41,41,62,44,44,14,14,35,35,35,70],"items_purged":["Clumsy"],"gold":29,"score":282,"play_id":"68ba2794-d451-45f7-93c8-1d0ba1c809b0","local_time":"20180305052146","is_prod":false,"is_daily":false,"is_ascension_mode":false,"campfire_upgraded":3,"timestamp":1520239906,"path_taken":["M","M","$","?","M","R","M","R","T","R","?","M","?","?","R","BOSS","M","?","$","?","M","$","R","?","T","M","$","R","E","?","R","BOSS"],"build_version":"2018-03-01-PROD1","purchased_purges":1,"victory":false,"master_deck":["Defend_G","Defend_G","Defend_G","Defend_G","Strike_G","Strike_G","Strike_G","Strike_G","Strike_G","Survivor","Neutralize","Deadly Poison","Acrobatics","Caltrops","Escape Plan","Trip+1","Caltrops","PiercingWail+1","Dagger Spray","Glass Knife+1","Burst","Parasite","Distraction","Skewer","Deflect+1","Die Die Die","A Thousand Cuts","Purity","Endless Agony"],"max_hp_per_floor":[70,70,70,70,70,70,70,70,70,70,70,70,70,70,70,70,70,70,70,70,70,70,70,70,70,70,70,70,70,70,70,70],"relics":["White Beast Statue","Thread and Needle","Calling Bell","Orichalcum","Art of War","Dream Catcher","Matryoshka","Regal Pillow"],"card_choices":[{"not_picked":["Outmaneuver","Distraction"],"picked":"Deadly Poison"},{"not_picked":["Leg Sweep","Underhanded Strike"],"picked":"Acrobatics"},{"not_picked":["Slice","Prepared"],"picked":"Caltrops"},{"not_picked":["Terror","Footwork"],"picked":"PiercingWail"},{"not_picked":["Crippling Poison","Bullet Time"],"picked":"Dagger Spray"},{"not_picked":["Night Terror","Tactician"],"picked":"Burst"},{"not_picked":["Deadly Poison","Dagger Throw"],"picked":"Distraction"},{"not_picked":["Bane","Quick Slash"],"picked":"Skewer"},{"not_picked":["Bane","Poisoned Stab"],"picked":"Deflect"},{"not_picked":["Catalyst","Flechettes"],"picked":"A Thousand Cuts"},{"not_picked":["Prepared","Deflect"],"picked":"Endless Agony"}],"player_experience":114058,"potions_floor_usage":[2,7,7,12,16,16,16,18,25,27,30,30,30,33,33],"damage_taken":[{"damage":0,"enemies":"Small Slimes","floor":1,"turns":4},{"damage":1,"enemies":"Cultist","floor":2,"turns":5},{"damage":2,"enemies":"Jaw Worm","floor":5,"turns":5},{"damage":20,"enemies":"Exordium Thugs","floor":7,"turns":7},{"damage":0,"enemies":"2 Fungi Beasts","floor":11,"turns":5},{"damage":0,"enemies":"Large Slime","floor":12,"turns":4},{"damage":0,"enemies":"3 Louse","floor":14,"turns":2},{"damage":34,"enemies":"Hexaghost","floor":16,"turns":9},{"damage":6,"enemies":"Spheric Guardian","floor":18,"turns":7},{"damage":23,"enemies":"Chosen","floor":22,"turns":7},{"damage":18,"enemies":"3 Cultists","floor":25,"turns":6},{"damage":30,"enemies":"Chosen and Byrds","floor":27,"turns":7},{"damage":0,"enemies":"Gremlin Leader","floor":30,"turns":6},{"damage":80,"enemies":"Automaton","floor":33,"turns":10}],"event_choices":[{"event_name":"Match and Keep!","player_choice":"2 cards matched","floor":4,"damage_taken":0},{"event_name":"Living Wall","player_choice":"Change","floor":13,"damage_taken":0},{"event_name":"Drug Dealer","player_choice":"Got JAXXED","floor":19,"damage_taken":0},{"event_name":"Beggar","player_choice":"Gave Gold","floor":21,"damage_taken":0},{"event_name":"Transmorgrifier","player_choice":"Transform","floor":31,"damage_taken":0}],"boss_relics":[{"not_picked":["Pandora\u0027s Box","Snecko Eye"],"picked":"Calling Bell"}],"potions_floor_spawned":[1,2,5,7,11,12,14,16,18,22,25,27,30],"seed_played":"1528366013749499689","killed_by":"Automaton","ascension_level":0,"is_trial":false}