{"path_per_floor":["M","?","$","M","$","R","E","R","T","?","M","R","M","E","R","B",null,"M","$","?","?","M","R","M","M","T","M","T","R","?","M","R"],"character_chosen":"DEFECT","items_purchased":["Melter","FTL","Ornamental Fan","Steam","Static Discharge","Stack"],"gold_per_floor":[119,119,83,101,31,31,71,71,142,217,230,230,244,278,278,397,397,422,27,27,27,43,43,59,77,77,89,136,136,51,66,66,66],"floor_reached":33,"campfire_rested":4,"playtime":1423,"current_hp_per_floor":[69,51,51,51,51,51,41,63,63,52,52,74,74,66,66,25,75,65,65,65,65,45,67,70,53,63,46,51,76,76,71,71,0],"items_purged":[],"gold":66,"score":293,"play_id":"d58f1dce-a81b-4bc5-81c0-138675ca9381","local_time":"20180517044820","is_prod":false,"is_daily":false,"chose_seed":false,"is_ascension_mode":true,"campfire_upgraded":3,"timestamp":1526541500,"path_taken":["M","?","$","M","$","R","E","R","T","?","M","R","?","E","R","BOSS","M","$","?","?","M","R","M","?","T","?","?","R","?","M","R","BOSS"],"build_version":"2018-05-15","seed_source_timestamp":89949397204467,"purchased_purges":0,"victory":false,"master_deck":["Strike_B","Strike_B","Strike_B","Strike_B","Defend_B","Defend_B","Defend_B","Defend_B","Zap","Dualcast","Sunder+1","Sweeping Beam","Darkness+1","Skim","Ball Lightning","Tempest","Melter","Auto Shields","FTL","Undo","Go for the Eyes","Doom and Gloom","Echo Form+1","Hyperbeam","Self Repair+1","Steam","Static Discharge","Stack","Normality","Scrape","Force Field","Self Repair","Normality","Stack+1","Normality","Amplify"],"max_hp_per_floor":[75,75,75,75,75,75,75,75,75,75,75,75,75,75,75,75,75,75,75,75,75,75,75,75,75,85,85,85,85,85,85,85,85],"relics":["Orrery","Bloody Idol","Vajra","Symbiotic Virus","Calipers","Cursed Key","Ornamental Fan","Anchor","Pear","Juzu Bracelet","Pen Nib"],"card_choices":[{"not_picked":["Cold Snap","Defragment"],"picked":"Sunder","floor":0},{"not_picked":["Consume","Coolheaded"],"picked":"Sweeping Beam","floor":0},{"not_picked":["Streamline","Undo"],"picked":"Darkness","floor":0},{"not_picked":["Capacitor","Turbo"],"picked":"Skim","floor":0},{"not_picked":["Beam Cell","Coolheaded"],"picked":"Ball Lightning","floor":0},{"not_picked":["Streamline","Barrage"],"picked":"Tempest","floor":1},{"not_picked":["Sweeping Beam","Hologram"],"picked":"Auto Shields","floor":4},{"not_picked":["Steam Power","Nova"],"picked":"Undo","floor":7},{"not_picked":["Turbo","Ball Lightning"],"picked":"Go for the Eyes","floor":11},{"not_picked":["Beam Cell","Chaos"],"picked":"Doom and Gloom","floor":13},{"not_picked":["Skim","Coolheaded"],"picked":"Echo Form","floor":14},{"not_picked":["Buffer","Creative AI"],"picked":"Hyperbeam","floor":16},{"not_picked":["Force Field","Steam"],"picked":"Self Repair+1","floor":18},{"not_picked":["Reprogram","Sweeping Beam"],"picked":"Scrape","floor":22},{"not_picked":["Cold Snap","Tempest"],"picked":"Force Field","floor":24},{"not_picked":["Undo","Chaos"],"picked":"Self Repair","floor":25},{"not_picked":["Cold Snap","Heatsinks"],"picked":"Stack+1","floor":27},{"not_picked":["Leap","Go for the Eyes+1"],"picked":"Amplify","floor":31}],"player_experience":434436,"potions_floor_usage":[13,14,18,22,31],"damage_taken":[{"damage":6,"enemies":"Jaw Worm","floor":1,"turns":3},{"damage":0,"enemies":"Small Slimes","floor":4,"turns":3},{"damage":10,"enemies":"Lagavulin","floor":7,"turns":7},{"damage":0,"enemies":"2 Louse","floor":11,"turns":2},{"damage":0,"enemies":"Exordium Thugs","floor":13,"turns":3},{"damage":8,"enemies":"3 Sentries","floor":14,"turns":4},{"damage":41,"enemies":"Hexaghost","floor":16,"turns":8},{"damage":10,"enemies":"Shell Parasite","floor":18,"turns":5},{"damage":25,"enemies":"3 Byrds","floor":22,"turns":4},{"damage":2,"enemies":"Snecko","floor":24,"turns":4},{"damage":22,"enemies":"Snake Plant","floor":25,"turns":5},{"damage":39,"enemies":"Slaver and Parasite","floor":27,"turns":4},{"damage":27,"enemies":"Centurion and Healer","floor":31,"turns":6},{"damage":82,"enemies":"Collector","floor":33,"turns":12}],"relics_obtained":[{"floor":7,"key":"Vajra"},{"floor":9,"key":"Symbiotic Virus"},{"floor":14,"key":"Calipers"},{"floor":26,"key":"Pear"},{"floor":28,"key":"Juzu Bracelet"}],"event_choices":[{"event_name":"Golden Idol","player_choice":"Take Damage","floor":2,"damage_taken":0},{"event_name":"World of Goop","player_choice":"Gather Gold","floor":10,"damage_taken":0},{"event_name":"Forgotten Altar","player_choice":"Gave Idol","floor":20,"damage_taken":0},{"event_name":"Accursed Blacksmith","player_choice":"Rummage","floor":21,"damage_taken":0},{"event_name":"Addict","player_choice":"Obtained Relic","floor":30,"damage_taken":0}],"boss_relics":[{"not_picked":["Philosopher\u0027s Stone","Runic Pyramid"],"picked":"Cursed Key"}],"potions_floor_spawned":[7,11,14,18,27],"seed_played":"-2296031384875493410","killed_by":"Collector","ascension_level":1,"potions_obtained":[{"floor":7,"key":"Energy Potion"},{"floor":11,"key":"AttackPotion"},{"floor":14,"key":"SpeedPotion"},{"floor":18,"key":"EssenceOfSteel"},{"floor":27,"key":"LiquidBronze"}],"is_trial":false}