{"gold_per_floor":[110,110,129,146,146,146,156,431,457,394,394,412,412,171,171,270,270,281,281,41,41,41,41,56,68,68,86,11,11,46,61,61,61],"floor_reached":33,"playtime":1033,"items_purged":["Regret"],"score":382,"play_id":"ef1b96a6-0cbf-4beb-8db9-ef65ec31ab4b","local_time":"20190224121029","is_ascension_mode":true,"campfire_choices":[{"data":"Neutralize","floor":6,"key":"SMITH"},{"data":"Dagger Spray","floor":11,"key":"SMITH"},{"data":"Survivor","floor":13,"key":"SMITH"},{"data":"Defend_G","floor":15,"key":"SMITH"},{"data":"Envenom","floor":23,"key":"SMITH"},{"data":"Footwork","floor":29,"key":"SMITH"},{"data":"Neutralize","floor":32,"key":"SMITH"}],"neow_cost":"NONE","seed_source_timestamp":215380975453794,"circlet_count":0,"master_deck":["Defend_G+1","Defend_G+1","Defend_G+1","Defend_G+1","Defend_G+1","Strike_G+1","Strike_G+1","Strike_G+1","Strike_G+1","Strike_G+1","Survivor+1","Neutralize+1","Dagger Spray+1","Neutralize+1","Masterful Stab","Dagger Throw","Envenom+1","Terror+1","Ghostly","Ghostly","Ghostly","Ghostly","Ghostly","Backstab","Footwork+1","Sucker Punch+1"],"relics":["Ring of the Snake","Bronze Scales","Kunai","MawBank","Letter Opener","Eternal Feather","Matryoshka","Regal Pillow","Bottled Flame","Boot"],"potions_floor_usage":[16,16,30,31,33,33,33],"damage_taken":[{"damage":0,"enemies":"2 Louse","floor":1,"turns":2},{"damage":2,"enemies":"Cultist","floor":3,"turns":4},{"damage":0,"enemies":"Small Slimes","floor":4,"turns":3},{"damage":8,"enemies":"Gremlin Gang","floor":7,"turns":4},{"damage":7,"enemies":"Lots of Slimes","floor":12,"turns":2},{"damage":3,"enemies":"Slime Boss","floor":16,"turns":9},{"damage":0,"enemies":"3 Byrds","floor":18,"turns":4},{"damage":1,"enemies":"Chosen","floor":24,"turns":6},{"damage":3,"enemies":"Shelled Parasite and Fungi","floor":25,"turns":6},{"damage":0,"enemies":"Snake Plant","floor":27,"turns":3},{"damage":7,"enemies":"Slavers","floor":30,"turns":5},{"damage":2,"enemies":"Snecko","floor":31,"turns":4},{"damage":45,"enemies":"Automaton","floor":33,"turns":6}],"seed_played":"-6147194902378360284","potions_obtained":[{"floor":3,"key":"AttackPotion"},{"floor":7,"key":"Fire Potion"},{"floor":12,"key":"SkillPotion"},{"floor":24,"key":"Dexterity Potion"},{"floor":27,"key":"Weak Potion"},{"floor":30,"key":"AttackPotion"},{"floor":31,"key":"PowerPotion"}],"is_trial":false,"path_per_floor":["M","?","M","M","T","R","M","?","T","$","R","M","R","$","R","B",null,"M","?","$","?","?","R","M","M","T","M","$","R","E","M","R","B"],"character_chosen":"THE_SILENT","items_purchased":["Letter Opener","Matryoshka","Footwork"],"campfire_rested":0,"item_purchase_floors":[14,20,28],"current_hp_per_floor":[63,63,61,61,61,61,53,53,53,53,53,46,46,46,46,43,63,63,35,35,31,31,40,39,36,36,36,36,40,33,31,40,0],"gold":61,"neow_bonus":"RANDOM_COMMON_RELIC","is_prod":false,"is_daily":false,"chose_seed":false,"campfire_upgraded":7,"win_rate":0,"timestamp":1551028229,"path_taken":["M","?","M","?","?","R","M","?","T","$","R","?","R","?","R","BOSS","M","?","$","?","?","R","M","M","T","M","$","R","E","M","R","BOSS"],"build_version":"2019-01-23","purchased_purges":1,"victory":false,"max_hp_per_floor":[70,70,70,70,70,70,70,70,70,70,70,70,70,70,70,70,70,70,35,35,40,40,40,40,40,40,40,40,40,40,40,40,40],"card_choices":[{"not_picked":["Prepared","Slice"],"picked":"Dagger Spray","floor":1},{"not_picked":["Riddle With Holes","Acrobatics"],"picked":"Masterful Stab","floor":3},{"not_picked":["Backflip","Well Laid Plans","Blade Dance"],"picked":"SKIP","floor":4},{"not_picked":["Underhanded Strike","Flechettes","Backflip"],"picked":"SKIP","floor":7},{"not_picked":["Masterful Stab","Endless Agony"],"picked":"Dagger Throw","floor":12},{"not_picked":["Glass Knife","Tools of the Trade"],"picked":"Envenom","floor":16},{"not_picked":["Infinite Blades","Deflect+1"],"picked":"Terror+1","floor":18},{"not_picked":["Acrobatics","Flechettes","Prepared+1"],"picked":"SKIP","floor":24},{"not_picked":["Blade Dance+1","Deadly Poison"],"picked":"Backstab","floor":25},{"not_picked":["Bane","Deadly Poison","Flechettes"],"picked":"SKIP","floor":27},{"not_picked":["Underhanded Strike","Blade Dance","Outmaneuver"],"picked":"SKIP","floor":30},{"not_picked":["Heel Hook","Phantasmal Killer"],"picked":"Sucker Punch+1","floor":31}],"player_experience":361178,"relics_obtained":[{"floor":5,"key":"Kunai"},{"floor":9,"key":"MawBank"},{"floor":26,"key":"Regal Pillow"},{"floor":26,"key":"Bottled Flame"},{"floor":30,"key":"Boot"}],"event_choices":[{"damage_healed":0,"gold_gain":0,"player_choice":"1 cards matched","damage_taken":0,"max_hp_gain":0,"max_hp_loss":0,"event_name":"Match and Keep!","floor":2,"gold_loss":0,"cards_obtained":["Neutralize"]},{"damage_healed":0,"gold_gain":275,"player_choice":"Desecrate","damage_taken":0,"max_hp_gain":0,"max_hp_loss":0,"event_name":"Golden Shrine","floor":8,"gold_loss":0,"cards_obtained":["Regret"]},{"damage_healed":0,"gold_gain":0,"player_choice":"Became a Ghost","damage_taken":0,"max_hp_gain":0,"max_hp_loss":35,"event_name":"Ghosts","floor":19,"gold_loss":0,"cards_obtained":["Ghostly","Ghostly","Ghostly","Ghostly","Ghostly"]},{"damage_healed":0,"gold_gain":0,"player_choice":"Shed Blood","damage_taken":9,"max_hp_gain":5,"max_hp_loss":0,"event_name":"Forgotten Altar","floor":21,"gold_loss":0},{"damage_healed":0,"gold_gain":0,"player_choice":"Simplicity","damage_taken":0,"max_hp_gain":0,"max_hp_loss":0,"event_name":"Back to Basics","floor":22,"gold_loss":0,"cards_upgraded":["Defend_G","Defend_G","Defend_G","Defend_G","Strike_G","Strike_G","Strike_G","Strike_G","Strike_G"]}],"is_beta":false,"boss_relics":[{"not_picked":["Runic Pyramid","Philosopher\u0027s Stone"],"picked":"Eternal Feather"}],"items_purged_floors":[10],"is_endless":false,"potions_floor_spawned":[3,7,12,24,27,30,31],"killed_by":"Automaton","ascension_level":8}