{"path_per_floor":["M","?","?","?","?","R","?","R","T","M","R","$","T","M","R","B",null,"M","?","$","M","M","R","M","R","T","R","$","?","?","M","R","B",null,"M","$","M","$","M","R","?","M","T","?","M","R","M"],"character_chosen":"IRONCLAD","items_purchased":["Flex","Transmutation","Armaments","Regen Potion","Dual Wield","Lee\u0027s Waffle"],"gold_per_floor":[215,215,215,215,215,215,215,215,215,236,236,107,134,150,150,270,270,294,294,11,25,39,39,60,60,60,60,19,19,19,34,34,160,198,222,17,36,36,49,49,49,69,93,93,113,113,136],"floor_reached":48,"campfire_rested":5,"playtime":2466,"current_hp_per_floor":[80,80,62,62,62,80,80,80,80,80,80,80,80,80,80,25,80,57,56,56,56,46,46,36,52,52,52,52,36,36,11,27,18,61,49,68,60,60,43,63,63,54,54,68,37,68,54],"items_purged":["Normality"],"gold":136,"score":394,"play_id":"f34d87ab-5894-460a-82c8-c59bebce8f08","local_time":"20180309051514","is_prod":false,"is_daily":false,"is_ascension_mode":false,"campfire_upgraded":5,"timestamp":1520585114,"path_taken":["M","?","?","?","?","R","?","R","T","M","R","$","?","M","R","BOSS","M","?","$","M","M","R","M","R","T","R","$","?","?","?","R","BOSS","M","?","M","$","M","R","?","M","T","?","?","R","M","M"],"build_version":"2018-03-01-PROD1","purchased_purges":2,"victory":false,"master_deck":["Defend_R","Defend_R","Defend_R","Defend_R","Bash","Rupture","Injury","Juggernaut+1","Cleave+1","Flex+1","Brutality","Iron Wave+1","Bite","Bite","Bite","Bite","Bite+1","Transmutation+1","Armaments+1","Pommel Strike+1","Dual Wield","Sword Boomerang+1","Metallicize+1","Limit Break+1","Intimidate","Anger+1","Bloodletting+1","Writhe","Cleave+1"],"max_hp_per_floor":[80,80,80,80,80,80,80,80,80,80,80,80,80,80,80,80,80,80,56,56,56,56,56,56,56,56,56,56,56,56,56,56,56,61,61,68,68,68,68,68,68,68,68,68,68,68,68],"relics":["Burning Blood","Mummified Hand","Orichalcum","Golden Idol","Shuriken","Vajra","Velvet Choker","Whetstone","Enchiridion","Tiny House","Lee\u0027s Waffle","Regal Pillow"],"card_choices":[{"not_picked":["Havoc","True Grit"],"picked":"Rupture"},{"not_picked":["Headbutt","Twin Strike"],"picked":"Cleave"},{"not_picked":["Demon Form","Exhume"],"picked":"Brutality"},{"not_picked":["Anger","Clothesline"],"picked":"Iron Wave"},{"not_picked":["Body Slam","Sever Soul"],"picked":"Inflame"},{"not_picked":["Searing Blow","Sever Soul"],"picked":"Pommel Strike"},{"not_picked":["Warcry","Body Slam"],"picked":"Metallicize"},{"not_picked":["Bludgeon","Berserk"],"picked":"Limit Break"},{"not_picked":["Blood for Blood","Warcry"],"picked":"Intimidate"},{"not_picked":["Iron Wave","Hemokinesis"],"picked":"Anger"},{"not_picked":["Heavy Blade","Uppercut"],"picked":"Bloodletting"},{"not_picked":["Limit Break","Sword Boomerang"],"picked":"Cleave"}],"player_experience":148967,"potions_floor_usage":[16,21,22,31,33,39,42],"damage_taken":[{"damage":2,"enemies":"2 Louse","floor":1,"turns":3},{"damage":0,"enemies":"Cultist","floor":10,"turns":3},{"damage":0,"enemies":"Small Slimes","floor":14,"turns":2},{"damage":61,"enemies":"Slime Boss","floor":16,"turns":10},{"damage":29,"enemies":"3 Byrds","floor":18,"turns":5},{"damage":6,"enemies":"Chosen","floor":21,"turns":4},{"damage":35,"enemies":"Centurion and Healer","floor":22,"turns":5},{"damage":25,"enemies":"3 Cultists","floor":24,"turns":5},{"damage":47,"enemies":"Slaver and Parasite","floor":31,"turns":7},{"damage":55,"enemies":"Automaton","floor":33,"turns":9},{"damage":24,"enemies":"Orb Walker","floor":35,"turns":5},{"damage":19,"enemies":"3 Shapes","floor":37,"turns":5},{"damage":38,"enemies":"Maw","floor":39,"turns":7},{"damage":30,"enemies":"Sphere and 2 Shapes","floor":42,"turns":6},{"damage":47,"enemies":"3 Darklings","floor":45,"turns":4},{"damage":32,"enemies":"4 Shapes","floor":47,"turns":8},{"damage":66,"enemies":"Sphere and 2 Shapes","floor":48,"turns":5}],"event_choices":[{"event_name":"Living Wall","player_choice":"Change","floor":2,"damage_taken":0},{"event_name":"Scrap Ooze","player_choice":"success","floor":3,"damage_taken":18},{"event_name":"Accursed Blacksmith","player_choice":"Rummage","floor":4,"damage_taken":0},{"event_name":"Golden Idol","player_choice":"Take Wound","floor":5,"damage_taken":0},{"event_name":"Transmorgrifier","player_choice":"Transform","floor":7,"damage_taken":0},{"event_name":"Vampires","player_choice":"Became a vampire","floor":19,"damage_taken":0},{"event_name":"Cursed Tome","player_choice":"Obtained Book","floor":29,"damage_taken":0},{"event_name":"Transmorgrifier","player_choice":"Transform","floor":30,"damage_taken":0},{"event_name":"Upgrade Shrine","player_choice":"Upgraded","floor":41,"damage_taken":0},{"event_name":"Winding Halls","player_choice":"Writhe","floor":44,"damage_taken":0}],"boss_relics":[{"not_picked":["Runic Pyramid","Sozu"],"picked":"Velvet Choker"},{"not_picked":["Cursed Key","Calling Bell"],"picked":"Tiny House"}],"potions_floor_spawned":[10,16,24,31,39,45],"seed_played":"7423248524568591275","killed_by":"Sphere and 2 Shapes","ascension_level":0,"is_trial":false}