{"path_per_floor":["M","M","?","M","$","R","?","M","T","R","E","R","M","M","R","B",null,"M","$","M","M","?","R","M","R","T","M","R","$","R","M","R","B",null,"M","?","$","M","M","R","$","M","T","M","R","E","R","M","R","B"],"character_chosen":"IRONCLAD","items_purchased":["Limit Break","Dead Branch","Flex","Feel No Pain","Orichalcum"],"gold_per_floor":[116,130,205,216,59,59,59,70,97,97,129,129,140,160,160,256,286,304,17,37,53,53,53,72,72,72,90,90,68,68,88,88,185,185,201,201,132,146,158,158,13,33,84,102,102,127,127,139,139,139],"floor_reached":51,"campfire_rested":4,"playtime":2188,"current_hp_per_floor":[80,80,69,75,75,75,57,63,63,63,55,80,71,70,70,53,85,81,81,68,47,47,85,57,57,57,57,85,85,85,85,85,17,85,66,66,66,72,84,84,84,85,92,92,92,86,86,62,92,15],"items_purged":[],"gold":139,"score":739,"play_id":"206b28c3-9d78-44a2-beab-8102bf038db9","local_time":"20180403234445","is_prod":false,"is_daily":false,"is_ascension_mode":true,"campfire_upgraded":9,"timestamp":1522808085,"path_taken":["M","M","?","M","$","R","?","?","T","R","E","R","M","M","R","BOSS","M","$","M","?","?","R","M","R","T","M","R","?","R","?","R","BOSS","M","?","$","M","M","R","$","M","T","M","R","E","R","M","R","BOSS"],"build_version":"2018-03-29v2","purchased_purges":1,"victory":true,"master_deck":["Strike_R","Strike_R","Strike_R","Defend_R","Defend_R","Defend_R","Bash+1","Thunderclap+1","Dropkick+1","Inflame+1","Limit Break+1","Battle Trance","Pummel+1","Exhume","Cleave+1","Flex+1","Reaper+1","Headbutt+1","Shockwave+1","Fiend Fire+1","Flex+1","Limit Break+1","Feel No Pain+1"],"max_hp_per_floor":[80,80,80,80,80,80,80,80,80,80,80,80,80,80,80,80,85,85,85,85,85,85,85,85,85,85,85,85,85,85,85,85,85,85,85,85,85,85,85,85,85,85,92,92,92,92,92,92,92,92],"relics":["Burning Blood","NeowsBlessing","Lantern","Regal Pillow","Unceasing Top","Tiny House","Dead Branch","Anchor","Astrolabe","Orichalcum","Strawberry","Juzu Bracelet"],"card_choices":[{"not_picked":["Dropkick","Iron Wave"],"picked":"Thunderclap","floor":1},{"not_picked":["Headbutt","Limit Break"],"picked":"Dropkick","floor":2},{"not_picked":["Rampage","Evolve"],"picked":"Inflame","floor":4},{"not_picked":["Heavy Blade","Inflame"],"picked":"Battle Trance","floor":11},{"not_picked":["Headbutt","Heavy Blade"],"picked":"Pummel","floor":13},{"not_picked":["Reaper","Fiend Fire"],"picked":"Exhume","floor":16},{"not_picked":["Warcry","Heavy Blade"],"picked":"Cleave","floor":17},{"not_picked":["Feed","Barricade"],"picked":"Reaper","floor":33},{"not_picked":["Clash","Iron Wave"],"picked":"Flex","floor":35}],"player_experience":303473,"potions_floor_usage":[11,14,16,18,31,33,33,42,50],"damage_taken":[{"damage":0,"enemies":"Small Slimes","floor":1,"turns":1},{"damage":0,"enemies":"2 Louse","floor":2,"turns":1},{"damage":0,"enemies":"Jaw Worm","floor":4,"turns":1},{"damage":0,"enemies":"Large Slime","floor":8,"turns":3},{"damage":14,"enemies":"3 Sentries","floor":11,"turns":6},{"damage":15,"enemies":"Exordium Wildlife","floor":13,"turns":4},{"damage":7,"enemies":"Gremlin Gang","floor":14,"turns":3},{"damage":23,"enemies":"Slime Boss","floor":16,"turns":8},{"damage":10,"enemies":"2 Thieves","floor":18,"turns":3},{"damage":19,"enemies":"Spheric Guardian","floor":20,"turns":4},{"damage":27,"enemies":"Chosen and Byrds","floor":21,"turns":8},{"damage":34,"enemies":"Slaver and Parasite","floor":24,"turns":3},{"damage":6,"enemies":"Snake Plant","floor":27,"turns":2},{"damage":0,"enemies":"Snecko","floor":31,"turns":2},{"damage":86,"enemies":"Collector","floor":33,"turns":9},{"damage":52,"enemies":"3 Darklings","floor":35,"turns":4},{"damage":0,"enemies":"Orb Walker","floor":38,"turns":2},{"damage":7,"enemies":"3 Darklings","floor":39,"turns":3},{"damage":0,"enemies":"4 Shapes","floor":42,"turns":6},{"damage":28,"enemies":"Sphere and 2 Shapes","floor":44,"turns":5},{"damage":13,"enemies":"Nemesis","floor":46,"turns":4},{"damage":36,"enemies":"Maw","floor":48,"turns":6},{"damage":83,"enemies":"Donu and Deca","floor":50,"turns":6}],"event_choices":[{"event_name":"World of Goop","player_choice":"Gather Gold","floor":3,"damage_taken":0},{"event_name":"Scrap Ooze","player_choice":"success","floor":7,"damage_taken":18},{"event_name":"Ghosts","player_choice":"Ignored","floor":22,"damage_taken":0},{"event_name":"Duplicator","player_choice":"One dupe","floor":36,"damage_taken":0}],"boss_relics":[{"not_picked":["Ectoplasm","Runic Cube"],"picked":"Tiny House"},{"not_picked":["Runic Dome","Mark of Pain"],"picked":"Astrolabe"}],"potions_floor_spawned":[1,8,13,16,18,21,35,46],"seed_played":"8393637511916563702","ascension_level":1,"is_trial":false}