{"gold_per_floor":[113,113,113,91,105,148,181,209,246,258,293,43,68,91,91,214,214,214],"floor_reached":18,"playtime":449,"items_purged":["Strike_B"],"score":265,"play_id":"85a5656c-d117-480c-acb1-60117b2a2c41","local_time":"20190119153039","is_ascension_mode":true,"campfire_choices":[{"data":"Dualcast","floor":10,"key":"SMITH"},{"data":"Apotheosis","floor":15,"key":"SMITH"}],"neow_cost":"NONE","seed_source_timestamp":467553783545664,"circlet_count":0,"master_deck":["Strike_B","Strike_B","Strike_B","Defend_B","Defend_B","Defend_B","Defend_B","Zap","Dualcast+1","Gash","Leap","Sweeping Beam","Conserve Battery","Go for the Eyes","Gash","Apotheosis+1","Melter","Conserve Battery","Buffer"],"relics":["FrozenCore","NeowsBlessing","Golden Idol","MawBank","Happy Flower"],"potions_floor_usage":[16],"damage_taken":[{"damage":0,"enemies":"Jaw Worm","floor":1,"turns":1},{"damage":0,"enemies":"Cultist","floor":5,"turns":1},{"damage":0,"enemies":"3 Sentries","floor":6,"turns":1},{"damage":0,"enemies":"2 Louse","floor":7,"turns":2},{"damage":0,"enemies":"Exordium Thugs","floor":8,"turns":4},{"damage":10,"enemies":"Lots of Slimes","floor":11,"turns":3},{"damage":1,"enemies":"Large Slime","floor":13,"turns":5},{"damage":3,"enemies":"Exordium Thugs","floor":14,"turns":4},{"damage":24,"enemies":"Hexaghost","floor":16,"turns":10},{"damage":9,"enemies":"3 Byrds","floor":18,"turns":2}],"seed_played":"-3265377201725218812","potions_obtained":[{"floor":6,"key":"Ancient Potion"},{"floor":7,"key":"EssenceOfSteel"},{"floor":11,"key":"Swift Potion"},{"floor":16,"key":"Explosive Potion"}],"is_trial":false,"path_per_floor":["M","?","?","$","M","E","M","M","T","R","M","$","M","M","R","B",null,"M"],"character_chosen":"DEFECT","items_purchased":["Leap","Apotheosis"],"campfire_rested":0,"item_purchase_floors":[4,12],"current_hp_per_floor":[68,50,55,55,55,55,55,55,55,55,45,45,44,41,41,17,64,55],"gold":214,"neow_bonus":"THREE_ENEMY_KILL","is_prod":false,"is_daily":false,"chose_seed":false,"campfire_upgraded":2,"win_rate":0,"timestamp":1547929839,"path_taken":["M","?","?","?","M","E","M","?","T","R","?","$","M","M","R","BOSS","M"],"build_version":"2019-01-17v2","purchased_purges":1,"victory":false,"max_hp_per_floor":[75,75,80,80,80,80,80,80,80,80,80,80,80,80,80,80,80,80],"card_choices":[{"not_picked":["Rebound","Sunder"],"picked":"Gash","floor":1},{"not_picked":["Redo","Darkness"],"picked":"Sweeping Beam","floor":5},{"not_picked":["Sweeping Beam","Thunder Strike","Stack"],"picked":"SKIP","floor":6},{"not_picked":["Stack","Streamline"],"picked":"Conserve Battery","floor":7},{"not_picked":["Chill","Skim"],"picked":"Go for the Eyes","floor":8},{"not_picked":["Chaos","Beam Cell"],"picked":"Gash","floor":11},{"not_picked":["Tempest","Stack"],"picked":"Melter","floor":13},{"not_picked":["Doom and Gloom","Thunder Strike"],"picked":"Conserve Battery","floor":14},{"not_picked":["Amplify","Machine Learning"],"picked":"Buffer","floor":16}],"player_experience":431778,"relics_obtained":[{"floor":6,"key":"MawBank"},{"floor":9,"key":"Happy Flower"}],"event_choices":[{"damage_healed":0,"gold_gain":0,"player_choice":"Take Damage","damage_taken":18,"relics_obtained":["Golden Idol"],"max_hp_gain":0,"max_hp_loss":0,"event_name":"Golden Idol","floor":2,"gold_loss":0},{"damage_healed":0,"gold_gain":0,"player_choice":"Donut","damage_taken":0,"max_hp_gain":5,"max_hp_loss":0,"event_name":"Big Fish","floor":3,"gold_loss":0}],"is_beta":false,"boss_relics":[{"not_picked":["Lizard Tail","Fusion Hammer"],"picked":"FrozenCore"}],"items_purged_floors":[12],"is_endless":false,"potions_floor_spawned":[6,7,11,16],"killed_by":"3 Byrds","ascension_level":8}