{"gold_per_floor":[213,226,37,55,75,75,102,130,156,231,231,231,231,251,251,370,370,341,341,356,356,381,381,0,0,0,0,16,116,129,129,129,232,232,252,77,91,102,119,119,166,166,247,247,259,259,286,297,297,297],"floor_reached":50,"playtime":2289,"items_purged":[],"score":492,"play_id":"28b1590b-0170-4c92-a56e-4db0c1542813","local_time":"20190213002512","is_ascension_mode":false,"campfire_choices":[{"data":"Apotheosis","floor":6,"key":"SMITH"},{"floor":12,"key":"REST"},{"floor":15,"key":"RECALL"},{"data":"Demon Form","floor":23,"key":"SMITH"},{"data":"Immolate","floor":27,"key":"SMITH"},{"data":"Flame Barrier","floor":32,"key":"SMITH"},{"floor":40,"key":"REST"},{"floor":42,"key":"REST"},{"floor":44,"key":"REST"},{"floor":49,"key":"REST"}],"neow_cost":"NONE","seed_source_timestamp":283500493653841,"circlet_count":0,"master_deck":["Strike_R","Strike_R","Strike_R","Strike_R","Strike_R","Defend_R","Defend_R","Defend_R","Defend_R+1","Bash","Entrench","Apotheosis+1","Shrug It Off","Seeing Red","Flame Barrier+1","Demon Form+1","Cleave","Immolate+1","Havoc","Battle Trance+1","Flame Barrier+1","Exhume","The Bomb","Thunderclap+1","Parasite","Feel No Pain+1","Whirlwind","Body Slam+1","Infernal Blade+1"],"relics":["Burning Blood","Oddly Smooth Stone","Odd Mushroom","Anchor","Bloody Idol","Velvet Choker","War Paint","Pantograph","Dead Branch","Dream Catcher","Champion Belt","Meat on the Bone","Fusion Hammer","Charon\u0027s Ashes","Regal Pillow"],"potions_floor_usage":[5,8,14,16,20,29,30,37,48,50],"damage_taken":[{"damage":6,"enemies":"2 Louse","floor":1,"turns":4},{"damage":6,"enemies":"Small Slimes","floor":2,"turns":4},{"damage":6,"enemies":"Jaw Worm","floor":4,"turns":4},{"damage":0,"enemies":"3 Louse","floor":5,"turns":2},{"damage":21,"enemies":"Lagavulin","floor":7,"turns":8},{"damage":15,"enemies":"The Mushroom Lair","floor":8,"turns":5},{"damage":0,"enemies":"Large Slime","floor":14,"turns":5},{"damage":37,"enemies":"The Guardian","floor":16,"turns":16},{"damage":6,"enemies":"2 Thieves","floor":18,"turns":5},{"damage":2,"enemies":"Spheric Guardian","floor":20,"turns":5},{"damage":9,"enemies":"Snake Plant","floor":22,"turns":5},{"damage":0,"enemies":"Centurion and Healer","floor":28,"turns":4},{"damage":0,"enemies":"Colosseum Slavers","floor":29,"turns":2},{"damage":21,"enemies":"Colosseum Nobs","floor":29,"turns":5},{"damage":18,"enemies":"Shelled Parasite and Fungi","floor":30,"turns":5},{"damage":32,"enemies":"Collector","floor":33,"turns":9},{"damage":11,"enemies":"Orb Walker","floor":35,"turns":4},{"damage":0,"enemies":"3 Darklings","floor":37,"turns":5},{"damage":49,"enemies":"Transient","floor":38,"turns":5},{"damage":12,"enemies":"Writhing Mass","floor":39,"turns":6},{"damage":48,"enemies":"2 Orb Walkers","floor":41,"turns":5},{"damage":0,"enemies":"Jaw Worm Horde","floor":45,"turns":3},{"damage":33,"enemies":"Spire Growth","floor":48,"turns":5},{"damage":85,"enemies":"Donu and Deca","floor":50,"turns":6}],"seed_played":"-4306232357176922937","potions_obtained":[{"floor":4,"key":"Explosive Potion"},{"floor":7,"key":"Block Potion"},{"floor":8,"key":"Energy Potion"},{"floor":14,"key":"SneckoOil"},{"floor":16,"key":"Block Potion"},{"floor":20,"key":"Ancient Potion"},{"floor":29,"key":"SteroidPotion"},{"floor":35,"key":"Swift Potion"},{"floor":45,"key":"Regen Potion"},{"floor":48,"key":"Ancient Potion"}],"is_trial":false,"path_per_floor":["M","M","$","M","M","R","E","?","T","?","?","R","?","M","R","B",null,"M","?","M","T","M","R","$","?","T","R","M","?","M","?","R","B",null,"M","$","M","M","M","R","?","R","T","R","M","?","T","M","R","B"],"character_chosen":"IRONCLAD","items_purchased":["Apotheosis","Dead Branch","Immolate","The Bomb"],"campfire_rested":5,"item_purchase_floors":[3,24,24,36],"current_hp_per_floor":[80,80,80,80,80,80,65,56,56,45,45,69,69,75,75,44,80,80,80,80,80,77,77,77,77,77,77,80,70,63,63,63,59,80,80,80,80,54,53,77,52,76,80,80,80,80,80,67,80,0],"gold":297,"neow_bonus":"HUNDRED_GOLD","is_prod":false,"is_daily":false,"chose_seed":false,"campfire_upgraded":4,"win_rate":0,"timestamp":1550030112,"path_taken":["M","M","$","M","M","R","E","?","T","?","?","R","?","M","R","BOSS","M","?","M","?","M","R","$","?","T","R","M","?","?","?","R","BOSS","M","?","?","M","?","R","?","R","T","R","M","?","?","M","R","BOSS"],"build_version":"2019-02-06","purchased_purges":0,"victory":false,"max_hp_per_floor":[80,80,80,80,80,80,80,80,80,80,80,80,80,80,80,80,80,80,80,80,80,80,80,80,80,80,80,80,80,80,80,80,80,80,80,80,80,80,80,80,80,80,80,80,80,80,80,80,80,80],"card_choices":[{"not_picked":["Sword Boomerang","Thunderclap"],"picked":"Entrench","floor":1},{"not_picked":["Entrench","Perfected Strike","Combust"],"picked":"SKIP","floor":2},{"not_picked":["Carnage","Body Slam"],"picked":"Shrug It Off","floor":4},{"not_picked":["Sentinel","Perfected Strike","Pommel Strike"],"picked":"SKIP","floor":5},{"not_picked":["Anger","Combust","Sword Boomerang"],"picked":"SKIP","floor":7},{"not_picked":["Entrench","Twin Strike"],"picked":"Seeing Red","floor":8},{"not_picked":["Bloodletting","Intimidate"],"picked":"Flame Barrier","floor":14},{"not_picked":["Immolate","Fiend Fire"],"picked":"Demon Form","floor":16},{"not_picked":["Anger","Rupture","Armaments"],"picked":"SKIP","floor":18},{"not_picked":["Headbutt","Wild Strike","True Grit"],"picked":"SKIP","floor":20},{"not_picked":["Shockwave","Ghostly Armor"],"picked":"Cleave","floor":22},{"not_picked":["Blood for Blood","Wild Strike+1"],"picked":"Havoc","floor":28},{"not_picked":["Iron Wave","Combust"],"picked":"Battle Trance+1","floor":29},{"not_picked":["Ghostly Armor+1","Flex"],"picked":"Flame Barrier","floor":30},{"not_picked":["Fiend Fire","Berserk"],"picked":"Exhume","floor":33},{"not_picked":["Ghostly Armor","Second Wind","Blood for Blood"],"picked":"SKIP","floor":35},{"not_picked":["Shrug It Off","Spot Weakness"],"picked":"Thunderclap+1","floor":37},{"not_picked":["Shrug It Off","Sever Soul","Havoc+1"],"picked":"SKIP","floor":38},{"not_picked":["Double Tap","Anger+1"],"picked":"Feel No Pain+1","floor":39},{"not_picked":["Armaments","Clash"],"picked":"Whirlwind","floor":40},{"not_picked":["Shrug It Off","Pommel Strike+1"],"picked":"Body Slam+1","floor":41},{"not_picked":["Perfected Strike","Reckless Charge","Inflame"],"picked":"SKIP","floor":45},{"not_picked":["Clothesline","Havoc+1","Burning Pact"],"picked":"SKIP","floor":48},{"not_picked":["Disarm","Warcry+1"],"picked":"Infernal Blade+1","floor":49}],"player_experience":635059,"relics_obtained":[{"floor":7,"key":"Oddly Smooth Stone"},{"floor":8,"key":"Odd Mushroom"},{"floor":9,"key":"Anchor"},{"floor":21,"key":"Pantograph"},{"floor":26,"key":"Dream Catcher"},{"floor":29,"key":"Champion Belt"},{"floor":29,"key":"Meat on the Bone"},{"floor":41,"key":"Charon\u0027s Ashes"},{"floor":47,"key":"Regal Pillow"}],"event_choices":[{"damage_healed":0,"gold_gain":0,"player_choice":"Fought Mushrooms","damage_taken":0,"max_hp_gain":0,"max_hp_loss":0,"event_name":"Mushrooms","floor":8,"gold_loss":0},{"damage_healed":0,"gold_gain":75,"player_choice":"Gather Gold","damage_taken":11,"max_hp_gain":0,"max_hp_loss":0,"event_name":"World of Goop","floor":10,"gold_loss":0},{"damage_healed":0,"gold_gain":0,"player_choice":"Take Wound","damage_taken":0,"relics_obtained":["Golden Idol"],"max_hp_gain":0,"max_hp_loss":0,"event_name":"Golden Idol","floor":11,"gold_loss":0,"cards_obtained":["Injury"]},{"cards_removed":["Injury"],"damage_healed":0,"gold_gain":0,"player_choice":"Forget","damage_taken":0,"max_hp_gain":0,"max_hp_loss":0,"event_name":"Living Wall","floor":13,"gold_loss":0},{"damage_healed":0,"gold_gain":0,"player_choice":"Opened","damage_taken":0,"relics_obtained":["War Paint"],"max_hp_gain":0,"max_hp_loss":0,"event_name":"The Mausoleum","floor":19,"gold_loss":0},{"damage_healed":0,"gold_gain":0,"player_choice":"Gave Idol","damage_taken":0,"relics_obtained":["Bloody Idol"],"max_hp_gain":0,"max_hp_loss":0,"event_name":"Forgotten Altar","floor":25,"relics_lost":["Golden Idol"],"gold_loss":0},{"damage_healed":0,"gold_gain":0,"player_choice":"Fight","damage_taken":0,"max_hp_gain":0,"max_hp_loss":0,"event_name":"Colosseum","floor":29,"gold_loss":0},{"damage_healed":0,"gold_gain":0,"player_choice":"Fought Nobs","damage_taken":0,"max_hp_gain":0,"max_hp_loss":0,"event_name":"Colosseum","floor":29,"gold_loss":0},{"damage_healed":0,"gold_gain":0,"player_choice":"1 cards matched","damage_taken":0,"max_hp_gain":0,"max_hp_loss":0,"event_name":"Match and Keep!","floor":31,"gold_loss":0,"cards_obtained":["Bash"]},{"damage_healed":0,"gold_gain":0,"player_choice":"Fight","damage_taken":0,"max_hp_gain":0,"max_hp_loss":0,"event_name":"Mysterious Sphere","floor":41,"gold_loss":0},{"cards_removed":["Bash"],"damage_healed":0,"gold_gain":0,"player_choice":"Removed Attack","damage_taken":0,"max_hp_gain":0,"max_hp_loss":0,"event_name":"Falling","floor":46,"gold_loss":0}],"is_beta":true,"boss_relics":[{"not_picked":["Eternal Feather","Ectoplasm"],"picked":"Velvet Choker"},{"not_picked":["Orrery","Runic Pyramid"],"picked":"Fusion Hammer"}],"items_purged_floors":[],"is_endless":false,"potions_floor_spawned":[4,7,8,14,16,20,29,29,35,45,48],"killed_by":"Donu and Deca","ascension_level":0}