{"gold_per_floor":[119,131,206,217,230,230,244,244,244,244,169,169,222,250,250,346,346,356,106,116,37,55,55,72,99,99,99,99],"floor_reached":28,"playtime":958,"items_purged":["Strike_R","Strike_R"],"score":338,"play_id":"1a258bf1-a6d2-4ed9-928a-42db176cf668","local_time":"20190202085920","is_ascension_mode":true,"campfire_choices":[{"data":"True Grit","floor":6,"key":"SMITH"},{"floor":10,"key":"REST"},{"data":"Bash","floor":12,"key":"SMITH"},{"data":"Cleave","floor":15,"key":"SMITH"},{"floor":23,"key":"REST"},{"floor":27,"key":"REST"}],"neow_cost":"NONE","seed_source_timestamp":65300008408871,"circlet_count":0,"master_deck":["AscendersBane","Strike_R","Strike_R","Strike_R","Defend_R","Defend_R","Defend_R","Defend_R","Bash+1","True Grit+1","Cleave+1","Burning Pact","Offering","Heavy Blade","Inflame","Shockwave+1","Spot Weakness"],"relics":["Black Blood","Mercury Hourglass","Pantograph","Tiny Chest","Blue Candle","Bronze Scales","Red Mask"],"potions_floor_usage":[16,25,25],"damage_taken":[{"damage":8,"enemies":"2 Louse","floor":1,"turns":3},{"damage":4,"enemies":"Jaw Worm","floor":2,"turns":5},{"damage":0,"enemies":"Small Slimes","floor":4,"turns":3},{"damage":11,"enemies":"2 Fungi Beasts","floor":5,"turns":3},{"damage":30,"enemies":"Lots of Slimes","floor":7,"turns":5},{"damage":32,"enemies":"Gremlin Nob","floor":14,"turns":4},{"damage":62,"enemies":"Hexaghost","floor":16,"turns":15},{"damage":36,"enemies":"2 Thieves","floor":18,"turns":4},{"damage":34,"enemies":"Spheric Guardian","floor":20,"turns":5},{"damage":33,"enemies":"Centurion and Healer","floor":22,"turns":8},{"damage":30,"enemies":"Snake Plant","floor":24,"turns":4},{"damage":15,"enemies":"Masked Bandits","floor":25,"turns":3},{"damage":48,"enemies":"Slavers","floor":28,"turns":4}],"seed_played":"-3988330655224346794","potions_obtained":[{"floor":14,"key":"Block Potion"},{"floor":16,"key":"Dexterity Potion"},{"floor":20,"key":"FairyPotion"},{"floor":22,"key":"Block Potion"},{"floor":24,"key":"Poison Potion"}],"is_trial":false,"path_per_floor":["M","M","?","M","M","R","M","?","T","R","$","R","T","E","R","B",null,"M","$","M","$","M","R","M","?","T","R","E"],"character_chosen":"IRONCLAD","items_purchased":["Bronze Scales","Inflame"],"campfire_rested":3,"item_purchase_floors":[19,21],"current_hp_per_floor":[78,80,69,75,70,70,46,39,39,65,65,65,65,39,39,8,68,42,42,18,18,18,44,24,19,19,45,0],"gold":99,"neow_bonus":"TEN_PERCENT_HP_BONUS","is_prod":false,"is_daily":false,"chose_seed":false,"campfire_upgraded":3,"win_rate":0,"timestamp":1549090760,"path_taken":["M","M","?","M","M","R","M","?","T","R","$","R","?","E","R","BOSS","M","$","M","$","M","R","M","?","T","R","E"],"build_version":"2019-01-23","purchased_purges":2,"victory":false,"max_hp_per_floor":[88,88,88,88,88,88,88,88,88,88,88,88,88,88,88,88,88,88,88,88,88,88,88,88,88,88,88,88],"card_choices":[{"not_picked":["Shrug It Off","Clash"],"picked":"True Grit","floor":1},{"not_picked":["Wild Strike","Iron Wave"],"picked":"Cleave","floor":2},{"not_picked":["Blood for Blood","Clash","Iron Wave"],"picked":"SKIP","floor":4},{"not_picked":["Reckless Charge","Anger","Twin Strike"],"picked":"SKIP","floor":5},{"not_picked":["Exhume","Heavy Blade"],"picked":"Burning Pact","floor":7},{"not_picked":["Cleave","Havoc","Sever Soul"],"picked":"SKIP","floor":14},{"not_picked":["Bludgeon","Fiend Fire"],"picked":"Offering","floor":16},{"not_picked":["Perfected Strike","Cleave","Carnage"],"picked":"SKIP","floor":18},{"not_picked":["Twin Strike+1","Perfected Strike+1"],"picked":"Heavy Blade","floor":20},{"not_picked":["Thunderclap","Immolate","Infernal Blade+1"],"picked":"SKIP","floor":22},{"not_picked":["Reckless Charge","Entrench"],"picked":"Shockwave+1","floor":24},{"not_picked":["Thunderclap","Body Slam"],"picked":"Spot Weakness","floor":25}],"player_experience":701565,"relics_obtained":[{"floor":9,"key":"Pantograph"},{"floor":13,"key":"Tiny Chest"},{"floor":14,"key":"Blue Candle"},{"floor":25,"key":"Red Mask"}],"event_choices":[{"damage_healed":0,"gold_gain":75,"player_choice":"Gather Gold","damage_taken":11,"max_hp_gain":0,"max_hp_loss":0,"event_name":"World of Goop","floor":3,"gold_loss":0},{"damage_healed":0,"gold_gain":0,"player_choice":"Success","damage_taken":7,"relics_obtained":["Mercury Hourglass"],"max_hp_gain":0,"max_hp_loss":0,"event_name":"Scrap Ooze","floor":8,"gold_loss":0},{"damage_healed":0,"gold_gain":0,"player_choice":"Fought Bandits","damage_taken":0,"max_hp_gain":0,"max_hp_loss":0,"event_name":"Masked Bandits","floor":25,"gold_loss":0}],"is_beta":false,"boss_relics":[{"not_picked":["Astrolabe","White Beast Statue"],"picked":"Black Blood"}],"items_purged_floors":[11,19],"is_endless":false,"potions_floor_spawned":[14,16,20,22,24],"killed_by":"Slavers","ascension_level":11}