{"path_per_floor":["M","M","?","M","M","E","$","M","T","?","M","$","R","M","R","B",null,"M","?","?","M","$","R","E","$","T","M","R","M","?","M","R"],"character_chosen":"IRONCLAD","items_purchased":["Flame Barrier","Cleave"],"gold_per_floor":[114,132,132,144,157,188,121,132,155,230,245,170,170,181,181,286,286,300,215,215,232,232,232,257,131,158,169,169,181,181,191,191,191],"floor_reached":33,"campfire_rested":1,"playtime":1837,"current_hp_per_floor":[80,80,80,80,72,72,72,75,75,64,70,70,70,68,68,28,80,64,64,64,60,60,60,35,35,42,37,63,28,28,23,23,0],"items_purged":["Strike_R","Defend_R"],"gold":191,"score":319,"play_id":"a32a4722-7636-4a16-901c-f3b3dc3f5f8d","local_time":"20180422130606","is_prod":false,"is_daily":false,"chose_seed":false,"is_ascension_mode":false,"campfire_upgraded":4,"timestamp":1524416766,"path_taken":["M","M","?","M","M","E","?","?","T","?","M","$","R","M","R","BOSS","M","?","?","?","$","R","E","$","T","?","R","M","?","M","R","BOSS"],"build_version":"2018-04-19","seed_source_timestamp":80794506059554,"purchased_purges":3,"victory":false,"master_deck":["Strike_R","Strike_R","Strike_R","Strike_R","Defend_R","Defend_R","Defend_R","Bash+1","Flex","Iron Wave","Cleave","Flex","Infernal Blade+1","Flame Barrier","Flex","Dual Wield+1","Fiend Fire","Shrug It Off","Metallicize+1","Uppercut+1","Cleave","Flex","Intimidate","Ghostly+1","Ghostly","Ghostly","Ghostly","Ghostly","Battle Trance"],"max_hp_per_floor":[80,80,80,80,80,80,80,80,80,80,80,80,80,80,80,80,80,80,80,80,80,80,80,80,80,87,87,87,87,43,43,43,43],"relics":["Burning Blood","Ginger","Orichalcum","Velvet Choker","Anchor","Bag of Preparation","Strawberry"],"card_choices":[{"not_picked":["Uppercut","Entrench"],"picked":"Flex","floor":1},{"not_picked":["Twin Strike","Ghostly Armor"],"picked":"Iron Wave","floor":2},{"not_picked":["Sword Boomerang","Hemokinesis"],"picked":"Cleave","floor":4},{"not_picked":["Cleave","Barricade"],"picked":"Flex","floor":5},{"not_picked":["Feel No Pain","Power Through"],"picked":"Infernal Blade","floor":6},{"not_picked":["Rage","Iron Wave"],"picked":"Flex","floor":11},{"not_picked":["Cleave","Clash"],"picked":"Dual Wield","floor":14},{"not_picked":["Bludgeon","Feed"],"picked":"Fiend Fire","floor":16},{"not_picked":["True Grit","Hemokinesis"],"picked":"Metallicize","floor":21},{"not_picked":["Hemokinesis","Dual Wield"],"picked":"Uppercut","floor":24},{"not_picked":["Armaments","Anger"],"picked":"Flex","floor":27},{"not_picked":["Second Wind","Corruption"],"picked":"Intimidate","floor":29},{"not_picked":["Armaments","Headbutt"],"picked":"Battle Trance","floor":31}],"player_experience":5594,"potions_floor_usage":[6,8,16,16,24,31],"damage_taken":[{"damage":0,"enemies":"Small Slimes","floor":1,"turns":5},{"damage":4,"enemies":"Cultist","floor":2,"turns":5},{"damage":1,"enemies":"Jaw Worm","floor":4,"turns":5},{"damage":14,"enemies":"3 Louse","floor":5,"turns":3},{"damage":6,"enemies":"3 Sentries","floor":6,"turns":5},{"damage":3,"enemies":"Red Slaver","floor":8,"turns":2},{"damage":0,"enemies":"Large Slime","floor":11,"turns":4},{"damage":8,"enemies":"3 Louse","floor":14,"turns":2},{"damage":46,"enemies":"Slime Boss","floor":16,"turns":14},{"damage":22,"enemies":"Chosen","floor":18,"turns":4},{"damage":10,"enemies":"3 Byrds","floor":21,"turns":5},{"damage":31,"enemies":"Slavers","floor":24,"turns":8},{"damage":11,"enemies":"Snake Plant","floor":27,"turns":3},{"damage":41,"enemies":"Cultist and Chosen","floor":29,"turns":7},{"damage":11,"enemies":"Sentry and Sphere","floor":31,"turns":8},{"damage":27,"enemies":"Champ","floor":33,"turns":11}],"event_choices":[{"event_name":"Match and Keep!","player_choice":"0 cards matched","floor":3,"damage_taken":0},{"event_name":"World of Goop","player_choice":"Gather Gold","floor":10,"damage_taken":0},{"event_name":"Addict","player_choice":"Obtained Relic","floor":19,"damage_taken":0},{"event_name":"The Library","player_choice":"Read","floor":20,"damage_taken":0},{"event_name":"Ghosts","player_choice":"Became a Ghost","floor":30,"damage_taken":0}],"boss_relics":[{"not_picked":["Ectoplasm","White Beast Statue"],"picked":"Velvet Choker"}],"potions_floor_spawned":[1,4,6,14,16,18,29],"seed_played":"3215474356221415351","killed_by":"Champ","ascension_level":0,"is_trial":false}