{"path_per_floor":["M","M","M","T","$","E","R","M","T","?","M","$","M","M","R"],"character_chosen":"THE_SILENT","items_purchased":["Ninja Scroll"],"gold_per_floor":[116,135,152,223,223,255,255,265,265,265,275,23,40,54,54],"floor_reached":16,"campfire_rested":2,"playtime":2091,"current_hp_per_floor":[69,58,58,58,58,32,53,21,21,21,14,14,13,12,33],"items_purged":[],"gold":54,"score":104,"play_id":"65d265a9-2a71-49ae-9b4a-ad7a1b1ecc56","local_time":"20180321021749","is_prod":false,"is_daily":false,"is_ascension_mode":false,"campfire_upgraded":0,"timestamp":1521607669,"path_taken":["M","M","M","?","$","E","R","M","T","?","M","$","M","?","R","BOSS"],"build_version":"2018-03-15v3","purchased_purges":0,"victory":false,"master_deck":["Defend_G","Defend_G","Defend_G","Defend_G","Defend_G","Strike_G","Strike_G","Strike_G","Strike_G","Strike_G","Survivor","Neutralize","Crippling Poison","Accuracy","Well Laid Plans","Dodge and Roll","Dagger Throw","Sucker Punch","Dagger Spray","Bouncing Flask","PiercingWail","PiercingWail","Backflip","Outmaneuver"],"max_hp_per_floor":[70,70,70,70,70,70,70,70,70,70,70,70,70,70,70],"relics":["Orrery","Frozen Egg 2","Matryoshka","Oddly Smooth Stone","Peace Pipe","Ninja Scroll"],"card_choices":[{"not_picked":["Underhanded Strike","Outmaneuver"],"picked":"Crippling Poison"},{"not_picked":["Endless Agony","Terror"],"picked":"Accuracy"},{"not_picked":["Outmaneuver","After Image"],"picked":"Well Laid Plans"},{"not_picked":["Reflex","Predator"],"picked":"Dodge and Roll"},{"not_picked":["Expertise","Bane"],"picked":"Dagger Throw"},{"not_picked":["Slice","Deflect"],"picked":"Sucker Punch"},{"not_picked":["Skewer","Prepared"],"picked":"Dagger Spray"},{"not_picked":["Night Terror","Accuracy"],"picked":"Bouncing Flask"},{"not_picked":["Infinite Blades","Dagger Throw"],"picked":"PiercingWail"},{"not_picked":["Deflect","Grand Finale"],"picked":"PiercingWail"},{"not_picked":["Acrobatics","Underhanded Strike"],"picked":"Backflip"},{"not_picked":["Blur","Bouncing Flask"],"picked":"Outmaneuver"}],"player_experience":206562,"potions_floor_usage":[3,13],"damage_taken":[{"damage":1,"enemies":"Cultist","floor":1,"turns":5},{"damage":11,"enemies":"2 Louse","floor":2,"turns":4},{"damage":0,"enemies":"Small Slimes","floor":3,"turns":3},{"damage":26,"enemies":"3 Sentries","floor":6,"turns":13},{"damage":32,"enemies":"Gremlin Gang","floor":8,"turns":6},{"damage":7,"enemies":"3 Louse","floor":11,"turns":2},{"damage":1,"enemies":"Large Slime","floor":13,"turns":6},{"damage":1,"enemies":"Blue Slaver","floor":14,"turns":4},{"damage":36,"enemies":"Slime Boss","floor":16,"turns":9}],"event_choices":[{"event_name":"Shining Light","player_choice":"Ignored","floor":10,"damage_taken":0}],"boss_relics":[],"potions_floor_spawned":[2,11],"seed_played":"8960733303578459377","killed_by":"Slime Boss","ascension_level":0,"is_trial":false}