{"gold_per_floor":[118,68,83,83,83,83,98,98,151,151,174,199,223,263,263,387,387,406,406,425,150,170,208,222,255,255,255,298,314,364,383,383,383],"floor_reached":33,"playtime":1932,"items_purged":["Strike_B"],"score":468,"play_id":"84471fac-d455-4434-bdc5-b6618604646a","local_time":"20190122015413","is_ascension_mode":true,"campfire_choices":[{"data":"Fission","floor":6.0,"key":"SMITH"},{"data":"Zap","floor":8.0,"key":"SMITH"},{"data":"Fission","floor":15.0,"key":"SMITH"},{"data":"Sunder","floor":32,"key":"SMITH"}],"neow_cost":"TEN_PERCENT_HP_LOSS","seed_source_timestamp":46838618593553,"circlet_count":0,"master_deck":["Strike_B","Defend_B","Defend_B","Defend_B","Zap+1","Dualcast","Fission+1","Glacier","Sweeping Beam","Reinforced Body","Hologram","Doom and Gloom","Fission+1","Self Repair","Rainbow","Loop","Capacitor","Sunder+1","Conserve Battery","Chill","Chill+1","Necronomicurse"],"special_seed":0,"relics":["Cracked Core","Golden Idol","Ancient Tea Set","Peace Pipe","Coffee Dripper","Runic Capacitor","Regal Pillow","Boot","Pear","Necronomicon","Ornamental Fan"],"potions_floor_usage":[33],"damage_taken":[{"damage":2.0,"enemies":"Jaw Worm","floor":1.0,"turns":3.0},{"damage":2.0,"enemies":"2 Louse","floor":3.0,"turns":4.0},{"damage":0.0,"enemies":"Small Slimes","floor":7.0,"turns":2.0},{"damage":1.0,"enemies":"3 Louse","floor":11.0,"turns":3.0},{"damage":0.0,"enemies":"2 Fungi Beasts","floor":12.0,"turns":3.0},{"damage":13.0,"enemies":"Blue Slaver","floor":13.0,"turns":3.0},{"damage":5.0,"enemies":"Lagavulin","floor":14.0,"turns":7.0},{"damage":5.0,"enemies":"The Guardian","floor":16.0,"turns":12.0},{"damage":0.0,"enemies":"Spheric Guardian","floor":18.0,"turns":3.0},{"damage":4.0,"enemies":"3 Byrds","floor":20.0,"turns":5.0},{"damage":0.0,"enemies":"Sentry and Sphere","floor":22.0,"turns":3.0},{"damage":6.0,"enemies":"Slavers","floor":23.0,"turns":6.0},{"damage":2.0,"enemies":"3 Cultists","floor":24.0,"turns":3.0},{"damage":23.0,"enemies":"Book of Stabbing","floor":25.0,"turns":8.0},{"damage":0.0,"enemies":"Gremlin Leader","floor":28.0,"turns":4.0},{"damage":5,"enemies":"Shelled Parasite and Fungi","floor":29,"turns":4},{"damage":0,"enemies":"Chosen and Byrds","floor":31,"turns":4},{"damage":61,"enemies":"Champ","floor":33,"turns":10}],"seed_played":"-8150655483716882321","potions_obtained":[{"floor":7.0,"key":"GamblersBrew"},{"floor":11.0,"key":"Explosive Potion"},{"floor":13.0,"key":"Regen Potion"},{"floor":16.0,"key":"Fire Potion"},{"floor":23.0,"key":"GamblersBrew"},{"floor":24.0,"key":"Energy Potion"},{"floor":31,"key":"Dexterity Potion"}],"is_trial":false,"path_per_floor":["M","?","M","?","?","R","M","R","T","?","M","M","M","E","R","B",null,"M","?","M","$","M","E","M","E","T","?","E","M","?","M","R","B"],"character_chosen":"DEFECT","items_purchased":["Runic Capacitor"],"campfire_rested":0,"item_purchase_floors":[21],"current_hp_per_floor":[66,66,64,57,57,57,57,57,57,57,56,56,43,53,53,55,61,63,63,63,63,63,63,63,47,57,41,48,50,50,57,57,0],"gold":383,"neow_bonus":"THREE_RARE_CARDS","is_prod":false,"is_daily":false,"chose_seed":false,"campfire_upgraded":4,"win_rate":0,"timestamp":1548143653,"path_taken":["M","?","M","?","?","R","M","R","T","?","M","M","?","E","R","BOSS","M","?","M","$","M","E","M","E","T","?","E","M","?","M","R","BOSS"],"build_version":"2019-01-17v2","purchased_purges":1,"victory":false,"max_hp_per_floor":[68,68,68,68,63,63,63,63,63,63,63,63,63,63,63,63,63,63,63,63,63,63,63,63,63,73,73,73,73,73,73,73,73],"card_choices":[{"not_picked":["Thunder Strike","Core Surge"],"picked":"Fission","floor":0.0},{"not_picked":["Barrage","Steam Power"],"picked":"Glacier","floor":1.0},{"not_picked":["Stack","Cold Snap"],"picked":"Sweeping Beam","floor":3.0},{"not_picked":["Barrage","Beam Cell"],"picked":"Reinforced Body","floor":7.0},{"not_picked":["Beam Cell","Rip and Tear"],"picked":"Hologram","floor":11.0},{"not_picked":["Skim","Leap"],"picked":"Doom and Gloom","floor":12.0},{"not_picked":["Steam Power","Leap"],"picked":"Fission","floor":13.0},{"not_picked":["Force Field","Stack"],"picked":"Self Repair","floor":14.0},{"not_picked":["Amplify","Thunder Strike"],"picked":"Rainbow","floor":16.0},{"not_picked":["Redo","Streamline+1"],"picked":"Loop","floor":18.0},{"not_picked":["Glacier","Stack"],"picked":"Sunder","floor":20.0},{"not_picked":["Stack","Static Discharge"],"picked":"Conserve Battery","floor":22.0},{"not_picked":["Steam","Ball Lightning+1","Tempest"],"picked":"SKIP","floor":23.0},{"not_picked":["Blizzard","Turbo"],"picked":"Chill","floor":24.0},{"not_picked":["Coolheaded","Core Surge"],"picked":"Chill+1","floor":25.0},{"not_picked":["Heatsinks","Turbo","All For One"],"picked":"SKIP","floor":28.0},{"not_picked":["Turbo","Streamline","Steam Power+1"],"picked":"SKIP","floor":29},{"not_picked":["Darkness","Lockon","Stack"],"picked":"SKIP","floor":31}],"player_experience":238012,"relics_obtained":[{"floor":9.0,"key":"Ancient Tea Set"},{"floor":14.0,"key":"Peace Pipe"},{"floor":23.0,"key":"Regal Pillow"},{"floor":25.0,"key":"Boot"},{"floor":26.0,"key":"Pear"},{"floor":27.0,"key":"Necronomicon"},{"floor":28.0,"key":"Ornamental Fan"}],"event_choices":[{"cards_removed":["Strike_B"],"damage_healed":0.0,"max_hp_gain":0.0,"max_hp_loss":0.0,"gold_gain":0.0,"event_name":"The Cleric","player_choice":"Card Removal","floor":2.0,"gold_loss":50.0,"damage_taken":0.0},{"cards_removed":["Strike_B"],"damage_healed":0.0,"max_hp_gain":0.0,"max_hp_loss":0.0,"gold_gain":0.0,"event_name":"Golden Wing","player_choice":"Card Removal","floor":4.0,"gold_loss":0.0,"damage_taken":7.0},{"damage_healed":0.0,"max_hp_gain":0.0,"max_hp_loss":5.0,"gold_gain":0.0,"event_name":"Golden Idol","player_choice":"Lose Max HP","floor":5.0,"gold_loss":0.0,"damage_taken":0.0,"relics_obtained":["Golden Idol"]},{"cards_removed":["Defend_B"],"damage_healed":0.0,"max_hp_gain":0.0,"max_hp_loss":0.0,"gold_gain":0.0,"event_name":"Wheel of Change","player_choice":"Card Removal","floor":10.0,"gold_loss":0.0,"damage_taken":0.0},{"damage_healed":0.0,"max_hp_gain":0.0,"max_hp_loss":0.0,"gold_gain":0.0,"event_name":"The Library","player_choice":"Read","floor":19.0,"gold_loss":0.0,"damage_taken":0.0,"cards_obtained":["Capacitor"]},{"damage_healed":0.0,"max_hp_gain":0.0,"max_hp_loss":0.0,"gold_gain":0.0,"event_name":"Cursed Tome","player_choice":"Obtained Book","floor":27.0,"gold_loss":0.0,"damage_taken":16.0},{"damage_healed":0,"gold_gain":100,"player_choice":"Bet on Murderer","damage_taken":0,"max_hp_gain":0,"max_hp_loss":0,"event_name":"The Joust","floor":30,"gold_loss":50}],"is_beta":false,"boss_relics":[{"not_picked":["Ectoplasm","Calling Bell"],"picked":"Coffee Dripper"}],"items_purged_floors":[21],"is_endless":false,"potions_floor_spawned":[7,11,13,16,20,23,24,31],"killed_by":"Champ","ascension_level":8}