{"path_per_floor":["M","?","?","M","M","R","$","M","T","M","R","M","M","T","R","B",null,"M","M","?","?","M","$","M","M","T","R","M","$","M","M","R"],"character_chosen":"IRONCLAD","items_purchased":["Flame Barrier","Blood Vial","Flex"],"gold_per_floor":[115,115,115,134,153,153,42,61,61,74,74,84,97,148,148,244,244,154,172,172,172,183,32,51,67,67,67,85,35,55,71,71],"floor_reached":33,"campfire_rested":2,"playtime":3065,"current_hp_per_floor":[80,80,80,80,80,80,80,80,80,80,80,80,80,80,80,61,80,73,54,39,39,35,35,43,18,18,58,63,63,55,57,85],"items_purged":["Regret"],"gold":71,"score":243,"play_id":"4b3ea16e-5955-4f31-896b-4381164a1b4a","is_prod":false,"is_daily":false,"is_ascension_mode":false,"campfire_upgraded":3,"path_taken":["M","?","?","M","?","R","?","M","T","M","R","M","M","?","R","BOSS","M","?","?","?","M","$","M","M","T","R","?","?","?","M","R","BOSS"],"build_version":"2018-02-22-PROD2","purchased_purges":2,"victory":false,"master_deck":["Strike_R","Strike_R","Strike_R","Strike_R","Defend_R","Defend_R","Defend_R","Defend_R","Bash","Whirlwind+1","Burning Pact","Shrug It Off","Armaments+1","Flame Barrier","Cleave","Power Through+1","Clothesline","Juggernaut","Iron Wave","Shrug It Off+1","Burning Pact+1","Thunderclap","Second Wind","Flex","Pommel Strike+1","Evolve"],"max_hp_per_floor":[80,80,80,80,80,80,80,80,80,80,80,80,80,80,80,80,80,80,80,85,85,85,85,85,85,85,85,85,85,85,85,85],"relics":["Burning Blood","Calipers","Bag of Preparation","Regal Pillow","Mark of Pain","Centennial Puzzle","Blood Vial","Girya"],"card_choices":[{"not_picked":["Armaments","Havoc"],"picked":"Whirlwind"},{"not_picked":["Dual Wield","Heavy Blade"],"picked":"Shrug It Off"},{"not_picked":["Havoc","Headbutt"],"picked":"Armaments"},{"not_picked":["Havoc","Shrug It Off"],"picked":"Cleave"},{"not_picked":["Twin Strike","Heavy Blade"],"picked":"Power Through"},{"not_picked":["Clash","Wild Strike"],"picked":"Clothesline"},{"not_picked":["Bludgeon","Barricade"],"picked":"Juggernaut"},{"not_picked":["Thunderclap","Bloodletting"],"picked":"Iron Wave"},{"not_picked":["Uppercut","Thunderclap"],"picked":"Shrug It Off"},{"not_picked":["Shrug It Off","Whirlwind"],"picked":"Burning Pact"},{"not_picked":["Uppercut","Shrug It Off"],"picked":"Thunderclap"},{"not_picked":["Limit Break","Flame Barrier"],"picked":"Second Wind"},{"not_picked":["Heavy Blade","Clash"],"picked":"Pommel Strike"},{"not_picked":["Warcry","Clothesline"],"picked":"Evolve"}],"player_experience":49426,"potions_floor_usage":[5,16,16,16,22,22,24,30,33,33],"damage_taken":[{"damage":6,"enemies":"Cultist","floor":1,"turns":5},{"damage":4,"enemies":"2 Louse","floor":4,"turns":3},{"damage":1,"enemies":"Jaw Worm","floor":5,"turns":3},{"damage":1,"enemies":"3 Louse","floor":8,"turns":3},{"damage":0,"enemies":"Red Slaver","floor":10,"turns":6},{"damage":0,"enemies":"Gremlin Gang","floor":12,"turns":3},{"damage":0,"enemies":"Lots of Slimes","floor":13,"turns":1},{"damage":25,"enemies":"Slime Boss","floor":16,"turns":12},{"damage":13,"enemies":"2 Thieves","floor":18,"turns":5},{"damage":25,"enemies":"Shell Parasite","floor":19,"turns":8},{"damage":10,"enemies":"Snake Plant","floor":22,"turns":4},{"damage":0,"enemies":"3 Cultists","floor":24,"turns":3},{"damage":33,"enemies":"Centurion and Healer","floor":25,"turns":15},{"damage":3,"enemies":"Snecko","floor":28,"turns":4},{"damage":16,"enemies":"Chosen and Byrds","floor":30,"turns":7},{"damage":6,"enemies":"3 Cultists","floor":31,"turns":5},{"damage":91,"enemies":"Champ","floor":33,"turns":17}],"event_choices":[{"event_name":"Big Fish","player_choice":"Box","floor":2,"damage_taken":0},{"event_name":"Transmorgrifier","player_choice":"Transform","floor":3,"damage_taken":0},{"event_name":"Forgotten Altar","player_choice":"Shed Blood","floor":20,"damage_taken":0},{"event_name":"The Mausoleum","player_choice":"Yes","floor":21,"damage_taken":0}],"boss_relics":[{"not_picked":["Runic Cube","Philosopher\u0027s Stone"],"picked":"Mark of Pain"}],"potions_floor_spawned":[1,5,8,13,16,19,22,25,30,31],"seed_played":"7538617914892331521","killed_by":"Champ","ascension_level":0,"is_trial":false}