{"gold_per_floor":[112,132,148,148,167,167,181,181,181,181,201,216,216,233,233,233],"floor_reached":16,"playtime":582,"items_purged":[],"score":192,"play_id":"4591c4c5-3a9b-4d14-b436-4e5d90edb3be","local_time":"20190116232733","is_ascension_mode":true,"campfire_choices":[{"data":"Neutralize","floor":6,"key":"SMITH"},{"data":"Blade Dance","floor":8,"key":"SMITH"},{"data":"Blade Dance","floor":10,"key":"SMITH"},{"data":"Footwork","floor":13,"key":"SMITH"},{"floor":15,"key":"REST"}],"neow_cost":"NONE","seed_source_timestamp":13710644240507,"circlet_count":0,"master_deck":["AscendersBane","Defend_G","Defend_G","Defend_G","Defend_G","Defend_G","Strike_G","Strike_G","Strike_G","Strike_G","Strike_G","Survivor","Neutralize+1","Die Die Die","Blade Dance+1","Dash","Slice","Pain","Blade Dance+1","Dagger Spray","Footwork+1","Blade Dance","Terror"],"relics":["Ring of the Snake","WarpedTongs","Art of War"],"potions_floor_usage":[5,14,16],"damage_taken":[{"damage":4,"enemies":"Small Slimes","floor":1,"turns":3},{"damage":1,"enemies":"Cultist","floor":2,"turns":3},{"damage":0,"enemies":"2 Louse","floor":3,"turns":2},{"damage":4,"enemies":"Exordium Thugs","floor":5,"turns":2},{"damage":3,"enemies":"Looter","floor":7,"turns":3},{"damage":9,"enemies":"2 Fungi Beasts","floor":11,"turns":3},{"damage":0,"enemies":"Exordium Wildlife","floor":12,"turns":4},{"damage":1,"enemies":"Lots of Slimes","floor":14,"turns":3},{"damage":59,"enemies":"Hexaghost","floor":16,"turns":11}],"seed_played":"-6086655242950224182","potions_obtained":[{"floor":1,"key":"SkillPotion"},{"floor":3,"key":"SteroidPotion"},{"floor":7,"key":"AttackPotion"},{"floor":11,"key":"SpeedPotion"}],"is_trial":false,"path_per_floor":["M","M","M","?","M","R","M","R","T","R","M","M","R","M","R","B"],"character_chosen":"THE_SILENT","items_purchased":[],"campfire_rested":1,"item_purchase_floors":[],"current_hp_per_floor":[55,54,54,54,50,50,47,47,47,47,38,38,38,37,56,0],"gold":233,"neow_bonus":"ONE_RANDOM_RARE_CARD","is_prod":false,"is_daily":false,"chose_seed":false,"campfire_upgraded":4,"win_rate":0,"timestamp":1547677653,"path_taken":["M","M","M","?","M","R","M","R","T","R","M","?","R","M","R","BOSS"],"build_version":"2019-01-14v2","purchased_purges":0,"victory":false,"max_hp_per_floor":[66,66,66,66,66,66,66,66,66,66,66,66,66,66,66,66],"card_choices":[{"not_picked":["Eviscerate","Prepared"],"picked":"Blade Dance","floor":1},{"not_picked":["Bane","Eviscerate"],"picked":"Dash","floor":2},{"not_picked":["Deadly Poison","Backflip"],"picked":"Slice","floor":3},{"not_picked":["Skewer","Prepared"],"picked":"Blade Dance","floor":5},{"not_picked":["Reflex","Prepared"],"picked":"Dagger Spray","floor":7},{"not_picked":["Noxious Fumes","Underhanded Strike"],"picked":"Footwork","floor":11},{"not_picked":["Bullet Time","Quick Slash"],"picked":"Blade Dance","floor":12},{"not_picked":["Backflip","Calculated Gamble"],"picked":"Terror","floor":14}],"player_experience":892643,"relics_obtained":[{"floor":9,"key":"Art of War"}],"event_choices":[{"damage_healed":0,"gold_gain":0,"player_choice":"Rummage","damage_taken":0,"relics_obtained":["WarpedTongs"],"max_hp_gain":0,"max_hp_loss":0,"event_name":"Accursed Blacksmith","floor":4,"gold_loss":0,"cards_obtained":["Pain"]}],"is_beta":true,"boss_relics":[],"items_purged_floors":[],"is_endless":false,"potions_floor_spawned":[1,3,7,11],"killed_by":"Hexaghost","ascension_level":20}