{"gold_per_floor":[113,113,127,127,140,140,166,166,166,166,198,224,41,52,52,126,126,141,141,191,191,210,210,37,37,37,69,147,176,176,186,186,263,263,279,289,335,87,99,99,117,117,141,160,186,186,186,205,205,205,205,205,205,105,139,139],"floor_reached":56,"playtime":3081,"items_purged":["Writhe","Strike_B+1"],"score":2077,"play_id":"dc17f19c-a456-4e79-9014-696102fa09ed","local_time":"20190122001706","is_ascension_mode":true,"campfire_choices":[{"data":"Zap","floor":6.0,"key":"SMITH"},{"data":"Self Repair","floor":8.0,"key":"SMITH"},{"data":"Sweeping Beam","floor":10.0,"key":"SMITH"},{"data":"Dualcast","floor":15.0,"key":"SMITH"},{"data":"Ball Lightning","floor":23.0,"key":"SMITH"},{"floor":25.0,"key":"RECALL"},{"data":"Capacitor","floor":30.0,"key":"SMITH"},{"data":"Electrodynamics","floor":32.0,"key":"SMITH"},{"data":"Buffer","floor":40.0,"key":"SMITH"},{"data":"Barrage","floor":42.0,"key":"SMITH"},{"data":"Biased Cognition","floor":49.0,"key":"SMITH"},{"floor":53.0,"key":"REST"}],"neow_cost":"TEN_PERCENT_HP_LOSS","seed_source_timestamp":12883028320135,"circlet_count":0,"master_deck":["AscendersBane","Strike_B+1","Strike_B+1","Strike_B+1","Defend_B+1","Defend_B+1","Defend_B+1","Defend_B+1","Zap+1","Dualcast+1","Ball Lightning+1","Self Repair+1","Cold Snap+1","Sweeping Beam+1","Reinforced Body+1","Leap+1","Electrodynamics+1","Seek+1","Steam+1","Capacitor+1","Conserve Battery+1","White Noise+1","Seek+1","Go for the Eyes+1","Barrage+1","Chaos+1","Fission+1","Buffer+1","Biased Cognition+1","Coolheaded+1","Hologram+1","Defragment+1","Good Instincts+1","Purity+1","Violence+1","Defragment+1","Hologram+1"],"special_seed":0,"relics":["Cracked Core","Torii","Juzu Bracelet","Toxic Egg 2","Centennial Puzzle","Ancient Tea Set","Bottled Flame","Bronze Scales","Oddly Smooth Stone","Sozu","Anchor","Letter Opener","Bag of Preparation","Pear","Whetstone","Black Star","Mango","Frozen Egg 2","Blood Vial","Pantograph","Symbiotic Virus"],"potions_floor_usage":[],"damage_taken":[{"damage":1.0,"enemies":"2 Louse","floor":1.0,"turns":2.0},{"damage":2.0,"enemies":"Jaw Worm","floor":3.0,"turns":3.0},{"damage":1.0,"enemies":"Cultist","floor":5.0,"turns":3.0},{"damage":26.0,"enemies":"3 Sentries","floor":7.0,"turns":7.0},{"damage":6.0,"enemies":"Gremlin Nob","floor":11.0,"turns":3.0},{"damage":1.0,"enemies":"Exordium Wildlife","floor":14.0,"turns":4.0},{"damage":8.0,"enemies":"Slime Boss","floor":16.0,"turns":8.0},{"damage":9.0,"enemies":"3 Byrds","floor":18.0,"turns":3.0},{"damage":1.0,"enemies":"2 Thieves","floor":22.0,"turns":2.0},{"damage":24.0,"enemies":"Book of Stabbing","floor":27.0,"turns":6.0},{"damage":0.0,"enemies":"Slavers","floor":29.0,"turns":2.0},{"damage":0.0,"enemies":"Centurion and Healer","floor":31.0,"turns":3.0},{"damage":41.0,"enemies":"Collector","floor":33.0,"turns":8.0},{"damage":0.0,"enemies":"3 Shapes","floor":35.0,"turns":4.0},{"damage":0.0,"enemies":"3 Darklings","floor":36.0,"turns":3.0},{"damage":2.0,"enemies":"2 Orb Walkers","floor":37.0,"turns":4.0},{"damage":0.0,"enemies":"Jaw Worm Horde","floor":39.0,"turns":3.0},{"damage":0.0,"enemies":"4 Shapes","floor":41.0,"turns":2.0},{"damage":0.0,"enemies":"Transient","floor":44.0,"turns":6.0},{"damage":0.0,"enemies":"Nemesis","floor":45.0,"turns":9.0},{"damage":0.0,"enemies":"Reptomancer","floor":47.0,"turns":2.0},{"damage":12.0,"enemies":"3 Darklings","floor":48.0,"turns":3.0},{"damage":37.0,"enemies":"Awakened One","floor":50.0,"turns":14.0},{"damage":0.0,"enemies":"Donu and Deca","floor":51.0,"turns":7.0},{"damage":1,"enemies":"Shield and Spear","floor":55,"turns":3},{"damage":95,"enemies":"The Heart","floor":56,"turns":11}],"seed_played":"-8990552604357703023","potions_obtained":[{"floor":1.0,"key":"SmokeBomb"},{"floor":3.0,"key":"Poison Potion"},{"floor":11.0,"key":"SkillPotion"}],"is_trial":false,"path_per_floor":["?","T","T","?","?","?","T","?","?"],"character_chosen":"DEFECT","items_purchased":["Leap+1","Oddly Smooth Stone","Capacitor","Conserve Battery+1","Fission+1","Buffer"],"campfire_rested":1,"item_purchase_floors":[13,13,24,24,38,38],"current_hp_per_floor":[63,52,50,50,56,56,30,30,30,30,34,34,34,43,43,45,59,60,60,60,60,64,64,64,64,64,40,50,60,60,70,70,39,65,74,74,88,88,88,88,88,88,88,88,88,78,80,80,80,55,67,83,88,88,87,0],"gold":139,"neow_bonus":"ONE_RARE_RELIC","is_prod":false,"is_daily":false,"chose_seed":false,"campfire_upgraded":10,"win_rate":0,"timestamp":1548112626,"path_taken":["M","?","M","?","M","R","E","R","T","R","E","?","$","M","R","BOSS","M","?","?","?","M","R","$","R","T","E","?","E","R","M","R","BOSS","M","M","?","$","M","R","M","R","T","M","E","?","E","M","R","BOSS","BOSS","R","$","E","BOSS"],"build_version":"2019-01-20","purchased_purges":2,"victory":false,"max_hp_per_floor":[64,64,64,64,64,64,64,64,64,64,64,64,64,64,64,64,64,64,64,64,64,64,64,64,64,64,64,74,74,74,74,74,74,74,74,74,88,88,88,88,88,88,88,88,88,88,88,88,88,88,88,88,88,88,88,88],"card_choices":[{"not_picked":["BootSequence","Streamline"],"picked":"Ball Lightning","floor":1.0},{"not_picked":["Rebound","Go for the Eyes"],"picked":"Self Repair","floor":3.0},{"not_picked":["Self Repair","Doom and Gloom"],"picked":"Cold Snap","floor":5.0},{"not_picked":["Scrape","Beam Cell"],"picked":"Sweeping Beam","floor":7.0},{"not_picked":["Gash","Sweeping Beam"],"picked":"Reinforced Body+1","floor":11.0},{"not_picked":["Melter","Tempest+1"],"picked":"Electrodynamics","floor":14.0},{"not_picked":["Creative AI","Core Surge"],"picked":"Seek+1","floor":16.0},{"not_picked":["Gash","Blizzard"],"picked":"Steam+1","floor":18.0},{"not_picked":["Turbo+1","Streamline","Beam Cell"],"picked":"SKIP","floor":22.0},{"not_picked":["Beam Cell","Scrape"],"picked":"White Noise+1","floor":27.0},{"not_picked":["Hyperbeam","Reprogram+1","Beam Cell"],"picked":"SKIP","floor":29.0},{"not_picked":["Stack+1","Sweeping Beam","Heatsinks+1"],"picked":"SKIP","floor":31.0},{"not_picked":["Hyperbeam","Amplify+1"],"picked":"Seek+1","floor":33.0},{"not_picked":["Steam+1","Gash+1"],"picked":"Go for the Eyes+1","floor":35.0},{"not_picked":["Redo+1","Blizzard"],"picked":"Barrage","floor":36.0},{"not_picked":["Compile Driver","Scrape+1"],"picked":"Chaos+1","floor":37.0},{"not_picked":["Coolheaded+1","Ball Lightning+1"],"picked":"Biased Cognition","floor":39.0},{"not_picked":["Self Repair","Cold Snap+1"],"picked":"Coolheaded+1","floor":41.0},{"not_picked":["Reinforced Body+1","Rebound"],"picked":"Hologram+1","floor":44.0},{"not_picked":["Darkness+1","Stack+1"],"picked":"Defragment","floor":45.0},{"not_picked":["The Bomb+1","Flash of Steel"],"picked":"Good Instincts+1","floor":46.0},{"not_picked":["Mind Blast","Enlightenment+1"],"picked":"Purity+1","floor":46.0},{"not_picked":["Sadistic Nature+1","Flash of Steel"],"picked":"Violence+1","floor":46.0},{"not_picked":["Leap+1","Compile Driver"],"picked":"Defragment+1","floor":48.0},{"not_picked":["Rebound","Ball Lightning"],"picked":"Hologram+1","floor":55}],"player_experience":900870,"relics_obtained":[{"floor":4.0,"key":"Toxic Egg 2"},{"floor":7.0,"key":"Centennial Puzzle"},{"floor":9.0,"key":"Ancient Tea Set"},{"floor":11.0,"key":"Bottled Flame"},{"floor":12.0,"key":"Bronze Scales"},{"floor":26.0,"key":"Letter Opener"},{"floor":27.0,"key":"Bag of Preparation"},{"floor":28.0,"key":"Pear"},{"floor":29.0,"key":"Whetstone"},{"floor":37.0,"key":"Mango"},{"floor":45.0,"key":"Frozen Egg 2"},{"floor":45.0,"key":"Blood Vial"},{"floor":55,"key":"Pantograph"},{"floor":55,"key":"Symbiotic Virus"}],"event_choices":[{"damage_healed":0.0,"max_hp_gain":0.0,"max_hp_loss":0.0,"gold_gain":0.0,"event_name":"Scrap Ooze","player_choice":"Success","floor":2.0,"gold_loss":0.0,"damage_taken":11.0,"relics_obtained":["Juzu Bracelet"]},{"damage_healed":0.0,"max_hp_gain":0.0,"max_hp_loss":0.0,"gold_gain":0.0,"event_name":"Back to Basics","player_choice":"Simplicity","floor":19.0,"gold_loss":0.0,"damage_taken":0.0,"cards_upgraded":["Strike_B","Strike_B","Strike_B","Strike_B","Defend_B","Defend_B","Defend_B","Defend_B"]},{"damage_healed":0.0,"max_hp_gain":0.0,"max_hp_loss":0.0,"gold_gain":100.0,"event_name":"The Joust","player_choice":"Bet on Murderer","floor":20.0,"gold_loss":50.0,"damage_taken":0.0},{"damage_healed":0.0,"max_hp_gain":0.0,"max_hp_loss":0.0,"gold_gain":0.0,"event_name":"The Mausoleum","player_choice":"Opened","floor":21.0,"gold_loss":0.0,"damage_taken":0.0,"relics_obtained":["Anchor"],"cards_obtained":["Writhe"]},{"damage_healed":0.0,"max_hp_gain":0.0,"max_hp_loss":0.0,"gold_gain":0.0,"event_name":"Mysterious Sphere","player_choice":"Fight","floor":37.0,"gold_loss":0.0,"damage_taken":0.0},{"damage_healed":0.0,"max_hp_gain":0.0,"max_hp_loss":0.0,"gold_gain":0.0,"event_name":"SensoryStone","player_choice":"Memory 3","floor":46.0,"gold_loss":0.0,"damage_taken":10.0}],"is_beta":true,"boss_relics":[{"not_picked":["Astrolabe","FrozenCore"],"picked":"Sozu"},{"not_picked":["Coffee Dripper","Snecko Eye"],"picked":"Black Star"}],"items_purged_floors":[24,54],"is_endless":false,"potions_floor_spawned":[1,3,11,14,22,27,31,37,41,44,47],"killed_by":"The Heart","ascension_level":20}