{"path_per_floor":["M","?","?","M","$","E","R","E","T","E","R","M","R","E","R"],"character_chosen":"THE_SILENT","items_purchased":["Cloak And Dagger"],"gold_per_floor":[114,114,114,129,81,111,111,141,141,171,171,186,186,216,216,216],"floor_reached":16,"campfire_rested":4,"playtime":857,"current_hp_per_floor":[70,63,63,63,63,23,44,25,31,13,35,28,50,40,62,0],"items_purged":[],"gold":216,"score":126,"play_id":"e292d5d7-7ac0-4c0e-afec-5f9acef7643c","local_time":"20180425055910","daily_mods":["Heirloom","Cursed Run","Elite Swarm"],"is_prod":false,"is_daily":true,"chose_seed":false,"is_ascension_mode":false,"campfire_upgraded":0,"timestamp":1524644950,"path_taken":["M","?","?","M","$","E","R","E","T","E","R","M","R","E","R","BOSS"],"build_version":"2018-04-19","seed_source_timestamp":0,"purchased_purges":0,"victory":false,"master_deck":["Defend_G","Defend_G","Defend_G","Defend_G","Defend_G","Strike_G","Strike_G","Strike_G","Strike_G+1","Strike_G+1","Survivor","Neutralize","Expertise","Cloak And Dagger","Doppelganger","Phantasmal Killer","Pain","Die Die Die","Crippling Poison","Adrenaline"],"max_hp_per_floor":[70,70,70,70,70,70,70,70,76,76,76,76,76,76,76,76],"relics":["Cursed Key","Darkstone Periapt","Du-Vu Doll","Bird Faced Urn","Peace Pipe","Blood Vial","Gremlin Horn","Mummified Hand","Whetstone","Orichalcum"],"card_choices":[{"not_picked":["Sucker Punch","Crippling Poison"],"picked":"Expertise","floor":4},{"not_picked":["Tactician","A Thousand Cuts"],"picked":"Doppelganger","floor":6},{"not_picked":["Corpse Explosion","Venomology"],"picked":"Phantasmal Killer","floor":8},{"not_picked":["Burst","Envenom"],"picked":"Die Die Die","floor":10},{"not_picked":["Deadly Poison","Bane"],"picked":"Crippling Poison","floor":12},{"not_picked":["Unload","Die Die Die"],"picked":"Adrenaline","floor":14}],"player_experience":363739,"potions_floor_usage":[4,8,10],"damage_taken":[{"damage":0,"enemies":"Cultist","floor":1,"turns":4},{"damage":0,"enemies":"Small Slimes","floor":4,"turns":4},{"damage":40,"enemies":"Gremlin Nob","floor":6,"turns":6},{"damage":21,"enemies":"3 Sentries","floor":8,"turns":11},{"damage":20,"enemies":"Gremlin Nob","floor":10,"turns":4},{"damage":9,"enemies":"Jaw Worm","floor":12,"turns":2},{"damage":12,"enemies":"Lagavulin","floor":14,"turns":6},{"damage":72,"enemies":"The Guardian","floor":16,"turns":19}],"event_choices":[{"event_name":"Scrap Ooze","player_choice":"success","floor":2,"damage_taken":7},{"event_name":"Golden Wing","player_choice":"Ignored","floor":3,"damage_taken":0}],"boss_relics":[],"potions_floor_spawned":[1,6,8,10],"seed_played":"-2659894328139620276","killed_by":"The Guardian","ascension_level":0,"is_trial":false}