{"gold_per_floor":[112,112,2,14,29,42,42,42,42,74,89,89,121,86,86,182,182,198,148,165,176,176,176,201,26,26,26,55,70,84,104,104,208,208,223,223,53,53,98,98],"floor_reached":40,"playtime":4506,"items_purged":["Strike_R","Fire Breathing","Defend_R"],"score":439,"play_id":"9b761952-955d-4429-806d-83ca6e33203d","local_time":"20190108203807","is_ascension_mode":false,"campfire_choices":[{"floor":15,"key":"RECALL"},{"data":"Pommel Strike","floor":23,"key":"SMITH"},{"data":"Limit Break","floor":32,"key":"SMITH"}],"neow_cost":"NONE","seed_source_timestamp":2251568870205,"circlet_count":0,"master_deck":["Strike_R","Defend_R","Defend_R","Defend_R","Bash","Cleave","Iron Wave","Inflame","Spot Weakness","Carnage","Pommel Strike+1","Shrug It Off","Berserk","Iron Wave","Pommel Strike+1","Sword Boomerang+1","Limit Break+1","Flex","Shrug It Off+1","Shrug It Off+1","Limit Break","Pommel Strike+1","Heavy Blade","Madness","Madness","Thunderclap"],"relics":["Burning Blood","PreservedInsect","Kunai","FossilizedHelix","Meat on the Bone","Sozu","MutagenicStrength","Gremlin Horn","Matryoshka","Red Mask","Velvet Choker","Ice Cream"],"potions_floor_usage":[10,10,16,18],"damage_taken":[{"damage":5,"enemies":"Small Slimes","floor":1,"turns":4},{"damage":5,"enemies":"Cultist","floor":4,"turns":4},{"damage":2,"enemies":"2 Louse","floor":5,"turns":2},{"damage":10,"enemies":"2 Fungi Beasts","floor":6,"turns":4},{"damage":8,"enemies":"3 Sentries","floor":10,"turns":5},{"damage":0,"enemies":"Exordium Thugs","floor":11,"turns":4},{"damage":18,"enemies":"Lagavulin","floor":13,"turns":8},{"damage":79,"enemies":"Hexaghost","floor":16,"turns":13},{"damage":0,"enemies":"Spheric Guardian","floor":18,"turns":3},{"damage":12,"enemies":"Shell Parasite","floor":20,"turns":5},{"damage":18,"enemies":"Cultist and Chosen","floor":21,"turns":7},{"damage":21,"enemies":"Book of Stabbing","floor":24,"turns":3},{"damage":0,"enemies":"Masked Bandits","floor":28,"turns":3},{"damage":0,"enemies":"Chosen and Byrds","floor":29,"turns":3},{"damage":0,"enemies":"Centurion and Healer","floor":30,"turns":3},{"damage":0,"enemies":"Snecko","floor":31,"turns":3},{"damage":25,"enemies":"Automaton","floor":33,"turns":8},{"damage":31,"enemies":"3 Darklings","floor":35,"turns":4},{"damage":11,"enemies":"2 Orb Walkers","floor":39,"turns":3},{"damage":65,"enemies":"Nemesis","floor":40,"turns":3}],"seed_played":"-459481160217274875","potions_obtained":[{"floor":1,"key":"BloodPotion"},{"floor":5,"key":"AttackPotion"},{"floor":10,"key":"Regen Potion"},{"floor":11,"key":"Fire Potion"}],"is_trial":false,"path_per_floor":["M","?","$","M","M","M","?","?","T","E","M","?","E","?","R","B",null,"M","?","M","M","?","R","E","$","T","?","?","M","M","M","R","B",null,"M","?","$","?","?","E"],"character_chosen":"IRONCLAD","items_purchased":["Fire Breathing","Limit Break","Heavy Blade"],"campfire_rested":0,"item_purchase_floors":[3,25,37],"current_hp_per_floor":[80,80,80,80,80,76,58,58,58,64,70,63,51,71,71,25,80,80,80,74,62,62,62,47,47,47,47,53,59,65,71,71,52,80,55,55,55,45,52,0],"gold":98,"neow_bonus":"RANDOM_COMMON_RELIC","is_prod":false,"is_daily":false,"chose_seed":false,"campfire_upgraded":2,"win_rate":0,"timestamp":1546979887,"path_taken":["M","?","$","?","M","M","?","?","T","E","?","?","E","?","R","BOSS","M","?","M","?","?","R","E","$","T","?","?","M","M","M","R","BOSS","M","?","$","?","?","E"],"build_version":"2019-01-03v4","purchased_purges":3,"victory":false,"max_hp_per_floor":[80,80,80,80,80,80,80,80,80,80,80,80,80,80,80,80,80,80,80,80,80,80,80,80,80,80,80,80,80,80,80,80,80,80,80,80,80,80,80,80],"card_choices":[{"not_picked":["Headbutt","Sword Boomerang"],"picked":"Cleave","floor":1},{"not_picked":["Clash","Bludgeon"],"picked":"Inflame","floor":4},{"not_picked":["Rampage","Reckless Charge","Feel No Pain"],"picked":"SKIP","floor":5},{"not_picked":["Reckless Charge","Clothesline"],"picked":"Spot Weakness","floor":6},{"not_picked":["Twin Strike","Shockwave"],"picked":"Carnage","floor":10},{"not_picked":["Entrench","Bloodletting"],"picked":"Pommel Strike","floor":11},{"not_picked":["Twin Strike","Brutality"],"picked":"Shrug It Off","floor":13},{"not_picked":["Bludgeon","Brutality"],"picked":"Berserk","floor":16},{"not_picked":["Headbutt","Whirlwind"],"picked":"Iron Wave","floor":18},{"not_picked":["Flame Barrier","Clash"],"picked":"Pommel Strike+1","floor":20},{"not_picked":["Infernal Blade","Pummel+1"],"picked":"Sword Boomerang+1","floor":21},{"not_picked":["Iron Wave","True Grit","Spot Weakness"],"picked":"SKIP","floor":24},{"not_picked":["Body Slam+1","Carnage+1"],"picked":"Flex","floor":29},{"not_picked":["Pommel Strike","Body Slam+1"],"picked":"Shrug It Off+1","floor":30},{"not_picked":["Clothesline","Second Wind"],"picked":"Shrug It Off+1","floor":31},{"not_picked":["Reaper","Double Tap"],"picked":"Limit Break","floor":33},{"not_picked":["Combust+1","Iron Wave"],"picked":"Pommel Strike+1","floor":35},{"not_picked":["Body Slam+1","Headbutt+1"],"picked":"Thunderclap","floor":39}],"player_experience":35837,"relics_obtained":[{"floor":10,"key":"FossilizedHelix"},{"floor":13,"key":"Meat on the Bone"},{"floor":24,"key":"Gremlin Horn"},{"floor":26,"key":"Matryoshka"},{"floor":28,"key":"Red Mask"},{"floor":39,"key":"Ice Cream"}],"event_choices":[{"cards_removed":["Strike_R"],"damage_healed":0,"gold_gain":0,"player_choice":"Took Card","damage_taken":0,"max_hp_gain":0,"max_hp_loss":0,"event_name":"NoteForYourself","floor":2,"gold_loss":0,"cards_obtained":["Iron Wave"]},{"damage_healed":0,"gold_gain":0,"player_choice":"Success","damage_taken":18,"relics_obtained":["Kunai"],"max_hp_gain":0,"max_hp_loss":0,"event_name":"Scrap Ooze","floor":7,"gold_loss":0},{"cards_removed":["Strike_R"],"damage_healed":0,"gold_gain":0,"player_choice":"Offered Basic","damage_taken":0,"max_hp_gain":0,"max_hp_loss":0,"event_name":"Bonfire Elementals","floor":8,"gold_loss":0},{"cards_removed":["Strike_R"],"damage_healed":0,"gold_gain":0,"player_choice":"Card Removal","damage_taken":7,"max_hp_gain":0,"max_hp_loss":0,"event_name":"Golden Wing","floor":12,"gold_loss":0},{"damage_healed":20,"gold_gain":0,"player_choice":"Healed","damage_taken":0,"max_hp_gain":0,"max_hp_loss":0,"event_name":"The Cleric","floor":14,"gold_loss":35},{"damage_healed":0,"gold_gain":0,"player_choice":"Bet on Owner","damage_taken":0,"max_hp_gain":0,"max_hp_loss":0,"event_name":"The Joust","floor":19,"gold_loss":50},{"damage_healed":0,"gold_gain":0,"player_choice":"Inject Mutagens","damage_taken":0,"relics_obtained":["MutagenicStrength"],"max_hp_gain":0,"max_hp_loss":0,"event_name":"Drug Dealer","floor":22,"gold_loss":0},{"damage_healed":0,"gold_gain":0,"player_choice":"Ignored","damage_taken":0,"max_hp_gain":0,"max_hp_loss":0,"event_name":"Beggar","floor":27,"gold_loss":0},{"damage_healed":0,"gold_gain":0,"player_choice":"Fought Bandits","damage_taken":0,"max_hp_gain":0,"max_hp_loss":0,"event_name":"Masked Bandits","floor":28,"gold_loss":0},{"damage_healed":0,"gold_gain":0,"player_choice":"Memory 1","damage_taken":0,"max_hp_gain":0,"max_hp_loss":0,"event_name":"SensoryStone","floor":36,"gold_loss":0},{"damage_healed":0,"gold_gain":0,"player_choice":"Embrace Madness","damage_taken":10,"max_hp_gain":0,"max_hp_loss":0,"event_name":"Winding Halls","floor":38,"gold_loss":0,"cards_obtained":["Madness","Madness"]},{"damage_healed":0,"gold_gain":0,"player_choice":"Fight","damage_taken":0,"max_hp_gain":0,"max_hp_loss":0,"event_name":"Mysterious Sphere","floor":39,"gold_loss":0}],"is_beta":false,"boss_relics":[{"not_picked":["Empty Cage","Ectoplasm"],"picked":"Sozu"},{"not_picked":["Orrery","Runic Dome"],"picked":"Velvet Choker"}],"items_purged_floors":[3,25,37],"is_endless":false,"potions_floor_spawned":[1,5,10,11,18,21,28,29,39],"killed_by":"Nemesis","ascension_level":0}