{"path_per_floor":["M","?","M","?","$","R","M","M","T","?","M","R","$","?","R","B",null,"M","?","M","M","M","R","?","M","T","M","$","E","R","$","R"],"character_chosen":"IRONCLAD","items_purchased":["Wild Strike","Pummel","Membership Card","Thunderclap","Regen Potion"],"gold_per_floor":[110,110,134,134,59,59,82,97,97,172,193,193,3,178,178,308,308,326,326,345,361,380,380,380,393,393,409,34,67,67,25,25,25],"floor_reached":33,"campfire_rested":4,"playtime":1422,"current_hp_per_floor":[78,78,61,61,61,61,61,53,53,42,48,72,72,72,72,34,80,67,51,33,19,23,47,47,48,48,41,41,16,40,40,64,0],"items_purged":["Pain","Normality","Doubt"],"gold":25,"score":270,"play_id":"cf9e4153-7a8d-425a-a377-18c0a545d63b","local_time":"20180326052451","is_prod":false,"is_daily":false,"is_ascension_mode":true,"campfire_upgraded":0,"timestamp":1522050891,"path_taken":["M","?","M","?","$","R","M","M","T","?","M","R","$","?","R","BOSS","M","?","M","M","M","R","?","M","T","M","$","E","R","$","R","BOSS"],"build_version":"2018-03-22v2","purchased_purges":3,"victory":false,"master_deck":["Strike_R","Strike_R","Strike_R","Strike_R","Strike_R","Defend_R","Defend_R","Defend_R","Defend_R","Bash","Perfected Strike","Injury","Wild Strike","Anger+1","Flame Barrier","Whirlwind+1","Wild Strike+1","Pummel+1","Reaper+1","Armaments+1","Dark Shackles","Shrug It Off","Pommel Strike+1","Clothesline+1","Flame Barrier+1","Flex+1","Thunderclap+1"],"max_hp_per_floor":[80,80,80,80,80,80,80,80,80,80,80,80,80,80,80,80,80,80,80,80,80,80,80,80,80,80,80,80,80,80,80,80,80],"relics":["Burning Blood","Shovel","Golden Idol","Molten Egg 2","Mercury Hourglass","Gremlin Horn","Calipers","Lizard Tail","Girya","Membership Card","Blue Candle"],"card_choices":[{"not_picked":["Entrench","Second Wind"],"picked":"Perfected Strike","floor":1},{"not_picked":["Blood for Blood","Searing Blow"],"picked":"Wild Strike","floor":3},{"not_picked":["Headbutt","Wild Strike"],"picked":"Anger","floor":7},{"not_picked":["Twin Strike","Perfected Strike"],"picked":"Flame Barrier","floor":8},{"not_picked":["Heavy Blade","Inflame"],"picked":"Whirlwind","floor":11},{"not_picked":["Limit Break","Exhume"],"picked":"Reaper","floor":16},{"not_picked":["Sword Boomerang","Clothesline"],"picked":"Armaments","floor":18},{"not_picked":["Corruption","Anger"],"picked":"Shrug It Off","floor":20},{"not_picked":["Feed","Heavy Blade"],"picked":"Pommel Strike","floor":21},{"not_picked":["Sword Boomerang","Combust"],"picked":"Clothesline","floor":22},{"not_picked":["Armaments","Warcry"],"picked":"Flame Barrier","floor":25},{"not_picked":["True Grit","Burning Pact"],"picked":"Flex","floor":27}],"player_experience":247195,"potions_floor_usage":[16,18,22,25,33],"damage_taken":[{"damage":8,"enemies":"2 Louse","floor":1,"turns":3},{"damage":23,"enemies":"Jaw Worm","floor":3,"turns":4},{"damage":6,"enemies":"Cultist","floor":7,"turns":3},{"damage":14,"enemies":"Blue Slaver","floor":8,"turns":3},{"damage":0,"enemies":"Large Slime","floor":11,"turns":4},{"damage":44,"enemies":"Slime Boss","floor":16,"turns":7},{"damage":19,"enemies":"Shell Parasite","floor":18,"turns":5},{"damage":30,"enemies":"2 Thieves","floor":20,"turns":3},{"damage":25,"enemies":"Snake Plant","floor":21,"turns":5},{"damage":16,"enemies":"Cultist and Chosen","floor":22,"turns":6},{"damage":5,"enemies":"Centurion and Healer","floor":25,"turns":7},{"damage":23,"enemies":"3 Cultists","floor":27,"turns":5},{"damage":84,"enemies":"Gremlin Leader","floor":29,"turns":9},{"damage":94,"enemies":"Collector","floor":33,"turns":12}],"event_choices":[{"event_name":"Golden Idol","player_choice":"Take Wound","floor":2,"damage_taken":0},{"event_name":"Accursed Blacksmith","player_choice":"Rummage","floor":4,"damage_taken":0},{"event_name":"World of Goop","player_choice":"Gather Gold","floor":10,"damage_taken":0},{"event_name":"Liars Game","player_choice":"agreed","floor":14,"damage_taken":0},{"event_name":"Knowing Skull","player_choice":"CARD ","floor":19,"damage_taken":0},{"event_name":"Drug Dealer","player_choice":"Ignored","floor":24,"damage_taken":0}],"boss_relics":[{"not_picked":["Mark of Pain","Calling Bell"],"picked":"Lizard Tail"}],"potions_floor_spawned":[7,16,21,22],"seed_played":"-3975462058063264909","killed_by":"Collector","ascension_level":1,"is_trial":false}