{"path_per_floor":["M","M","M","M","M","E","M","M","T","$","M","R","M","M","R"],"character_chosen":"IRONCLAD","items_purchased":["Fire Breathing"],"gold_per_floor":[118,138,157,174,191,222,233,245,245,90,102,102,120,133,133,133],"floor_reached":16,"campfire_rested":2,"playtime":809,"current_hp_per_floor":[80,80,80,68,64,33,25,19,19,19,11,35,32,29,53,0],"items_purged":["Strike_R"],"gold":133,"score":110,"play_id":"ee7085c0-a417-4c77-bb19-acf8e28f194a","local_time":"20180422131950","is_prod":false,"is_daily":false,"chose_seed":false,"is_ascension_mode":false,"campfire_upgraded":0,"timestamp":1524417590,"path_taken":["M","M","M","M","M","E","M","M","T","$","?","R","M","M","R","BOSS"],"build_version":"2018-04-19","seed_source_timestamp":82647480647356,"purchased_purges":1,"victory":false,"master_deck":["Strike_R","Strike_R","Strike_R","Defend_R","Defend_R","Defend_R","Defend_R","Bash","Rupture","Uppercut","Corruption","True Grit","Headbutt","Clash","Infernal Blade","Warcry","Dropkick","Fire Breathing+1","Pommel Strike","Brutality+1","Hemokinesis"],"max_hp_per_floor":[80,80,80,80,80,80,80,80,80,80,80,80,80,80,80,80],"relics":["Burning Blood","Bottled Flame","Frozen Egg 2"],"card_choices":[{"not_picked":["Anger","Warcry"],"picked":"Uppercut","floor":1},{"not_picked":["Thunderclap","Seeing Red"],"picked":"Corruption","floor":2},{"not_picked":["Shrug It Off","Clothesline"],"picked":"True Grit","floor":3},{"not_picked":["Cleave","Pommel Strike"],"picked":"Headbutt","floor":4},{"not_picked":["Pommel Strike","Flex"],"picked":"Clash","floor":5},{"not_picked":["Dual Wield","Anger"],"picked":"Infernal Blade","floor":6},{"not_picked":["Rupture","Heavy Blade"],"picked":"Warcry","floor":7},{"not_picked":["Inflame","Dual Wield"],"picked":"Dropkick","floor":8},{"not_picked":["Carnage","Armaments"],"picked":"Pommel Strike","floor":11},{"not_picked":["Clash","Carnage"],"picked":"Brutality","floor":13},{"not_picked":["Perfected Strike","True Grit"],"picked":"Hemokinesis","floor":14}],"player_experience":7431,"potions_floor_usage":[7,16,16],"damage_taken":[{"damage":5,"enemies":"Cultist","floor":1,"turns":4},{"damage":1,"enemies":"Jaw Worm","floor":2,"turns":3},{"damage":3,"enemies":"2 Louse","floor":3,"turns":3},{"damage":18,"enemies":"2 Fungi Beasts","floor":4,"turns":4},{"damage":10,"enemies":"Looter","floor":5,"turns":3},{"damage":37,"enemies":"3 Sentries","floor":6,"turns":11},{"damage":14,"enemies":"Exordium Wildlife","floor":7,"turns":6},{"damage":12,"enemies":"3 Louse","floor":8,"turns":4},{"damage":14,"enemies":"Looter","floor":11,"turns":3},{"damage":9,"enemies":"Exordium Wildlife","floor":13,"turns":2},{"damage":9,"enemies":"2 Fungi Beasts","floor":14,"turns":2},{"damage":56,"enemies":"Slime Boss","floor":16,"turns":7}],"event_choices":[],"boss_relics":[],"potions_floor_spawned":[1,5,6,8,13],"seed_played":"1282179875548858887","killed_by":"Slime Boss","ascension_level":0,"is_trial":false}