{"gold_per_floor":[114,13,13,31,31,31,62,82,129,129,129,129,54,68,68,141,141,160,180,180,194,194,194,213,213,259,309,319,92,107,107],"floor_reached":31,"playtime":1253,"items_purged":["Strike_G"],"score":470,"play_id":"65725e71-ebee-405e-983a-04529197d79a","local_time":"20181016201826","is_ascension_mode":true,"campfire_choices":[{"data":"Discovery","floor":6.0,"key":"SMITH"},{"floor":10,"key":"REST"},{"floor":12,"key":"REST"},{"data":"Well Laid Plans","floor":15,"key":"SMITH"},{"data":"Noxious Fumes","floor":23,"key":"SMITH"},{"floor":25,"key":"REST"}],"neow_cost":"NONE","seed_source_timestamp":302486524832,"circlet_count":0,"master_deck":["Defend_G","Defend_G","Defend_G","Defend_G","Defend_G","Strike_G","Strike_G","Strike_G","Strike_G+1","Survivor","Neutralize+1","AscendersBane","Flying Knee","Discovery+1","Underhanded Strike","Neutralize","Well Laid Plans+1","Unload","Backstab","Night Terror","Crippling Poison","Discovery+1","Noxious Fumes+1","Acrobatics","Corpse Explosion"],"special_seed":0,"relics":["Ring of the Snake","Lantern","WarpedTongs","Bag of Marbles","Vajra","Sozu","Smiling Mask"],"potions_floor_usage":[21],"damage_taken":[{"damage":4.0,"enemies":"Cultist","floor":1.0,"turns":5.0},{"damage":4.0,"enemies":"2 Louse","floor":4.0,"turns":3.0},{"damage":33,"enemies":"Lagavulin","floor":7,"turns":6},{"damage":6,"enemies":"Small Slimes","floor":8,"turns":3},{"damage":0,"enemies":"Looter","floor":14,"turns":2},{"damage":12,"enemies":"The Guardian","floor":16,"turns":11},{"damage":7,"enemies":"Spheric Guardian","floor":18,"turns":4},{"damage":0,"enemies":"Chosen","floor":19,"turns":2},{"damage":9,"enemies":"Sentry and Sphere","floor":21,"turns":5},{"damage":6,"enemies":"Cultist and Chosen","floor":24,"turns":5},{"damage":32,"enemies":"Shelled Parasite and Fungi","floor":28,"turns":6},{"damage":12,"enemies":"Centurion and Healer","floor":30,"turns":3},{"damage":11,"enemies":"Chosen and Byrds","floor":31,"turns":3}],"seed_played":"4739420465781350506","potions_obtained":[{"floor":4.0,"key":"Fruit Juice"},{"floor":7,"key":"Block Potion"}],"is_trial":false,"path_per_floor":["M","$","?","M","?","R","E","M","T","R","?","R","?","M","R","B",null,"M","M","?","M","?","R","M","R","T","?","M","$","M"],"character_chosen":"THE_SILENT","items_purchased":["Discovery","Corpse Explosion"],"campfire_rested":3,"item_purchase_floors":[2,29],"current_hp_per_floor":[55,55,55,51,51,56,23,17,17,38,17,38,38,38,38,26,60,53,53,53,44,40,40,34,55,55,55,23,23,11,0],"gold":107,"neow_bonus":"RANDOM_COMMON_RELIC","is_prod":false,"is_daily":false,"chose_seed":false,"campfire_upgraded":3,"win_rate":0,"timestamp":1539713906,"path_taken":["M","$","?","?","?","R","E","M","T","R","?","R","?","M","R","BOSS","M","M","?","M","?","R","M","R","T","?","?","?","M","M"],"build_version":"2018-10-15v2","purchased_purges":1,"victory":false,"max_hp_per_floor":[66,66,66,66,66,71,71,71,71,71,71,71,71,71,71,71,71,71,71,71,71,71,71,71,71,71,71,71,71,71,71],"card_choices":[{"not_picked":["Prepared","Acrobatics"],"picked":"Flying Knee","floor":1.0},{"not_picked":["Cloak And Dagger","Outmaneuver"],"picked":"Underhanded Strike","floor":4.0},{"not_picked":["Sucker Punch","Concentrate"],"picked":"Well Laid Plans","floor":7},{"not_picked":["Cloak And Dagger","Blade Dance"],"picked":"Unload","floor":8},{"not_picked":["All Out Attack","Masterful Stab"],"picked":"Backstab","floor":14},{"not_picked":["Venomology","Phantasmal Killer"],"picked":"Night Terror","floor":16},{"not_picked":["Sucker Punch","Well Laid Plans","Prepared"],"picked":"SKIP","floor":18},{"not_picked":["Tactician","Masterful Stab"],"picked":"Crippling Poison","floor":19},{"not_picked":["Deflect","Flechettes"],"picked":"Noxious Fumes","floor":21},{"not_picked":["Reflex","Slice","Deflect"],"picked":"SKIP","floor":24},{"not_picked":["Flying Knee","Outmaneuver+1"],"picked":"Acrobatics","floor":28},{"not_picked":["Sucker Punch","Acrobatics","Bane"],"picked":"SKIP","floor":30}],"player_experience":710972,"relics_obtained":[{"floor":7,"key":"Bag of Marbles"},{"floor":9,"key":"Vajra"},{"floor":26,"key":"Smiling Mask"}],"event_choices":[{"event_name":"Accursed Blacksmith","player_choice":"Rummage","floor":3.0,"damage_taken":0.0},{"event_name":"Match and Keep!","player_choice":"1 cards matched","floor":5.0,"damage_taken":0.0},{"event_name":"Shining Light","player_choice":"Entered Light","floor":11,"damage_taken":0},{"event_name":"The Cleric","player_choice":"Card Removal","floor":13,"damage_taken":0},{"event_name":"Duplicator","player_choice":"One dupe","floor":20,"damage_taken":0},{"event_name":"The Woman in Blue","player_choice":"Bought 0 Potions","floor":22,"damage_taken":0},{"event_name":"Golden Shrine","player_choice":"Pray","floor":27,"damage_taken":0}],"is_beta":true,"boss_relics":[{"not_picked":["White Beast Statue","Ectoplasm"],"picked":"Sozu"}],"items_purged_floors":[29],"is_endless":false,"potions_floor_spawned":[4,7,18,30],"killed_by":"Chosen and Byrds","ascension_level":20}