{"gold_per_floor":[114,124,124,68,33,33,63,63,63,88,13,13,28,46,46,120,120,136,147,147,147,147,147,158,158,158,158,174,99,99,19,19,96,96,109,161,4,4,20,20,120,131,183,201,214,214,214,244,244,244],"floor_reached":50,"playtime":1951,"items_purged":["Parasite","Amplify+1"],"score":1032,"play_id":"3c64fbc2-b94e-445f-92ca-ae2d40218a1a","local_time":"20181206231211","is_ascension_mode":true,"campfire_choices":[{"data":"Beam Cell","floor":6.0,"key":"SMITH"},{"data":"Hyperbeam","floor":8.0,"key":"SMITH"},{"data":"Go for the Eyes","floor":15.0,"key":"SMITH"},{"floor":23.0,"key":"REST"},{"data":"Hyperbeam","floor":25.0,"key":"SMITH"},{"data":"Steam","floor":27.0,"key":"SMITH"},{"data":"Sunder","floor":32.0,"key":"SMITH"},{"data":"Leap","floor":40.0,"key":"SMITH"},{"data":"Defend_B","floor":46,"key":"SMITH"},{"floor":49,"key":"REST"}],"neow_cost":"CURSE","seed_source_timestamp":10344179359139,"circlet_count":0,"master_deck":["AscendersBane","Strike_B+1","Strike_B+1","Defend_B","Defend_B","Defend_B+1","Hyperbeam+1","Beam Cell+1","Leap+1","Fission","Self Repair","Steam+1","Go for the Eyes+1","Hyperbeam+1","Sunder+1","Skim+1","Streamline+1","Rebound+1","PanicButton","Conserve Battery"],"special_seed":0,"relics":["Cracked Core","Odd Mushroom","Ice Cream","Mercury Hourglass","Busted Crown","Enchiridion","Incense Burner","MutagenicStrength","Astrolabe","Gambling Chip","Bird Faced Urn","Omamori"],"potions_floor_usage":[48,50],"damage_taken":[{"damage":1.0,"enemies":"2 Louse","floor":1.0,"turns":2.0},{"damage":7.0,"enemies":"Jaw Worm","floor":2.0,"turns":3.0},{"damage":11.0,"enemies":"The Mushroom Lair","floor":7.0,"turns":3.0},{"damage":30.0,"enemies":"Lagavulin","floor":10.0,"turns":6.0},{"damage":0.0,"enemies":"Small Slimes","floor":13.0,"turns":1.0},{"damage":0.0,"enemies":"2 Fungi Beasts","floor":14.0,"turns":2.0},{"damage":0.0,"enemies":"Slime Boss","floor":16.0,"turns":6.0},{"damage":0.0,"enemies":"Chosen","floor":18.0,"turns":3.0},{"damage":1.0,"enemies":"3 Byrds","floor":19.0,"turns":3.0},{"damage":0.0,"enemies":"3 Cultists","floor":24.0,"turns":4.0},{"damage":2.0,"enemies":"Centurion and Healer","floor":28.0,"turns":2.0},{"damage":42.0,"enemies":"Collector","floor":33.0,"turns":9.0},{"damage":0.0,"enemies":"Orb Walker","floor":35.0,"turns":2.0},{"damage":16.0,"enemies":"2 Orb Walkers","floor":36.0,"turns":2.0},{"damage":4.0,"enemies":"3 Shapes","floor":39.0,"turns":3.0},{"damage":0.0,"enemies":"Mind Bloom Boss Battle","floor":41.0,"turns":4.0},{"damage":15,"enemies":"Writhing Mass","floor":42,"turns":4},{"damage":0,"enemies":"Jaw Worm Horde","floor":44,"turns":1},{"damage":2,"enemies":"4 Shapes","floor":45,"turns":4},{"damage":25,"enemies":"Nemesis","floor":48,"turns":5},{"damage":75,"enemies":"Awakened One","floor":50,"turns":8}],"seed_played":"-752314362282708769","potions_obtained":[{"floor":1.0,"key":"Strength Potion"},{"floor":13.0,"key":"FearPotion"},{"floor":16.0,"key":"Fire Potion"},{"floor":24.0,"key":"GamblersBrew"},{"floor":33.0,"key":"Fire Potion"},{"floor":35.0,"key":"FearPotion"},{"floor":42,"key":"Swift Potion"},{"floor":48,"key":"Fire Potion"}],"is_trial":false,"path_per_floor":["M","M","?","$","?","R","?","R","T","E","$","?","M","M","M","R","B",null,"M","M","?","?","?","R","M","R","T","R","M","?","?","$","R","B",null,"M","?","$","?","M","R","?","M","T","M","M","R","?","E","R","B"],"character_chosen":"DEFECT","items_purchased":["Leap","Sunder","Block Potion"],"campfire_rested":2,"item_purchase_floors":[4,31,37],"current_hp_per_floor":[63,56,35,35,52,52,41,41,41,11,11,33,40,40,40,47,63,68,67,46,27,27,48,55,55,55,55,60,60,60,60,60,25,61,68,66,66,66,69,69,69,65,65,65,73,73,68,54,73,0],"gold":244,"neow_bonus":"THREE_RARE_CARDS","is_prod":false,"is_daily":false,"chose_seed":false,"campfire_upgraded":8,"win_rate":0,"timestamp":1544134331,"path_taken":["M","M","?","$","?","R","?","R","T","E","$","?","M","M","R","BOSS","M","M","?","?","?","R","M","R","T","R","M","?","?","$","R","BOSS","M","?","$","?","M","R","?","M","T","M","M","R","?","E","R","BOSS"],"build_version":"2018-12-06","purchased_purges":2,"victory":false,"max_hp_per_floor":[71,71,71,71,71,71,71,71,71,71,68,68,68,68,68,68,68,68,68,68,73,73,73,73,73,73,73,73,73,73,73,73,73,73,73,73,73,73,73,73,73,73,73,73,73,73,73,73,73,73],"card_choices":[{"not_picked":["Buffer","Rainbow"],"picked":"Hyperbeam","floor":0.0},{"not_picked":["Gash","Rebound"],"picked":"Beam Cell","floor":1.0},{"not_picked":["Streamline","Rebound"],"picked":"Gash","floor":2.0},{"not_picked":["Stack","Barrage"],"picked":"Fission","floor":7.0},{"not_picked":["Steam","Static Discharge"],"picked":"Self Repair","floor":10.0},{"not_picked":["Cold Snap","Sweeping Beam"],"picked":"Steam","floor":13.0},{"not_picked":["Leap","Sweeping Beam"],"picked":"Go for the Eyes","floor":14.0},{"not_picked":["Machine Learning","Meteor Strike"],"picked":"Hyperbeam","floor":16.0},{"not_picked":["Compile Driver"],"picked":"SKIP","floor":18.0},{"not_picked":["Redo"],"picked":"SKIP","floor":19.0},{"not_picked":["Ball Lightning"],"picked":"SKIP","floor":24.0},{"not_picked":["Lockon"],"picked":"SKIP","floor":28.0},{"not_picked":["Self Repair"],"picked":"SKIP","floor":35.0},{"not_picked":[],"picked":"Rebound+1","floor":36.0},{"not_picked":["Force Field"],"picked":"SKIP","floor":39.0},{"not_picked":["Hello World"],"picked":"SKIP","floor":42},{"not_picked":["Heatsinks"],"picked":"SKIP","floor":44},{"not_picked":["Redo+1"],"picked":"SKIP","floor":45},{"not_picked":[],"picked":"PanicButton","floor":47},{"not_picked":[],"picked":"Conserve Battery","floor":48}],"player_experience":845870,"relics_obtained":[{"floor":7.0,"key":"Odd Mushroom"},{"floor":9.0,"key":"Ice Cream"},{"floor":10.0,"key":"Mercury Hourglass"},{"floor":20.0,"key":"Enchiridion"},{"floor":26.0,"key":"Incense Burner"},{"floor":36.0,"key":"Gambling Chip"},{"floor":41.0,"key":"Bird Faced Urn"},{"floor":48,"key":"Omamori"}],"event_choices":[{"damage_healed":0.0,"max_hp_gain":0.0,"max_hp_loss":0.0,"gold_gain":0.0,"event_name":"Shining Light","player_choice":"Entered Light","floor":3.0,"gold_loss":0.0,"damage_taken":21.0,"cards_upgraded":["Strike_B","Strike_B"]},{"damage_healed":17.0,"max_hp_gain":0.0,"max_hp_loss":0.0,"gold_gain":0.0,"event_name":"The Cleric","player_choice":"Healed","floor":5.0,"gold_loss":35.0,"damage_taken":0.0},{"damage_healed":0.0,"max_hp_gain":0.0,"max_hp_loss":0.0,"gold_gain":0.0,"event_name":"Mushrooms","player_choice":"Fought Mushrooms","floor":7.0,"gold_loss":0.0,"damage_taken":0.0},{"damage_healed":22.0,"max_hp_gain":0.0,"max_hp_loss":0.0,"gold_gain":0.0,"event_name":"Big Fish","player_choice":"Banana","floor":12.0,"gold_loss":0.0,"damage_taken":0.0},{"damage_healed":0.0,"max_hp_gain":0.0,"max_hp_loss":0.0,"gold_gain":0.0,"event_name":"Cursed Tome","player_choice":"Obtained Book","floor":20.0,"gold_loss":0.0,"damage_taken":21.0},{"damage_healed":0.0,"max_hp_gain":5.0,"max_hp_loss":0.0,"gold_gain":0.0,"event_name":"Forgotten Altar","player_choice":"Shed Blood","floor":21.0,"gold_loss":0.0,"damage_taken":24.0},{"cards_removed":["Zap"],"damage_healed":0.0,"max_hp_gain":0.0,"max_hp_loss":0.0,"gold_gain":0.0,"event_name":"Back to Basics","player_choice":"Elegance","floor":22.0,"gold_loss":0.0,"damage_taken":0.0},{"cards_removed":["Dualcast"],"damage_healed":0.0,"max_hp_gain":0.0,"max_hp_loss":0.0,"gold_gain":0.0,"event_name":"Beggar","player_choice":"Gave Gold","floor":29.0,"gold_loss":75.0,"damage_taken":0.0},{"damage_healed":0.0,"max_hp_gain":0.0,"max_hp_loss":0.0,"gold_gain":0.0,"event_name":"Drug Dealer","player_choice":"Inject Mutagens","floor":30.0,"gold_loss":0.0,"damage_taken":0.0,"relics_obtained":["MutagenicStrength"]},{"damage_healed":0.0,"max_hp_gain":0.0,"max_hp_loss":0.0,"gold_gain":0.0,"event_name":"Mysterious Sphere","player_choice":"Fight","floor":36.0,"gold_loss":0.0,"damage_taken":0.0},{"cards_removed":["Gash"],"damage_healed":0.0,"max_hp_gain":0.0,"max_hp_loss":0.0,"gold_gain":0.0,"event_name":"Falling","player_choice":"Removed Attack","floor":38.0,"gold_loss":0.0,"damage_taken":0.0},{"damage_healed":0.0,"max_hp_gain":0.0,"max_hp_loss":0.0,"gold_gain":0.0,"event_name":"MindBloom","player_choice":"Fight","floor":41.0,"gold_loss":0.0,"damage_taken":0.0},{"damage_healed":0,"gold_gain":0,"player_choice":"Memory 2","damage_taken":5,"max_hp_gain":0,"max_hp_loss":0,"event_name":"SensoryStone","floor":47,"gold_loss":0}],"is_beta":true,"boss_relics":[{"not_picked":["Ectoplasm","Inserter"],"picked":"Busted Crown"},{"not_picked":["Pandora\u0027s Box","Runic Dome"],"picked":"Astrolabe"}],"items_purged_floors":[11,37],"is_endless":false,"potions_floor_spawned":[1,13,16,24,33,35,42,48],"killed_by":"Awakened One","ascension_level":20}