{"gold_per_floor":[109,27,43,43,43,43,125,125,148,178,5,19,49,14,14,116,116,130,130,140,65,65,99,118,131,204,204,204],"floor_reached":28,"playtime":785,"items_purged":["Shame"],"score":390,"play_id":"38501057-459c-4bf9-af48-cc9042c7a29c","local_time":"20190224130251","is_ascension_mode":true,"campfire_choices":[{"data":"Caltrops","floor":6,"key":"SMITH"},{"data":"Neutralize","floor":8,"key":"SMITH"},{"floor":15,"key":"REST"}],"neow_cost":"NONE","seed_source_timestamp":218770492016180,"circlet_count":0,"master_deck":["Defend_G+1","Defend_G+1","Defend_G","Defend_G","Defend_G+1","Strike_G+1","Strike_G","Strike_G","Strike_G","Strike_G","Survivor","Neutralize+1","Caltrops+1","Slice","Blur","Cloak And Dagger","Slice","Caltrops","Calculated Gamble","Burst","Doubt","Writhe","Accuracy+1","Adrenaline","Cloak And Dagger+1","Decay"],"relics":["Philosopher\u0027s Stone","Lantern","Ninja Scroll","Bronze Scales","War Paint","Calling Bell","Bag of Marbles","Pear","Shovel","Nloth\u0027s Gift","Happy Flower","Pantograph"],"potions_floor_usage":[13,18,20,23],"damage_taken":[{"damage":2,"enemies":"Cultist","floor":1,"turns":5},{"damage":6,"enemies":"Small Slimes","floor":3,"turns":4},{"damage":19,"enemies":"3 Sentries","floor":10,"turns":7},{"damage":0,"enemies":"Jaw Worm","floor":12,"turns":3},{"damage":0,"enemies":"Gremlin Nob","floor":13,"turns":3},{"damage":5,"enemies":"Hexaghost","floor":16,"turns":9},{"damage":14,"enemies":"Spheric Guardian","floor":18,"turns":5},{"damage":7,"enemies":"Shell Parasite","floor":20,"turns":5},{"damage":26,"enemies":"Book of Stabbing","floor":23,"turns":5},{"damage":16,"enemies":"Centurion and Healer","floor":24,"turns":14},{"damage":9,"enemies":"Snake Plant","floor":25,"turns":4},{"damage":11,"enemies":"Snecko","floor":28,"turns":2}],"seed_played":"5193893366804853932","potions_obtained":[{"floor":3,"key":"LiquidBronze"},{"floor":10,"key":"FearPotion"},{"floor":13,"key":"Fire Potion"},{"floor":18,"key":"Weak Potion"},{"floor":23,"key":"FearPotion"}],"is_trial":false,"path_per_floor":["M","$","M","?","?","R","T","R","T","E","$","M","E","?","R","B",null,"M","?","M","$","?","E","M","M","T","?","M"],"character_chosen":"THE_SILENT","items_purchased":["Caltrops","Cloak And Dagger","Slice","Caltrops"],"campfire_rested":1,"item_purchase_floors":[2,11,11,11],"current_hp_per_floor":[61,61,55,43,29,29,29,29,29,10,10,10,10,27,63,58,77,63,63,56,56,56,30,14,5,5,5,0],"gold":204,"neow_bonus":"BOSS_RELIC","is_prod":false,"is_daily":false,"chose_seed":false,"campfire_upgraded":2,"win_rate":0,"timestamp":1551031371,"path_taken":["M","$","?","?","?","R","?","R","T","E","$","M","E","?","R","BOSS","M","?","M","$","?","E","M","?","T","?","M"],"build_version":"2019-01-23","purchased_purges":1,"victory":false,"max_hp_per_floor":[70,70,70,70,70,70,70,70,70,70,70,70,70,70,70,70,80,80,80,80,80,80,80,80,80,80,80,80],"card_choices":[{"not_picked":["Acrobatics","Blade Dance","Accuracy"],"picked":"SKIP","floor":1},{"not_picked":["Escape Plan","Deadly Poison"],"picked":"Slice","floor":3},{"not_picked":["Bane","Prepared"],"picked":"Blur","floor":10},{"not_picked":["Dagger Throw","Riddle With Holes"],"picked":"Calculated Gamble","floor":12},{"not_picked":["Reflex","Sucker Punch","Concentrate"],"picked":"SKIP","floor":13},{"not_picked":["Wraith Form v2","Unload"],"picked":"Burst","floor":16},{"not_picked":["Concentrate","Quick Slash+1"],"picked":"Accuracy+1","floor":18},{"not_picked":["Expertise","Well Laid Plans","Riddle With Holes"],"picked":"SKIP","floor":20},{"not_picked":["Flying Knee+1","PiercingWail+1"],"picked":"Adrenaline","floor":23},{"not_picked":["Tactician","Backflip","Reflex"],"picked":"SKIP","floor":24},{"not_picked":["Sucker Punch","Blade Dance"],"picked":"Cloak And Dagger+1","floor":25}],"player_experience":364524,"relics_obtained":[{"floor":7,"key":"Ninja Scroll"},{"floor":9,"key":"Bronze Scales"},{"floor":10,"key":"War Paint"},{"floor":13,"key":"Regal Pillow"},{"floor":17,"key":"Bag of Marbles"},{"floor":17,"key":"Pear"},{"floor":17,"key":"Shovel"},{"floor":23,"key":"Happy Flower"},{"floor":26,"key":"Pantograph"}],"event_choices":[{"damage_healed":0,"gold_gain":0,"player_choice":"Success","damage_taken":12,"relics_obtained":["Lantern"],"max_hp_gain":0,"max_hp_loss":0,"event_name":"Scrap Ooze","floor":4,"gold_loss":0},{"damage_healed":0,"gold_gain":0,"player_choice":"Entered Light","damage_taken":14,"max_hp_gain":0,"max_hp_loss":0,"event_name":"Shining Light","floor":5,"gold_loss":0,"cards_upgraded":["Strike_G","Defend_G"]},{"damage_healed":17,"gold_gain":0,"player_choice":"Healed","damage_taken":0,"max_hp_gain":0,"max_hp_loss":0,"event_name":"The Cleric","floor":14,"gold_loss":35},{"damage_healed":0,"gold_gain":0,"player_choice":"Ignored","damage_taken":0,"max_hp_gain":0,"max_hp_loss":0,"event_name":"The Mausoleum","floor":19,"gold_loss":0},{"damage_healed":0,"gold_gain":0,"player_choice":"Traded Relic","damage_taken":0,"relics_obtained":["Nloth\u0027s Gift"],"max_hp_gain":0,"max_hp_loss":0,"event_name":"N\u0027loth","floor":22,"relics_lost":["Regal Pillow"],"gold_loss":0},{"damage_healed":0,"gold_gain":0,"player_choice":"Cursed","damage_taken":0,"max_hp_gain":0,"max_hp_loss":0,"event_name":"Wheel of Change","floor":27,"gold_loss":0,"cards_obtained":["Decay"]}],"is_beta":false,"boss_relics":[{"not_picked":["HoveringKite","Ectoplasm"],"picked":"Calling Bell"}],"items_purged_floors":[21],"is_endless":false,"potions_floor_spawned":[3,10,13,18,23],"killed_by":"Snecko","ascension_level":9}