{"gold_per_floor":[115,134,134,209,233,233,277,277,304,340,340,52,52,52,52,148,148,164,182,17,35,35,35,35,35,35,35,35,50,66,85,85,85],"floor_reached":33,"playtime":1167,"items_purged":["Strike_G"],"score":506,"play_id":"2adeee65-6907-4b60-93b1-4b50da59ef58","local_time":"20181019234739","is_ascension_mode":true,"campfire_choices":[{"data":"Deadly Poison","floor":6.0,"key":"SMITH"},{"data":"Neutralize","floor":8.0,"key":"SMITH"},{"data":"Bouncing Flask","floor":11.0,"key":"SMITH"},{"floor":13.0,"key":"REST"},{"data":"Apotheosis","floor":15.0,"key":"SMITH"},{"data":"Burst","floor":23.0,"key":"SMITH"},{"data":"Deep Breath","floor":25.0,"key":"SMITH"},{"data":"PiercingWail","floor":27.0,"key":"SMITH"},{"floor":32.0,"key":"REST"}],"neow_cost":"NONE","seed_source_timestamp":40817258378367,"circlet_count":0,"master_deck":["Defend_G","Defend_G","Defend_G","Defend_G","Defend_G","Strike_G","Strike_G","Strike_G","Strike_G","Survivor","Neutralize+1","AscendersBane","Deep Breath+1","Deadly Poison+1","Poisoned Stab","Bouncing Flask+1","PiercingWail+1","PiercingWail","Apotheosis+1","Burst+1","Acrobatics","Poisoned Stab+1"],"special_seed":0,"relics":["Ring of the Snake","Bloody Idol","Orichalcum","PreservedInsect","Lantern","Bag of Marbles","Busted Crown","Regal Pillow","Paper Crane","Molten Egg 2"],"potions_floor_usage":[33,33],"damage_taken":[{"damage":1.0,"enemies":"Small Slimes","floor":1.0,"turns":4.0},{"damage":6.0,"enemies":"2 Louse","floor":2.0,"turns":4.0},{"damage":3.0,"enemies":"Cultist","floor":5.0,"turns":4.0},{"damage":7.0,"enemies":"3 Sentries","floor":7.0,"turns":8.0},{"damage":12.0,"enemies":"Lagavulin","floor":10.0,"turns":4.0},{"damage":16.0,"enemies":"Hexaghost","floor":16.0,"turns":8.0},{"damage":0.0,"enemies":"3 Byrds","floor":18.0,"turns":7.0},{"damage":0.0,"enemies":"Chosen","floor":19.0,"turns":3.0},{"damage":10.0,"enemies":"Shelled Parasite and Fungi","floor":21.0,"turns":5.0},{"damage":0.0,"enemies":"Centurion and Healer","floor":29.0,"turns":8.0},{"damage":11.0,"enemies":"Snake Plant","floor":30.0,"turns":3.0},{"damage":0.0,"enemies":"Snecko","floor":31.0,"turns":4.0},{"damage":84,"enemies":"Collector","floor":33,"turns":6}],"seed_played":"-3568572973378870945","potions_obtained":[{"floor":1.0,"key":"FearPotion"},{"floor":5.0,"key":"SkillPotion"},{"floor":7.0,"key":"Strength Potion"},{"floor":21.0,"key":"Ancient Potion"},{"floor":30.0,"key":"SteroidPotion"}],"is_trial":false,"path_per_floor":["M","M","?","?","M","R","E","R","T","E","R","$","R","?","R","B",null,"M","M","$","M","?","R","T","R","T","R","$","M","M","M","R"],"character_chosen":"THE_SILENT","items_purchased":["Apotheosis","Regal Pillow"],"campfire_rested":2,"item_purchase_floors":[12,20],"current_hp_per_floor":[58,52,52,41,38,38,31,31,31,19,19,19,37,32,32,16,49,49,49,49,39,39,39,39,39,39,39,39,44,38,43,60,0],"gold":85,"neow_bonus":"RANDOM_COLORLESS","is_prod":false,"is_daily":false,"chose_seed":false,"campfire_upgraded":7,"win_rate":0,"timestamp":1539985659,"path_taken":["M","M","?","?","M","R","E","R","T","E","R","$","R","?","R","BOSS","M","M","$","M","?","R","?","R","T","R","$","M","M","M","R","BOSS"],"build_version":"2018-10-18","purchased_purges":1,"victory":false,"max_hp_per_floor":[66,66,60,60,60,60,60,60,60,60,60,60,60,60,60,60,60,60,60,60,60,60,60,60,60,60,60,60,60,60,60,60,60],"card_choices":[{"not_picked":["Blur","Predator"],"picked":"Deadly Poison","floor":1.0},{"not_picked":["PiercingWail","Prepared"],"picked":"Poisoned Stab","floor":2.0},{"not_picked":["Bane","Masterful Stab"],"picked":"Bouncing Flask","floor":5.0},{"not_picked":["Envenom","Phantasmal Killer"],"picked":"PiercingWail","floor":7.0},{"not_picked":["Bouncing Flask","Blade Dance"],"picked":"PiercingWail","floor":10.0},{"not_picked":["Doppelganger","After Image"],"picked":"Burst","floor":16.0},{"not_picked":["Heel Hook"],"picked":"SKIP","floor":18.0},{"not_picked":["Cloak And Dagger"],"picked":"SKIP","floor":19.0},{"not_picked":["Prepared"],"picked":"SKIP","floor":21.0},{"not_picked":[],"picked":"Acrobatics","floor":29.0},{"not_picked":["Distraction"],"picked":"SKIP","floor":30.0},{"not_picked":[],"picked":"Poisoned Stab+1","floor":31.0}],"player_experience":736937,"relics_obtained":[{"floor":7.0,"key":"Orichalcum"},{"floor":9.0,"key":"PreservedInsect"},{"floor":10.0,"key":"Lantern"},{"floor":24.0,"key":"Paper Crane"},{"floor":26.0,"key":"Molten Egg 2"}],"event_choices":[{"damage_healed":0.0,"max_hp_gain":0.0,"max_hp_loss":6.0,"gold_gain":0.0,"event_name":"Golden Idol","player_choice":"Lose Max HP","floor":3.0,"gold_loss":0.0,"damage_taken":0.0,"relics_obtained":["Golden Idol"]},{"damage_healed":0.0,"max_hp_gain":0.0,"max_hp_loss":0.0,"gold_gain":75.0,"event_name":"World of Goop","player_choice":"Gather Gold","floor":4.0,"gold_loss":0.0,"damage_taken":11.0},{"damage_healed":0.0,"max_hp_gain":0.0,"max_hp_loss":0.0,"gold_gain":0.0,"event_name":"Scrap Ooze","player_choice":"Success","floor":14.0,"gold_loss":0.0,"damage_taken":5.0,"relics_obtained":["Bag of Marbles"]},{"damage_healed":0.0,"max_hp_gain":0.0,"max_hp_loss":0.0,"gold_gain":0.0,"event_name":"Forgotten Altar","player_choice":"Gave Idol","floor":22.0,"relics_lost":["Golden Idol"],"gold_loss":0.0,"damage_taken":0.0,"relics_obtained":["Bloody Idol"]}],"is_beta":true,"boss_relics":[{"not_picked":["Orrery","Empty Cage"],"picked":"Busted Crown"}],"items_purged_floors":[12],"is_endless":false,"potions_floor_spawned":[1,5,7,21,30],"killed_by":"Collector","ascension_level":20}