{"gold_per_floor":[111,62,62,62,72,104,118,118,118,142,142,158,191,207,207,207],"floor_reached":16,"playtime":440,"items_purged":[],"score":189,"play_id":"e5ee1b3e-75c8-4896-ae4c-ed1e2294e508","local_time":"20190119004854","is_ascension_mode":true,"campfire_choices":[{"floor":15,"key":"REST"}],"neow_cost":"NONE","seed_source_timestamp":462268050422681,"circlet_count":0,"master_deck":["Strike_B","Strike_B","Strike_B","Strike_B","Defend_B+1","Defend_B+1","Defend_B","Defend_B","Zap+1","Dualcast","Beam Cell","Coolheaded","Self Repair","Coolheaded","Sunder","Glacier","FTL"],"relics":["Cracked Core","NeowsBlessing","Ginger","Golden Idol","Darkstone Periapt","Blood Vial","War Paint"],"potions_floor_usage":[],"damage_taken":[{"damage":0,"enemies":"Cultist","floor":1,"turns":1},{"damage":0,"enemies":"2 Louse","floor":5,"turns":1},{"damage":0,"enemies":"Lagavulin","floor":6,"turns":1},{"damage":7,"enemies":"Jaw Worm","floor":7,"turns":3},{"damage":10,"enemies":"Looter","floor":12,"turns":3},{"damage":25,"enemies":"Gremlin Nob","floor":13,"turns":5},{"damage":7,"enemies":"3 Louse","floor":14,"turns":3},{"damage":75,"enemies":"Hexaghost","floor":16,"turns":14}],"seed_played":"-5920455596508009600","potions_obtained":[{"floor":6,"key":"SteroidPotion"},{"floor":12,"key":"FocusPotion"},{"floor":13,"key":"FairyPotion"},{"floor":14,"key":"Dexterity Potion"}],"is_trial":false,"path_per_floor":["M","$","?","?","M","E","M","?","T","T","?","M","E","M","R","B"],"character_chosen":"DEFECT","items_purchased":["Coolheaded"],"campfire_rested":1,"item_purchase_floors":[2],"current_hp_per_floor":[68,68,73,73,73,73,73,53,53,53,53,52,36,38,62,0],"gold":207,"neow_bonus":"THREE_ENEMY_KILL","is_prod":false,"is_daily":false,"chose_seed":false,"campfire_upgraded":0,"win_rate":0,"timestamp":1547876934,"path_taken":["M","$","?","?","M","E","M","?","T","?","?","M","E","M","R","BOSS"],"build_version":"2019-01-17v2","purchased_purges":0,"victory":false,"max_hp_per_floor":[75,75,80,80,80,80,80,80,80,80,80,80,80,80,80,80],"card_choices":[{"not_picked":["Redo","Aggregate"],"picked":"Beam Cell","floor":1},{"not_picked":["Streamline","Blizzard"],"picked":"Self Repair","floor":5},{"not_picked":["Rebound","Reprogram","Beam Cell"],"picked":"SKIP","floor":6},{"not_picked":["Conserve Battery","Gash"],"picked":"Coolheaded","floor":7},{"not_picked":["Reprogram","Steam Power"],"picked":"Sunder","floor":12},{"not_picked":["Sweeping Beam","Ball Lightning"],"picked":"Glacier","floor":13},{"not_picked":["Redo","Force Field"],"picked":"FTL","floor":14}],"player_experience":430736,"relics_obtained":[{"floor":6,"key":"Ginger"},{"floor":9,"key":"Darkstone Periapt"},{"floor":10,"key":"Blood Vial"},{"floor":13,"key":"War Paint"}],"event_choices":[{"damage_healed":0,"gold_gain":0,"player_choice":"Donut","damage_taken":0,"max_hp_gain":5,"max_hp_loss":0,"event_name":"Big Fish","floor":3,"gold_loss":0},{"damage_healed":0,"gold_gain":0,"player_choice":"Ignored","damage_taken":0,"max_hp_gain":0,"max_hp_loss":0,"event_name":"Liars Game","floor":4,"gold_loss":0},{"damage_healed":0,"gold_gain":0,"player_choice":"Take Damage","damage_taken":20,"relics_obtained":["Golden Idol"],"max_hp_gain":0,"max_hp_loss":0,"event_name":"Golden Idol","floor":8,"gold_loss":0},{"damage_healed":0,"gold_gain":0,"player_choice":"Upgraded","damage_taken":0,"max_hp_gain":0,"max_hp_loss":0,"event_name":"Upgrade Shrine","floor":11,"gold_loss":0,"cards_upgraded":["Zap"]}],"is_beta":false,"boss_relics":[],"items_purged_floors":[],"is_endless":false,"potions_floor_spawned":[6,12,13,14],"killed_by":"Hexaghost","ascension_level":8}