{"path_per_floor":["M","?","?","$","M","R","M","R","T","R","$","M","E","M","R","B",null],"character_chosen":"THE_SILENT","items_purchased":["Caltrops","Acrobatics"],"gold_per_floor":[114,114,114,44,59,59,74,74,99,99,51,66,96,111,111,211,211],"floor_reached":18,"campfire_rested":1,"playtime":1229,"current_hp_per_floor":[70,70,80,80,80,80,80,80,80,80,80,70,38,30,54,4,4],"items_purged":[],"gold":211,"score":160,"play_id":"fd29fca7-862e-4f5d-8c14-da36d52ffe34","local_time":"20180304030448","daily_mods":[{"name":"Diverse","description":"Start with 2 cards from another class.","modID":"Diverse","img":{"data":{"file":{"file":{"path":"images\\ui\\run_mods\\diverse.png"},"type":"Internal"},"width":64,"height":64,"format":"RGBA8888","useMipMaps":false,"isPrepared":false},"glTarget":3553,"glHandle":685,"minFilter":"Linear","magFilter":"Linear","uWrap":"ClampToEdge","vWrap":"ClampToEdge"},"positive":true},{"name":"Lethal Enemies","description":"All enemies start with +3 Strength.","modID":"Lethal Enemies","img":{"data":{"file":{"file":{"path":"images\\ui\\run_mods\\lethal_enemies.png"},"type":"Internal"},"width":64,"height":64,"format":"RGBA8888","useMipMaps":false,"isPrepared":false},"glTarget":3553,"glHandle":675,"minFilter":"Linear","magFilter":"Linear","uWrap":"ClampToEdge","vWrap":"ClampToEdge"},"positive":false},{"name":"Restless Journey","description":"You no longer heal when entering new acts.","modID":"Restless Journey","img":{"data":{"file":{"file":{"path":"images\\ui\\run_mods\\restless_journey.png"},"type":"Internal"},"width":64,"height":64,"format":"RGBA8888","useMipMaps":false,"isPrepared":false},"glTarget":3553,"glHandle":676,"minFilter":"Linear","magFilter":"Linear","uWrap":"ClampToEdge","vWrap":"ClampToEdge"},"positive":false},{"name":"Binary","description":"Card rewards contain only 2 cards.","modID":"Binary","img":{"data":{"file":{"file":{"path":"images\\ui\\run_mods\\binary.png"},"type":"Internal"},"width":64,"height":64,"format":"RGBA8888","useMipMaps":false,"isPrepared":false},"glTarget":3553,"glHandle":680,"minFilter":"Linear","magFilter":"Linear","uWrap":"ClampToEdge","vWrap":"ClampToEdge"},"positive":false}],"is_prod":false,"is_daily":true,"is_ascension_mode":false,"campfire_upgraded":3,"timestamp":1520145288,"path_taken":["M","?","?","?","M","R","M","R","T","R","$","M","E","M","R","BOSS","M"],"build_version":"2018-03-01-PROD1","purchased_purges":0,"victory":false,"master_deck":["Defend_G","Defend_G","Defend_G","Defend_G","Strike_G","Strike_G","Strike_G","Strike_G","Strike_G","Survivor","Neutralize","Sever Soul","PiercingWail","Leg Sweep+1","Caltrops+1","Outmaneuver","Dagger Spray+1","Acrobatics","Acrobatics","A Thousand Cuts"],"max_hp_per_floor":[70,70,80,80,80,80,80,80,80,80,80,80,80,80,80,80,80],"relics":["Ring of the Snake","Vajra","Sundial","White Beast Statue"],"card_choices":[{"not_picked":["Noxious Fumes"],"picked":"PiercingWail"},{"not_picked":["Poisoned Stab"],"picked":"Outmaneuver"},{"not_picked":["Backflip"],"picked":"Dagger Spray"},{"not_picked":["Sucker Punch"],"picked":"Acrobatics"},{"not_picked":["Envenom"],"picked":"A Thousand Cuts"}],"player_experience":95953,"potions_floor_usage":[12,13,14],"damage_taken":[{"damage":0,"enemies":"Small Slimes","floor":1,"turns":3},{"damage":0,"enemies":"Cultist","floor":5,"turns":3},{"damage":0,"enemies":"2 Louse","floor":7,"turns":2},{"damage":10,"enemies":"Exordium Wildlife","floor":12,"turns":3},{"damage":32,"enemies":"3 Sentries","floor":13,"turns":6},{"damage":8,"enemies":"Exordium Thugs","floor":14,"turns":5},{"damage":50,"enemies":"Slime Boss","floor":16,"turns":13},{"damage":10,"enemies":"Spheric Guardian","floor":18,"turns":3}],"event_choices":[{"event_name":"Transmorgrifier","player_choice":"Transform","floor":2,"damage_taken":0},{"event_name":"Bonfire Elementals","player_choice":"RARE","floor":3,"damage_taken":0}],"boss_relics":[{"not_picked":["Astrolabe","Lizard Tail"],"picked":"White Beast Statue"}],"potions_floor_spawned":[1,12,13],"seed_played":"2393319582917663715","killed_by":"Spheric Guardian","ascension_level":0,"is_trial":false}