{"gold_per_floor":[111,128,53,103,113,130,130,130,154,172,186,186,198,216,216,288,288,298,21,21,36,50,50,63,63,63,88,88,88,13,24,24,97,147,165,0,0,10,10],"floor_reached":39,"playtime":2137,"items_purged":["Strike_G"],"score":840,"play_id":"9f91e984-4a59-4d00-8147-ce6830e057e4","local_time":"20190120170327","is_ascension_mode":true,"campfire_choices":[{"data":"A Thousand Cuts","floor":7.0,"key":"SMITH"},{"floor":12.0,"key":"REST"},{"data":"Blade Dance","floor":15.0,"key":"SMITH"},{"floor":23.0,"key":"REST"},{"data":"Malaise","floor":25.0,"key":"SMITH"},{"floor":29.0,"key":"REST"},{"floor":32.0,"key":"REST"}],"neow_cost":"PERCENT_DAMAGE","seed_source_timestamp":0,"circlet_count":0,"master_deck":["AscendersBane","Defend_G","Defend_G","Defend_G","Defend_G","Defend_G","Strike_G","Strike_G","Survivor","Neutralize","After Image","Backflip","Quick Slash","Dagger Throw","A Thousand Cuts+1","Blade Dance+1","Backflip","Terror+1","Malaise+1","Blur","Blade Dance","Deflect+1","Malaise","Acrobatics","Predator+1","Quick Slash+1"],"special_seed":0,"relics":["Ring of the Snake","PreservedInsect","Philosopher\u0027s Stone","Paper Crane","Letter Opener","Omamori","Tiny House","Juzu Bracelet","Pen Nib"],"potions_floor_usage":[35,35],"damage_taken":[{"damage":0.0,"enemies":"Small Slimes","floor":1.0,"turns":5.0},{"damage":0.0,"enemies":"Jaw Worm","floor":2.0,"turns":5.0},{"damage":0.0,"enemies":"Cultist","floor":5.0,"turns":5.0},{"damage":10.0,"enemies":"2 Fungi Beasts","floor":6.0,"turns":6.0},{"damage":12.0,"enemies":"Looter","floor":10.0,"turns":4.0},{"damage":10.0,"enemies":"Large Slime","floor":11.0,"turns":6.0},{"damage":4.0,"enemies":"Exordium Wildlife","floor":13.0,"turns":4.0},{"damage":0.0,"enemies":"Gremlin Gang","floor":14.0,"turns":6.0},{"damage":11.0,"enemies":"The Guardian","floor":16.0,"turns":14.0},{"damage":13.0,"enemies":"2 Thieves","floor":18.0,"turns":4.0},{"damage":5.0,"enemies":"Spheric Guardian","floor":21.0,"turns":5.0},{"damage":10.0,"enemies":"Centurion and Healer","floor":22.0,"turns":9.0},{"damage":12.0,"enemies":"3 Cultists","floor":24.0,"turns":5.0},{"damage":0.0,"enemies":"Gremlin Leader","floor":27.0,"turns":5.0},{"damage":6.0,"enemies":"Snecko","floor":31.0,"turns":7.0},{"damage":48.0,"enemies":"Automaton","floor":33.0,"turns":12.0},{"damage":40,"enemies":"3 Darklings","floor":35,"turns":6},{"damage":7,"enemies":"3 Shapes","floor":38,"turns":5},{"damage":15,"enemies":"Maw","floor":39,"turns":2}],"seed_played":"-11055674299185126","potions_obtained":[{"floor":2.0,"key":"GhostInAJar"},{"floor":11.0,"key":"Block Potion"},{"floor":13.0,"key":"SpeedPotion"},{"floor":16.0,"key":"SteroidPotion"},{"floor":27.0,"key":"SpeedPotion"},{"floor":31.0,"key":"Explosive Potion"},{"floor":33.0,"key":"Fire Potion"},{"floor":34.0,"key":"Strength Potion"}],"is_trial":false,"path_per_floor":["M","M","?","?","M","M","R","?","T","M","M","R","M","M","R","B",null,"M","$","?","M","M","R","M","R","T","E","?","R","$","M","R","B",null,"M","$","?","M","M"],"character_chosen":"THE_SILENT","items_purchased":["Paper Crane","Juzu Bracelet"],"campfire_rested":4,"item_purchase_floors":[19,36],"current_hp_per_floor":[44,44,44,44,44,34,34,27,27,15,5,24,20,20,20,9,52,39,39,39,34,24,43,31,31,31,31,13,34,34,28,49,1,59,19,19,19,12,0],"gold":10,"neow_bonus":"THREE_RARE_CARDS","is_prod":false,"is_daily":false,"chose_seed":false,"campfire_upgraded":3,"win_rate":0,"timestamp":1548000207,"path_taken":["M","M","?","?","?","M","R","?","T","M","M","R","M","M","R","BOSS","M","$","?","M","M","R","M","R","T","E","?","R","?","?","R","BOSS","M","?","?","M","M"],"build_version":"2019-01-19","purchased_purges":1,"victory":false,"max_hp_per_floor":[66,66,66,66,66,66,66,66,66,66,66,66,66,66,66,66,66,66,66,66,66,66,66,66,66,66,66,71,71,71,71,71,71,76,76,76,76,76,76],"card_choices":[{"not_picked":["Adrenaline","Burst"],"picked":"After Image","floor":0.0},{"not_picked":["Dodge and Roll","Riddle With Holes"],"picked":"Backflip","floor":1.0},{"not_picked":["Underhanded Strike","Tactician"],"picked":"Quick Slash","floor":2.0},{"not_picked":["Dodge and Roll","Sucker Punch"],"picked":"Dagger Throw","floor":5.0},{"not_picked":["Dodge and Roll","Prepared"],"picked":"A Thousand Cuts","floor":6.0},{"not_picked":["Concentrate","Dagger Spray"],"picked":"Blade Dance","floor":10.0},{"not_picked":["Leg Sweep","Deflect"],"picked":"Backflip","floor":11.0},{"not_picked":["Prepared","Dodge and Roll"],"picked":"Backflip","floor":13.0},{"not_picked":["Dodge and Roll","Bane"],"picked":"Terror","floor":14.0},{"not_picked":["Wraith Form v2","Corpse Explosion"],"picked":"Malaise","floor":16.0},{"not_picked":["Concentrate","Acrobatics","Riddle With Holes"],"picked":"SKIP","floor":18.0},{"not_picked":["Underhanded Strike","Eviscerate"],"picked":"Blur","floor":21.0},{"not_picked":["All Out Attack","Backflip"],"picked":"Blade Dance","floor":22.0},{"not_picked":["Underhanded Strike","Deadly Poison","Quick Slash"],"picked":"SKIP","floor":24.0},{"not_picked":["Underhanded Strike","Bullet Time","Acrobatics"],"picked":"SKIP","floor":27.0},{"not_picked":["Masterful Stab+1","Prepared+1"],"picked":"Deflect+1","floor":31.0},{"not_picked":["Storm of Steel","Bullet Time"],"picked":"Malaise","floor":33.0},{"not_picked":["Skewer","Blade Dance"],"picked":"Acrobatics","floor":34.0},{"not_picked":["Accuracy","Endless Agony"],"picked":"Predator+1","floor":35},{"not_picked":["Deadly Poison+1","Prepared"],"picked":"Quick Slash+1","floor":38}],"player_experience":897405,"relics_obtained":[{"floor":9.0,"key":"PreservedInsect"},{"floor":26.0,"key":"Letter Opener"},{"floor":27.0,"key":"Omamori"}],"event_choices":[{"cards_removed":["Strike_G"],"damage_healed":0.0,"max_hp_gain":0.0,"max_hp_loss":0.0,"gold_gain":0.0,"event_name":"The Cleric","player_choice":"Card Removal","floor":3.0,"gold_loss":75.0,"damage_taken":0.0},{"damage_healed":0.0,"max_hp_gain":0.0,"max_hp_loss":0.0,"gold_gain":50.0,"event_name":"Golden Shrine","player_choice":"Pray","floor":4.0,"gold_loss":0.0,"damage_taken":0.0},{"cards_removed":["Strike_G"],"damage_healed":0.0,"max_hp_gain":0.0,"max_hp_loss":0.0,"gold_gain":0.0,"event_name":"Golden Wing","player_choice":"Card Removal","floor":8.0,"gold_loss":0.0,"damage_taken":7.0},{"damage_healed":0.0,"max_hp_gain":0.0,"max_hp_loss":0.0,"gold_gain":0.0,"event_name":"Beggar","player_choice":"Ignored","floor":20.0,"gold_loss":0.0,"damage_taken":0.0},{"damage_healed":0.0,"max_hp_gain":5.0,"max_hp_loss":0.0,"gold_gain":0.0,"event_name":"Forgotten Altar","player_choice":"Shed Blood","floor":28.0,"gold_loss":0.0,"damage_taken":23.0},{"cards_removed":["Backflip"],"damage_healed":0,"gold_gain":0,"player_choice":"Gave Card","damage_taken":0,"relics_obtained":["Pen Nib"],"max_hp_gain":0,"max_hp_loss":0,"event_name":"WeMeetAgain","floor":37,"gold_loss":0}],"is_beta":true,"boss_relics":[{"not_picked":["Velvet Choker","WristBlade"],"picked":"Philosopher\u0027s Stone"},{"not_picked":["HoveringKite","Orrery"],"picked":"Tiny House"}],"items_purged_floors":[30],"is_endless":false,"potions_floor_spawned":[2,11,13,14,16,27,31,33],"killed_by":"Maw","ascension_level":20}