{"gold_per_floor":[118,133,146,160,179,199,211,222,246,246,246,275,291,319,319,418,418,430,430,442,491,508,508,237,237,291,324,324,355,14,14,14,114,114,124,124,64,76,91,91,120,134,134,164,177,177,208,292,304,316],"floor_reached":51,"playtime":3009,"items_purged":["Strike_R","Strike_R"],"score":1074,"play_id":"9c6f9bf0-ebd8-4742-a04b-a8ea78110fb6","local_time":"20190114193805","is_ascension_mode":true,"campfire_choices":[{"data":"Armaments","floor":10.0,"key":"SMITH"},{"data":"Inflame","floor":15.0,"key":"SMITH"},{"data":"Limit Break","floor":23,"key":"SMITH"},{"data":"Sadistic Nature","floor":25,"key":"SMITH"},{"floor":28,"key":"REST"},{"data":"Corruption","floor":32,"key":"SMITH"},{"data":"Sentinel","floor":40,"key":"SMITH"},{"data":"Offering","floor":46,"key":"SMITH"},{"floor":49,"key":"REST"}],"neow_cost":"TEN_PERCENT_HP_LOSS","seed_source_timestamp":29996487814025,"circlet_count":0,"master_deck":["Strike_R+1","Defend_R","Defend_R","Defend_R","Defend_R","Bash","Disarm","Iron Wave","Sentinel+1","Seeing Red","Uppercut+1","Iron Wave+1","Shrug It Off","Armaments+1","Inflame+1","Juggernaut","Limit Break+1","Shockwave","Sadistic Nature+1","Battle Trance","Body Slam+1","Corruption+1","Shrug It Off","Seeing Red","Seeing Red","Offering+1","Sever Soul+1","Clothesline+1","Body Slam+1"],"special_seed":0,"relics":["Burning Blood","Dead Branch","Ancient Tea Set","Paper Frog","Molten Egg 2","Busted Crown","Whetstone","Oddly Smooth Stone","PreservedInsect","Bronze Scales","Tiny Chest","Sozu","Bag of Marbles","Boot","Singing Bowl","MawBank","Letter Opener"],"potions_floor_usage":[16,16,27,42],"damage_taken":[{"damage":15.0,"enemies":"Jaw Worm","floor":1.0,"turns":5.0},{"damage":0.0,"enemies":"Cultist","floor":2.0,"turns":3.0},{"damage":11.0,"enemies":"Small Slimes","floor":3.0,"turns":3.0},{"damage":21.0,"enemies":"Exordium Thugs","floor":4.0,"turns":9.0},{"damage":10.0,"enemies":"Lots of Slimes","floor":5.0,"turns":6.0},{"damage":5.0,"enemies":"Red Slaver","floor":6.0,"turns":4.0},{"damage":10.0,"enemies":"2 Fungi Beasts","floor":7.0,"turns":4.0},{"damage":10.0,"enemies":"Exordium Wildlife","floor":8.0,"turns":4.0},{"damage":2.0,"enemies":"3 Sentries","floor":12.0,"turns":4.0},{"damage":9.0,"enemies":"Large Slime","floor":13.0,"turns":6.0},{"damage":16.0,"enemies":"Lagavulin","floor":14.0,"turns":7.0},{"damage":14,"enemies":"Slime Boss","floor":16,"turns":8},{"damage":21,"enemies":"Spheric Guardian","floor":18,"turns":6},{"damage":9,"enemies":"3 Byrds","floor":20,"turns":5},{"damage":13,"enemies":"Snake Plant","floor":22,"turns":3},{"damage":17,"enemies":"Book of Stabbing","floor":27,"turns":5},{"damage":0,"enemies":"Gremlin Leader","floor":29,"turns":5},{"damage":10,"enemies":"Champ","floor":33,"turns":6},{"damage":13,"enemies":"3 Darklings","floor":35,"turns":4},{"damage":0,"enemies":"Orb Walker","floor":38,"turns":2},{"damage":10,"enemies":"Maw","floor":39,"turns":3},{"damage":11,"enemies":"Giant Head","floor":41,"turns":3},{"damage":3,"enemies":"Jaw Worm Horde","floor":42,"turns":3},{"damage":6,"enemies":"Reptomancer","floor":44,"turns":1},{"damage":6,"enemies":"3 Darklings","floor":45,"turns":3},{"damage":51,"enemies":"Nemesis","floor":47,"turns":3},{"damage":35,"enemies":"Awakened One","floor":50,"turns":5}],"seed_played":"-5224203274036423458","potions_obtained":[{"floor":1.0,"key":"SneckoOil"},{"floor":3.0,"key":"Energy Potion"},{"floor":6.0,"key":"Fire Potion"},{"floor":7.0,"key":"FearPotion"},{"floor":8.0,"key":"EssenceOfSteel"},{"floor":22,"key":"GamblersBrew"},{"floor":33,"key":"SpeedPotion"}],"is_trial":false,"path_per_floor":["M","M","M","M","M","M","M","M","T","R","?","E","M","E","R","B",null,"M","?","M","T","M","R","$","R","T","E","R","E","$","?","R","B",null,"M","?","?","M","M","R","E","M","T","E","M","R","E","T","R","B",null],"character_chosen":"IRONCLAD","items_purchased":["Sadistic Nature","Corruption","Tiny Chest","Shrug It Off"],"campfire_rested":2,"item_purchase_floors":[24,30,30,30],"current_hp_per_floor":[63,69,64,49,45,46,42,38,38,38,38,42,39,29,29,21,59,44,44,41,41,34,34,34,34,34,23,44,50,50,50,50,46,66,59,59,59,65,61,61,56,59,59,61,63,63,20,20,42,13],"gold":328,"neow_bonus":"ONE_RARE_RELIC","is_prod":false,"is_daily":false,"chose_seed":false,"campfire_upgraded":7,"win_rate":0,"timestamp":1547516285,"path_taken":["M","M","M","M","M","M","M","M","T","R","?","E","?","E","R","BOSS","M","?","M","?","?","R","?","R","T","E","R","E","$","?","R","BOSS","M","?","?","M","?","R","E","M","T","E","M","R","E","?","R","BOSS"],"build_version":"2019-01-10","purchased_purges":2,"victory":true,"max_hp_per_floor":[72,72,72,72,72,72,72,72,72,72,72,72,72,72,72,72,72,72,72,72,72,72,72,72,72,72,72,72,72,72,72,72,72,72,72,68,68,68,68,68,68,68,68,70,72,72,74,74,74,74],"card_choices":[{"not_picked":["Wild Strike","Cleave"],"picked":"Disarm","floor":1.0},{"not_picked":["Rampage","Body Slam"],"picked":"Iron Wave","floor":2.0},{"not_picked":["Cleave","Body Slam"],"picked":"Sentinel","floor":3.0},{"not_picked":["Anger","Heavy Blade"],"picked":"Seeing Red","floor":4.0},{"not_picked":["Warcry","Sever Soul"],"picked":"Uppercut","floor":5.0},{"not_picked":["Twin Strike","Cleave"],"picked":"Iron Wave","floor":6.0},{"not_picked":["Bloodletting","Impervious"],"picked":"Shrug It Off","floor":7.0},{"not_picked":["Thunderclap","Fire Breathing"],"picked":"Armaments","floor":8.0},{"not_picked":["Uppercut","Bloodletting"],"picked":"Inflame","floor":12.0},{"not_picked":["Evolve","Perfected Strike","Anger"],"picked":"SKIP","floor":13.0},{"not_picked":["Evolve","Perfected Strike","Anger"],"picked":"SKIP","floor":13.0},{"not_picked":["Clothesline","Combust"],"picked":"Juggernaut","floor":14.0},{"not_picked":["Feed+1","Exhume"],"picked":"Limit Break","floor":16},{"not_picked":["Thunderclap+1"],"picked":"SKIP","floor":18},{"not_picked":["Perfected Strike+1"],"picked":"SKIP","floor":20},{"not_picked":[],"picked":"Shockwave","floor":22},{"not_picked":[],"picked":"Battle Trance","floor":27},{"not_picked":[],"picked":"Body Slam+1","floor":29},{"not_picked":[],"picked":"Seeing Red","floor":35},{"not_picked":["Shockwave"],"picked":"SKIP","floor":38},{"not_picked":["Reckless Charge+1"],"picked":"SKIP","floor":39},{"not_picked":[],"picked":"Clothesline+1","floor":41},{"not_picked":[],"picked":"Body Slam+1","floor":42},{"not_picked":["Wild Strike+1"],"picked":"Singing Bowl","floor":44},{"not_picked":["Bloodletting+1"],"picked":"Singing Bowl","floor":45},{"not_picked":["Perfected Strike+1"],"picked":"Singing Bowl","floor":47}],"player_experience":189315,"relics_obtained":[{"floor":9.0,"key":"Ancient Tea Set"},{"floor":12.0,"key":"Paper Frog"},{"floor":14.0,"key":"Molten Egg 2"},{"floor":21,"key":"Whetstone"},{"floor":26,"key":"Oddly Smooth Stone"},{"floor":27,"key":"PreservedInsect"},{"floor":29,"key":"Bronze Scales"},{"floor":41,"key":"Bag of Marbles"},{"floor":43,"key":"Boot"},{"floor":44,"key":"Singing Bowl"},{"floor":47,"key":"MawBank"},{"floor":48,"key":"Letter Opener"}],"event_choices":[{"damage_healed":0.0,"max_hp_gain":0.0,"max_hp_loss":0.0,"gold_gain":0.0,"event_name":"Upgrade Shrine","player_choice":"Upgraded","floor":11.0,"gold_loss":0.0,"damage_taken":0.0,"cards_upgraded":["Uppercut"]},{"damage_healed":0,"gold_gain":0,"player_choice":"Ignored","damage_taken":0,"max_hp_gain":0,"max_hp_loss":0,"event_name":"Ghosts","floor":19,"gold_loss":0},{"damage_healed":0,"gold_gain":0,"player_choice":"Read","damage_taken":0,"max_hp_gain":0,"max_hp_loss":0,"event_name":"The Library","floor":31,"gold_loss":0,"cards_obtained":["Seeing Red"]},{"damage_healed":0,"gold_gain":0,"player_choice":"Max HP","damage_taken":0,"max_hp_gain":0,"max_hp_loss":4,"event_name":"Winding Halls","floor":36,"gold_loss":0},{"damage_healed":0,"gold_gain":0,"cards_transformed":["Strike_R","Strike_R"],"player_choice":"Transformed Cards","damage_taken":0,"max_hp_gain":0,"max_hp_loss":0,"event_name":"Designer","floor":37,"gold_loss":60,"cards_obtained":["Offering","Sever Soul"]}],"is_beta":false,"boss_relics":[{"not_picked":["Mark of Pain","Runic Dome"],"picked":"Busted Crown"},{"not_picked":["Fusion Hammer","Astrolabe"],"picked":"Sozu"}],"items_purged_floors":[24,30],"is_endless":false,"potions_floor_spawned":[1,3,6,7,8,22,33,38,39,42,47],"ascension_level":5}