{"gold_per_floor":[211,211,230,530,530,558,574,574,574,593,619,637,656,216,216,216],"floor_reached":16,"playtime":1487,"items_purged":["Strike_R"],"score":112,"play_id":"cd62a7cf-f418-435a-81ad-afbacdd3fe20","local_time":"20190110213524","is_ascension_mode":false,"campfire_choices":[{"data":"Regret","floor":8,"key":"PURGE"},{"data":"Feed","floor":15,"key":"SMITH"}],"neow_cost":"NONE","seed_source_timestamp":12061791822785,"circlet_count":0,"master_deck":["Strike_R","Strike_R","Strike_R","Defend_R","Defend_R","Defend_R","Defend_R","Bash","Sword Boomerang","Pommel Strike","Juggernaut","Battle Trance","Armaments","Shrug It Off","Heavy Blade","Flex","Feed+1","Uppercut"],"relics":["Burning Blood","Old Coin","Peace Pipe","Charon\u0027s Ashes","Meat on the Bone","Sling"],"potions_floor_usage":[6,6,6],"damage_taken":[{"damage":10,"enemies":"Cultist","floor":1,"turns":4},{"damage":3,"enemies":"Small Slimes","floor":3,"turns":3},{"damage":37,"enemies":"Lagavulin","floor":6,"turns":9},{"damage":7,"enemies":"2 Louse","floor":7,"turns":3},{"damage":35,"enemies":"Gremlin Gang","floor":10,"turns":5},{"damage":9,"enemies":"3 Sentries","floor":11,"turns":6},{"damage":0,"enemies":"Looter","floor":12,"turns":4},{"damage":0,"enemies":"2 Fungi Beasts","floor":13,"turns":4},{"damage":55,"enemies":"Hexaghost","floor":16,"turns":11}],"seed_played":"7856100578381388755","potions_obtained":[{"floor":2,"key":"Weak Potion"},{"floor":2,"key":"Weak Potion"},{"floor":2,"key":"AttackPotion"},{"floor":10,"key":"Explosive Potion"}],"is_trial":false,"path_per_floor":["M","?","M","?","?","E","M","R","T","M","E","M","M","$","R","B"],"character_chosen":"IRONCLAD","items_purchased":["Feed","Uppercut","Sling"],"campfire_rested":0,"item_purchase_floors":[14,14,14],"current_hp_per_floor":[76,76,79,79,79,48,47,47,47,18,15,33,51,51,51,0],"gold":216,"neow_bonus":"HUNDRED_GOLD","is_prod":false,"is_daily":false,"chose_seed":false,"campfire_upgraded":1,"win_rate":0,"timestamp":1547156124,"path_taken":["M","?","?","?","?","E","M","R","T","?","E","M","M","$","R","BOSS"],"build_version":"2019-01-03v4","purchased_purges":1,"victory":false,"max_hp_per_floor":[80,80,80,80,80,80,80,80,80,80,80,80,80,80,80,80],"card_choices":[{"not_picked":["Clash","True Grit"],"picked":"Sword Boomerang","floor":1},{"not_picked":["Headbutt","True Grit"],"picked":"Pommel Strike","floor":3},{"not_picked":["Twin Strike","Bludgeon"],"picked":"Battle Trance","floor":6},{"not_picked":["Twin Strike","Ghostly Armor"],"picked":"Armaments","floor":7},{"not_picked":["Pommel Strike","Wild Strike"],"picked":"Shrug It Off","floor":10},{"not_picked":["Rupture","Sever Soul"],"picked":"Heavy Blade","floor":11},{"not_picked":["Blood for Blood","Dropkick","Clothesline"],"picked":"SKIP","floor":12},{"not_picked":["Fire Breathing","Burning Pact"],"picked":"Flex","floor":13}],"player_experience":49859,"relics_obtained":[{"floor":6,"key":"Peace Pipe"},{"floor":9,"key":"Charon\u0027s Ashes"},{"floor":11,"key":"Meat on the Bone"}],"event_choices":[{"damage_healed":0,"gold_gain":0,"player_choice":"Got Potions","damage_taken":0,"max_hp_gain":0,"max_hp_loss":0,"event_name":"Lab","floor":2,"gold_loss":0},{"damage_healed":0,"gold_gain":0,"player_choice":"Box","damage_taken":0,"relics_obtained":["Old Coin"],"max_hp_gain":0,"max_hp_loss":0,"event_name":"Big Fish","floor":4,"gold_loss":0,"cards_obtained":["Regret"]},{"damage_healed":0,"gold_gain":0,"cards_transformed":["Strike_R"],"player_choice":"Transformed","damage_taken":0,"max_hp_gain":0,"max_hp_loss":0,"event_name":"Transmorgrifier","floor":5,"gold_loss":0,"cards_obtained":["Juggernaut"]}],"is_beta":false,"boss_relics":[],"items_purged_floors":[14],"is_endless":false,"potions_floor_spawned":[10],"killed_by":"Hexaghost","ascension_level":0}