{"gold_per_floor":[369,7,24,35,54,54,54,112,112,112,138,138,138,163,163,163],"floor_reached":16,"playtime":821,"items_purged":[],"score":216,"play_id":"7ae0051b-b2ed-4cf1-95ce-d3c0f142cc12","local_time":"20190107201322","is_ascension_mode":true,"campfire_choices":[{"data":"True Grit","floor":6.0,"key":"SMITH"},{"data":"Bash","floor":10.0,"key":"SMITH"},{"data":"Disarm","floor":13.0,"key":"SMITH"},{"data":"Inflame","floor":15.0,"key":"SMITH"}],"neow_cost":"TEN_PERCENT_HP_LOSS","seed_source_timestamp":0,"circlet_count":0,"master_deck":["AscendersBane","Strike_R","Strike_R","Strike_R","Strike_R","Strike_R","Defend_R","Defend_R","Defend_R","Defend_R","Bash+1","Ghostly Armor","Disarm+1","Thunderclap","Clothesline","Iron Wave","True Grit+1","Inflame+1","Shrug It Off"],"special_seed":0,"relics":["Burning Blood","Membership Card","Bag of Marbles","Tiny Chest","Regal Pillow","Dodecahedron"],"potions_floor_usage":[16],"damage_taken":[{"damage":4.0,"enemies":"2 Louse","floor":1.0,"turns":3.0},{"damage":0.0,"enemies":"Cultist","floor":3.0,"turns":4.0},{"damage":7.0,"enemies":"Jaw Worm","floor":4.0,"turns":3.0},{"damage":1.0,"enemies":"Exordium Thugs","floor":5.0,"turns":5.0},{"damage":37.0,"enemies":"3 Sentries","floor":8.0,"turns":13.0},{"damage":22.0,"enemies":"Lagavulin","floor":11.0,"turns":7.0},{"damage":36,"enemies":"Hexaghost","floor":16,"turns":11}],"seed_played":"-4255273085138763884","potions_obtained":[{"floor":1.0,"key":"FearPotion"},{"floor":4.0,"key":"Fire Potion"},{"floor":8.0,"key":"Fruit Juice"},{"floor":11.0,"key":"PowerPotion"}],"is_trial":false,"path_per_floor":["M","$","M","M","M","R","?","E","T","R","E","?","R","T","R","B"],"character_chosen":"IRONCLAD","items_purchased":["Membership Card","Disarm","Bag of Marbles","Thunderclap"],"campfire_rested":0,"item_purchase_floors":[2,2,2,2],"current_hp_per_floor":[68,68,68,67,68,68,68,42,42,42,26,31,31,31,31,0],"gold":163,"neow_bonus":"TWO_FIFTY_GOLD","is_prod":false,"is_daily":false,"chose_seed":false,"campfire_upgraded":4,"win_rate":0,"timestamp":1546888402,"path_taken":["M","$","M","M","M","R","?","E","T","R","E","?","R","?","R","BOSS"],"build_version":"2019-01-03v4","purchased_purges":0,"victory":false,"max_hp_per_floor":[68,68,68,68,68,68,68,73,73,73,73,78,78,78,78,78],"card_choices":[{"not_picked":["Pummel","Dual Wield"],"picked":"Ghostly Armor","floor":1.0},{"not_picked":["Twin Strike","Infernal Blade"],"picked":"Clothesline","floor":3.0},{"not_picked":["Flex","Headbutt"],"picked":"Iron Wave","floor":4.0},{"not_picked":["Searing Blow","Uppercut"],"picked":"True Grit","floor":5.0},{"not_picked":["Burning Pact","Armaments"],"picked":"Inflame","floor":8.0},{"not_picked":["Dropkick","Blood for Blood"],"picked":"Shrug It Off","floor":11.0}],"player_experience":885572,"relics_obtained":[{"floor":8.0,"key":"Tiny Chest"},{"floor":9.0,"key":"Regal Pillow"},{"floor":11.0,"key":"Dodecahedron"}],"event_choices":[{"damage_healed":0.0,"max_hp_gain":0.0,"max_hp_loss":0.0,"gold_gain":0.0,"event_name":"The Cleric","player_choice":"Leave","floor":7.0,"gold_loss":0.0,"damage_taken":0.0},{"damage_healed":0.0,"max_hp_gain":5.0,"max_hp_loss":0.0,"gold_gain":0.0,"event_name":"Big Fish","player_choice":"Donut","floor":12.0,"gold_loss":0.0,"damage_taken":0.0}],"is_beta":true,"boss_relics":[],"items_purged_floors":[],"is_endless":false,"potions_floor_spawned":[1,4,8,11],"killed_by":"Hexaghost","ascension_level":20}