{"gold_per_floor":[118,131,141,151,162,191,191,191,237,237,248,276,287,437,437,515,515,527,540,540,610,624,624,641,691,715,715],"floor_reached":27,"playtime":998,"items_purged":[],"score":401,"play_id":"35f35a77-dcae-48a3-9056-8067035f5aee","local_time":"20190223231745","is_ascension_mode":true,"campfire_choices":[{"data":"Armaments","floor":8.0,"key":"SMITH"},{"data":"Armaments","floor":15.0,"key":"SMITH"},{"floor":23,"key":"REST"}],"neow_cost":"NONE","seed_source_timestamp":0,"circlet_count":0,"master_deck":["AscendersBane","Strike_R","Strike_R","Strike_R","Strike_R","Defend_R","Defend_R","Defend_R","Defend_R","Bash","Clothesline","Thunderclap","Pommel Strike","Armaments+1","Rampage","Spot Weakness","Cleave","Armaments+1","Metallicize","Doubt","Immolate","Inflame","Seeing Red","True Grit","Limit Break"],"special_seed":0,"relics":["Burning Blood","FossilizedHelix","Strawberry","Mummified Hand","Velvet Choker","SsserpentHead","Enchiridion","Smiling Mask"],"potions_floor_usage":[27,27],"damage_taken":[{"damage":6.0,"enemies":"Cultist","floor":1.0,"turns":4.0},{"damage":15.0,"enemies":"Small Slimes","floor":2.0,"turns":3.0},{"damage":4.0,"enemies":"Jaw Worm","floor":3.0,"turns":3.0},{"damage":17.0,"enemies":"Blue Slaver","floor":4.0,"turns":3.0},{"damage":22.0,"enemies":"Lots of Slimes","floor":5.0,"turns":4.0},{"damage":34.0,"enemies":"Gremlin Nob","floor":6.0,"turns":5.0},{"damage":8.0,"enemies":"3 Louse","floor":11.0,"turns":2.0},{"damage":15.0,"enemies":"3 Sentries","floor":12.0,"turns":5.0},{"damage":0.0,"enemies":"2 Fungi Beasts","floor":13.0,"turns":3.0},{"damage":37.0,"enemies":"Hexaghost","floor":16.0,"turns":10.0},{"damage":0,"enemies":"Chosen","floor":18,"turns":3},{"damage":11,"enemies":"2 Thieves","floor":19,"turns":4},{"damage":19,"enemies":"3 Cultists","floor":21,"turns":4},{"damage":34,"enemies":"Chosen and Byrds","floor":22,"turns":7},{"damage":28,"enemies":"Shelled Parasite and Fungi","floor":24,"turns":5},{"damage":15,"enemies":"Book of Stabbing","floor":27,"turns":2}],"seed_played":"5115824588046572013","potions_obtained":[{"floor":3.0,"key":"BloodPotion"},{"floor":4.0,"key":"FearPotion"},{"floor":5.0,"key":"Strength Potion"},{"floor":11.0,"key":"Poison Potion"},{"floor":12.0,"key":"PowerPotion"},{"floor":19,"key":"SteroidPotion"}],"is_trial":false,"path_per_floor":["M","M","M","M","M","E","?","R","T","?","M","E","M","?","R","B",null,"M","M","?","M","M","R","M","?","T","E"],"character_chosen":"IRONCLAD","items_purchased":[],"campfire_rested":1,"item_purchase_floors":[],"current_hp_per_floor":[75,66,68,57,49,21,48,48,55,55,53,44,50,50,50,19,72,78,73,73,60,32,58,36,15,15,0],"gold":715,"neow_bonus":"TEN_PERCENT_HP_BONUS","is_prod":false,"is_daily":false,"chose_seed":false,"campfire_upgraded":2,"win_rate":0,"timestamp":1550985465,"path_taken":["M","M","M","?","M","E","?","R","T","?","M","E","M","?","R","BOSS","M","M","?","?","M","R","M","?","T","E"],"build_version":"2019-01-23","purchased_purges":0,"victory":false,"max_hp_per_floor":[82,82,82,82,82,82,82,82,89,89,89,89,89,89,89,89,89,89,89,89,89,89,89,89,89,89,89],"card_choices":[{"not_picked":["Seeing Red","Twin Strike"],"picked":"Clothesline","floor":1.0},{"not_picked":["Wild Strike","Corruption"],"picked":"Thunderclap","floor":2.0},{"not_picked":["Power Through","Blood for Blood"],"picked":"Pommel Strike","floor":3.0},{"not_picked":["Seeing Red","Uppercut"],"picked":"Armaments","floor":4.0},{"not_picked":["Headbutt","Sever Soul"],"picked":"Rampage","floor":5.0},{"not_picked":["Anger","Evolve"],"picked":"Spot Weakness","floor":6.0},{"not_picked":["Perfected Strike","Second Wind","Body Slam"],"picked":"SKIP","floor":11.0},{"not_picked":["Infernal Blade","Havoc"],"picked":"Armaments","floor":12.0},{"not_picked":["Intimidate","Warcry"],"picked":"Metallicize","floor":13.0},{"not_picked":["Double Tap","Fiend Fire"],"picked":"Immolate","floor":16.0},{"not_picked":["Twin Strike","Thunderclap"],"picked":"Inflame","floor":18},{"not_picked":["Blood for Blood","Clash"],"picked":"Seeing Red","floor":19},{"not_picked":["Clash","Cleave"],"picked":"True Grit","floor":21},{"not_picked":["Iron Wave","Evolve","Burning Pact+1"],"picked":"SKIP","floor":22},{"not_picked":["Wild Strike+1","Twin Strike"],"picked":"Limit Break","floor":24}],"player_experience":594801,"relics_obtained":[{"floor":6.0,"key":"FossilizedHelix"},{"floor":9.0,"key":"Strawberry"},{"floor":12.0,"key":"Mummified Hand"},{"floor":25,"key":"Enchiridion"},{"floor":26,"key":"Smiling Mask"}],"event_choices":[{"damage_healed":27.0,"max_hp_gain":0.0,"max_hp_loss":0.0,"gold_gain":0.0,"event_name":"Big Fish","player_choice":"Banana","floor":7.0,"gold_loss":0.0,"damage_taken":0.0},{"damage_healed":0.0,"max_hp_gain":0.0,"max_hp_loss":0.0,"gold_gain":0.0,"cards_transformed":["Strike_R"],"event_name":"Living Wall","player_choice":"Change","floor":10.0,"gold_loss":0.0,"damage_taken":0.0,"cards_obtained":["Cleave"]},{"damage_healed":0.0,"max_hp_gain":0.0,"max_hp_loss":0.0,"gold_gain":150.0,"event_name":"Liars Game","player_choice":"AGREE","floor":14.0,"gold_loss":0.0,"damage_taken":0.0,"cards_obtained":["Doubt"]},{"damage_healed":0,"gold_gain":0,"player_choice":"Trade","damage_taken":0,"relics_obtained":["SsserpentHead"],"max_hp_gain":0,"max_hp_loss":0,"event_name":"FaceTrader","floor":20,"gold_loss":0},{"damage_healed":0,"gold_gain":0,"player_choice":"Obtained Book","damage_taken":21,"max_hp_gain":0,"max_hp_loss":0,"event_name":"Cursed Tome","floor":25,"gold_loss":0}],"is_beta":false,"boss_relics":[{"not_picked":["Sozu","Calling Bell"],"picked":"Velvet Choker"}],"items_purged_floors":[],"is_endless":false,"potions_floor_spawned":[3,4,5,11,12,13,19,22,24],"killed_by":"Book of Stabbing","ascension_level":15}