{"gold_per_floor":[111,131,131,96,96,96,70,105,105,105,28,28,47,47,47,152,152,168,93,93,104,104,104,138,138,162,181,104,104,104,137,137,137],"floor_reached":33,"playtime":1937,"items_purged":[],"score":317,"play_id":"10c1d837-b0f4-4c00-bfa5-2b99136e5bdd","local_time":"20180908021139","is_ascension_mode":true,"campfire_choices":[{"data":"Dagger Spray","floor":6,"key":"SMITH"},{"data":"Adrenaline","floor":10,"key":"SMITH"},{"data":"Caltrops","floor":15,"key":"SMITH"},{"floor":23,"key":"REST"},{"floor":25,"key":"REST"},{"floor":32,"key":"REST"}],"neow_cost":"NONE","seed_source_timestamp":442362014059540,"circlet_count":0,"master_deck":["Defend_G+1","Defend_G+1","Defend_G+1","Defend_G+1","Strike_G+1","Strike_G+1","Strike_G+1","Strike_G+1","Strike_G+1","Survivor","Neutralize","Dagger Spray+1","Blur+1","Adrenaline+1","Acrobatics","Quick Slash+1","Caltrops+1","Die Die Die","Noxious Fumes","Eviscerate","Bane","Escape Plan","A Thousand Cuts"],"relics":["Runic Dome","Lantern","Pantograph","Singing Bowl","White Beast Statue","Sundial","FossilizedHelix","Whetstone","Smiling Mask"],"potions_floor_usage":[16,24,31,31,33,33],"damage_taken":[{"damage":1,"enemies":"2 Louse","floor":1,"turns":3},{"damage":3,"enemies":"Jaw Worm","floor":2,"turns":3},{"damage":8,"enemies":"3 Sentries","floor":8,"turns":6},{"damage":2,"enemies":"Small Slimes","floor":13,"turns":3},{"damage":28,"enemies":"Slime Boss","floor":16,"turns":10},{"damage":22,"enemies":"Spheric Guardian","floor":18,"turns":4},{"damage":12,"enemies":"Shell Parasite","floor":21,"turns":5},{"damage":21,"enemies":"Book of Stabbing","floor":24,"turns":6},{"damage":32,"enemies":"Snake Plant","floor":27,"turns":5},{"damage":0,"enemies":"Gremlin Leader","floor":31,"turns":5},{"damage":76,"enemies":"Champ","floor":33,"turns":11}],"seed_played":"2263590012747074483","potions_obtained":[{"floor":2,"key":"EssenceOfSteel"},{"floor":16,"key":"SpeedPotion"},{"floor":18,"key":"Dexterity Potion"},{"floor":21,"key":"Ancient Potion"},{"floor":24,"key":"FearPotion"},{"floor":27,"key":"Poison Potion"},{"floor":31,"key":"Poison Potion"}],"is_trial":false,"path_per_floor":["M","M","?","?","?","R","$","E","T","R","$","T","M","$","R","B",null,"M","$","?","M","T","R","E","R","T","M","$","?","?","E","R"],"character_chosen":"THE_SILENT","items_purchased":["Acrobatics","Caltrops","Noxious Fumes","Escape Plan"],"campfire_rested":3,"item_purchase_floors":[7,11,19,28],"current_hp_per_floor":[69,66,52,69,69,69,69,61,61,61,61,61,59,59,59,44,72,52,52,52,42,42,64,43,65,65,33,33,58,58,58,76,0],"gold":137,"neow_bonus":"BOSS_RELIC","is_prod":false,"is_daily":false,"chose_seed":false,"campfire_upgraded":3,"win_rate":0,"timestamp":1536381699,"path_taken":["M","M","?","?","?","R","$","E","T","R","$","?","M","$","R","BOSS","M","$","?","M","?","R","E","R","T","?","?","?","?","E","R","BOSS"],"build_version":"2018-09-06","purchased_purges":0,"victory":false,"max_hp_per_floor":[70,70,70,70,70,70,70,70,70,70,70,70,70,70,70,72,72,74,74,74,76,76,76,76,76,76,76,76,76,76,76,76,76],"card_choices":[{"not_picked":["Underhanded Strike","Quick Slash"],"picked":"Dagger Spray","floor":1},{"not_picked":["PiercingWail","Well Laid Plans"],"picked":"Blur","floor":2},{"not_picked":["Blade Dance","Slice"],"picked":"Quick Slash","floor":8},{"not_picked":["Dodge and Roll","Dagger Throw"],"picked":"Die Die Die","floor":13},{"not_picked":["Unload","Phantasmal Killer","Glass Knife"],"picked":"Singing Bowl","floor":16},{"not_picked":["Infinite Blades","Cloak And Dagger+1","Sucker Punch"],"picked":"Singing Bowl","floor":18},{"not_picked":["Slice","Sucker Punch","Quick Slash+1"],"picked":"Singing Bowl","floor":21},{"not_picked":["PiercingWail","All Out Attack"],"picked":"Eviscerate","floor":24},{"not_picked":["Flying Knee+1","Skewer+1"],"picked":"Bane","floor":27},{"not_picked":["Backflip+1","Flying Knee"],"picked":"A Thousand Cuts","floor":31}],"player_experience":474829,"relics_obtained":[{"floor":8,"key":"Lantern"},{"floor":9,"key":"Pantograph"},{"floor":12,"key":"Singing Bowl"},{"floor":22,"key":"Sundial"},{"floor":24,"key":"FossilizedHelix"},{"floor":26,"key":"Whetstone"},{"floor":31,"key":"Smiling Mask"}],"event_choices":[{"event_name":"Shining Light","player_choice":"Entered Light","floor":3,"damage_taken":0},{"event_name":"The Cleric","player_choice":"Healed","floor":4,"damage_taken":0},{"event_name":"Living Wall","player_choice":"Change","floor":5,"damage_taken":0},{"event_name":"Vampires","player_choice":"Ignored","floor":20,"damage_taken":0},{"event_name":"The Library","player_choice":"Heal","floor":29,"damage_taken":0},{"event_name":"Back to Basics","player_choice":"Simplicity","floor":30,"damage_taken":0}],"is_beta":true,"boss_relics":[{"not_picked":["Sozu","Pandora\u0027s Box"],"picked":"White Beast Statue"}],"items_purged_floors":[],"is_endless":false,"potions_floor_spawned":[2,16,18,21,24,27,31],"killed_by":"Champ","ascension_level":1}