{"path_per_floor":["M","M","$","?","M","R","?","M","T","?","R","?","M","M","R","B",null,"M","?","?","M","?","E","M","$","T","?","R","M","$","M","R","B",null,"M","?","?","$","M","R","M","?","T","M"],"character_chosen":"IRONCLAD","items_purchased":["Inflame","Shuriken","Apotheosis","Heavy Blade","Flame Barrier"],"gold_per_floor":[114,129,93,93,108,108,163,178,203,203,203,203,218,233,233,333,333,348,348,448,463,463,493,508,258,283,283,283,298,95,110,110,210,210,225,225,225,154,169,169,184,184,184,199,199],"floor_reached":45,"campfire_rested":0,"playtime":1775,"current_hp_per_floor":[78,77,76,75,74,73,72,71,70,63,63,63,66,65,64,63,69,68,67,66,65,64,71,72,71,70,69,68,57,57,63,63,35,62,61,53,53,53,52,52,50,50,50,25,0],"items_purged":[],"gold":199,"score":475,"play_id":"33e1de95-7171-4f9f-8679-619d2a4e6900","local_time":"20180327000548","daily_mods":["Allstar","Terminal","Vintage"],"is_prod":false,"is_daily":true,"is_ascension_mode":false,"campfire_upgraded":6,"timestamp":1522118148,"path_taken":["M","M","$","?","M","R","?","?","T","?","R","?","M","M","R","BOSS","M","?","?","M","?","E","M","$","T","?","R","M","$","M","R","BOSS","M","?","?","$","M","R","M","?","T","M","M"],"build_version":"2018-03-22v2","purchased_purges":1,"victory":false,"master_deck":["Strike_R+1","Strike_R","Strike_R+1","Strike_R","Defend_R+1","Defend_R+1","Defend_R","Defend_R","Bash+1","Dramatic Entrance+1","Enlightenment+1","Inflame+1","Whirlwind+1","Juggernaut+1","Inflame+1","Apotheosis+1","Heavy Blade","Feed","Madness","Flame Barrier+1","True Grit+1"],"max_hp_per_floor":[78,77,76,75,74,73,72,71,70,69,68,67,66,65,64,70,69,68,67,66,65,64,73,72,71,70,69,68,67,66,65,64,63,62,61,60,59,58,57,56,59,58,57,56,56],"relics":["Burning Blood","Paper Frog","Dream Catcher","Orichalcum","Frozen Egg 2","War Paint","Juzu Bracelet","Art of War","Toolbox","Strawberry","Mark of Pain","Prayer Wheel","Kunai","Nloth\u0027s Gift","Pear","Vajra","Shuriken","Anchor","Du-Vu Doll","Regal Pillow","Whetstone","Ancient Tea Set","Toxic Egg 2","Self Forming Clay","Pen Nib","Bottled Lightning"],"card_choices":[{"not_picked":["Cleave","Headbutt"],"picked":"Whirlwind","floor":7},{"not_picked":["Exhume","Fiend Fire"],"picked":"Juggernaut","floor":16},{"not_picked":["Hemokinesis","Armaments"],"picked":"Inflame","floor":26},{"not_picked":["Immolate","Double Tap"],"picked":"Feed","floor":33},{"not_picked":["Flex","Rage"],"picked":"True Grit","floor":43}],"player_experience":251127,"potions_floor_usage":[7,16,23,23,35,41,41,41,45],"damage_taken":[{"damage":1,"enemies":"Jaw Worm","floor":1,"turns":3},{"damage":0,"enemies":"2 Louse","floor":2,"turns":2},{"damage":2,"enemies":"Small Slimes","floor":5,"turns":3},{"damage":5,"enemies":"Gremlin Nob","floor":7,"turns":4},{"damage":1,"enemies":"Exordium Wildlife","floor":8,"turns":3},{"damage":0,"enemies":"3 Louse","floor":13,"turns":2},{"damage":2,"enemies":"Red Slaver","floor":14,"turns":3},{"damage":14,"enemies":"The Guardian","floor":16,"turns":10},{"damage":0,"enemies":"Spheric Guardian","floor":18,"turns":3},{"damage":0,"enemies":"Chosen","floor":21,"turns":3},{"damage":9,"enemies":"Slavers","floor":23,"turns":4},{"damage":4,"enemies":"Snecko","floor":24,"turns":3},{"damage":17,"enemies":"Snake Plant","floor":29,"turns":4},{"damage":0,"enemies":"Centurion and Healer","floor":31,"turns":3},{"damage":34,"enemies":"Champ","floor":33,"turns":8},{"damage":0,"enemies":"3 Darklings","floor":35,"turns":1},{"damage":7,"enemies":"Orb Walker","floor":39,"turns":4},{"damage":12,"enemies":"4 Shapes","floor":41,"turns":4},{"damage":31,"enemies":"3 Darklings","floor":44,"turns":4},{"damage":36,"enemies":"Maw","floor":45,"turns":6}],"event_choices":[{"event_name":"Big Fish","player_choice":"Box","floor":4,"damage_taken":0},{"event_name":"Dead Adventurer","player_choice":"Searched \u00273\u0027 times","floor":7,"damage_taken":0},{"event_name":"Golden Wing","player_choice":"Card Removal","floor":10,"damage_taken":0},{"event_name":"Living Wall","player_choice":"Grow","floor":12,"damage_taken":0},{"event_name":"Purifier","player_choice":"One Purge","floor":19,"damage_taken":0},{"event_name":"Golden Shrine","player_choice":"Pray","floor":20,"damage_taken":0},{"event_name":"N\u0027loth","player_choice":"Traded a Meat on the Bone","floor":22,"damage_taken":0},{"event_name":"The Woman in Blue","player_choice":"Bought 0 Potions","floor":27,"damage_taken":0},{"event_name":"Winding Halls","player_choice":"Embrace Madness","floor":36,"damage_taken":0},{"event_name":"Purifier","player_choice":"One Purge","floor":37,"damage_taken":0},{"event_name":"Mysterious Sphere","player_choice":"Ignore","floor":42,"damage_taken":0}],"boss_relics":[{"not_picked":["Pandora\u0027s Box","Velvet Choker"],"picked":"Mark of Pain"},{"not_picked":["Sozu","Runic Dome","Calling Bell"]}],"potions_floor_spawned":[1,5,8,14,21,23,24,31,39,44],"seed_played":"7182393064752794015","killed_by":"Maw","ascension_level":0,"is_trial":false}