{"gold_per_floor":[119,19,19,37,51,85,85,85,85,114,124,43,43,77,77,181,181,196,77,77,27,45,45,61,96,96,96,21,21,21,53,53,53],"floor_reached":33,"playtime":1166,"items_purged":["Defend_R","Pain","Pain"],"score":478,"play_id":"aa0e408b-1333-4a34-8e17-5dc5ee1b8834","local_time":"20190210065532","is_ascension_mode":true,"campfire_choices":[{"data":"Armaments","floor":8,"key":"SMITH"},{"data":"True Grit","floor":15,"key":"SMITH"},{"data":"Dark Embrace","floor":23,"key":"SMITH"},{"floor":27,"key":"REST"},{"floor":32,"key":"REST"}],"neow_cost":"NONE","seed_source_timestamp":748887052258705,"circlet_count":0,"master_deck":["AscendersBane","Strike_R","Strike_R","Strike_R","Strike_R","Strike_R","Defend_R","Defend_R","Defend_R","Bash","Armaments+1","Shrug It Off","Clash","Iron Wave","Juggernaut","Body Slam","Impervious","True Grit+1","Dark Embrace+1","Doubt","Cleave","Fiend Fire","Corruption+1","Havoc","Shame"],"relics":["Burning Blood","Mercury Hourglass","Bag of Preparation","Meat on the Bone","Smiling Mask","Letter Opener","Charon\u0027s Ashes","Calling Bell","Boot","Frozen Egg 2","WingedGreaves","WarpedTongs","Art of War","Mummified Hand","Orichalcum"],"potions_floor_usage":[10,24,24],"damage_taken":[{"damage":1,"enemies":"Cultist","floor":1,"turns":4},{"damage":0,"enemies":"Small Slimes","floor":4,"turns":5},{"damage":1,"enemies":"2 Louse","floor":5,"turns":4},{"damage":46,"enemies":"Gremlin Nob","floor":6,"turns":6},{"damage":12,"enemies":"3 Sentries","floor":10,"turns":10},{"damage":1,"enemies":"2 Fungi Beasts","floor":11,"turns":4},{"damage":4,"enemies":"Lagavulin","floor":14,"turns":5},{"damage":23,"enemies":"Hexaghost","floor":16,"turns":11},{"damage":6,"enemies":"Chosen","floor":18,"turns":4},{"damage":19,"enemies":"2 Thieves","floor":22,"turns":4},{"damage":37,"enemies":"Sentry and Sphere","floor":24,"turns":7},{"damage":37,"enemies":"Book of Stabbing","floor":25,"turns":5},{"damage":48,"enemies":"Slavers","floor":31,"turns":4},{"damage":79,"enemies":"Champ","floor":33,"turns":8}],"seed_played":"-4054021221226741828","potions_obtained":[{"floor":6,"key":"Energy Potion"},{"floor":18,"key":"Regen Potion"},{"floor":22,"key":"Block Potion"},{"floor":31,"key":"SpeedPotion"}],"is_trial":false,"path_per_floor":["M","$","?","M","M","E","?","R","T","E","M","$","?","E","R","B",null,"M","$","?","$","M","R","M","E","T","R","?","?","$","E","R","B"],"character_chosen":"IRONCLAD","items_purchased":["Shrug It Off","Impervious","Fiend Fire"],"campfire_rested":2,"item_purchase_floors":[2,12,19],"current_hp_per_floor":[85,85,85,88,88,48,48,48,48,54,59,59,56,58,58,53,79,79,79,79,79,66,66,62,43,43,69,69,69,69,39,65,0],"gold":53,"neow_bonus":"TEN_PERCENT_HP_BONUS","is_prod":false,"is_daily":false,"chose_seed":false,"campfire_upgraded":3,"win_rate":0,"timestamp":1549774532,"path_taken":["M","$","?","M","M","E","?","R","T","E","M","$","?","E","R","BOSS","M","$","?","$","?","R","M","E","T","R","?","?","$","E","R","BOSS"],"build_version":"2019-01-23","purchased_purges":3,"victory":false,"max_hp_per_floor":[88,88,88,88,88,88,88,88,88,88,88,88,88,88,88,88,88,88,88,88,88,88,88,88,88,88,88,88,88,88,88,88,88],"card_choices":[{"not_picked":["Cleave","Warcry"],"picked":"Armaments","floor":1},{"not_picked":["Dual Wield","Sword Boomerang"],"picked":"Clash","floor":4},{"not_picked":["Rupture","Twin Strike","Second Wind"],"picked":"SKIP","floor":5},{"not_picked":["Armaments","Infernal Blade"],"picked":"Iron Wave","floor":6},{"not_picked":["Shrug It Off","Twin Strike"],"picked":"Juggernaut","floor":10},{"not_picked":["Armaments","Sword Boomerang"],"picked":"Body Slam","floor":11},{"not_picked":["Armaments","Corruption"],"picked":"True Grit","floor":14},{"not_picked":["Immolate","Brutality"],"picked":"Dark Embrace","floor":16},{"not_picked":["Flex","Wild Strike+1"],"picked":"Cleave","floor":18},{"not_picked":["Sever Soul","Warcry","Reckless Charge"],"picked":"SKIP","floor":22},{"not_picked":["Burning Pact","Carnage"],"picked":"Corruption+1","floor":24},{"not_picked":["Sever Soul","Pommel Strike"],"picked":"Havoc","floor":25},{"not_picked":["Rage+1","Havoc","Rupture+1"],"picked":"SKIP","floor":31}],"player_experience":725816,"relics_obtained":[{"floor":6,"key":"Mercury Hourglass"},{"floor":9,"key":"Meat on the Bone"},{"floor":10,"key":"Smiling Mask"},{"floor":14,"key":"Charon\u0027s Ashes"},{"floor":17,"key":"Boot"},{"floor":17,"key":"Frozen Egg 2"},{"floor":17,"key":"WingedGreaves"},{"floor":25,"key":"Art of War"},{"floor":31,"key":"Orichalcum"}],"event_choices":[{"damage_healed":0,"gold_gain":0,"player_choice":"Leave","damage_taken":0,"max_hp_gain":0,"max_hp_loss":0,"event_name":"The Cleric","floor":3,"gold_loss":0},{"damage_healed":0,"gold_gain":0,"player_choice":"Searched \u00272\u0027 times","damage_taken":0,"relics_obtained":["Bag of Preparation"],"max_hp_gain":0,"max_hp_loss":0,"event_name":"Dead Adventurer","floor":7,"gold_loss":0},{"damage_healed":0,"gold_gain":0,"player_choice":"Success","damage_taken":3,"relics_obtained":["Letter Opener"],"max_hp_gain":0,"max_hp_loss":0,"event_name":"Scrap Ooze","floor":13,"gold_loss":0},{"damage_healed":0,"gold_gain":0,"player_choice":"Rummage","damage_taken":0,"relics_obtained":["WarpedTongs"],"max_hp_gain":0,"max_hp_loss":0,"event_name":"Accursed Blacksmith","floor":20,"gold_loss":0,"cards_obtained":["Pain"]},{"cards_removed":["Shame"],"damage_healed":0,"gold_gain":0,"player_choice":"Gave Gold","damage_taken":0,"max_hp_gain":0,"max_hp_loss":0,"event_name":"Beggar","floor":28,"gold_loss":75},{"damage_healed":0,"gold_gain":0,"player_choice":"Stole Relic","damage_taken":0,"relics_obtained":["Mummified Hand"],"max_hp_gain":0,"max_hp_loss":0,"event_name":"Addict","floor":29,"gold_loss":0,"cards_obtained":["Shame"]}],"is_beta":false,"boss_relics":[{"not_picked":["Orrery","Astrolabe"],"picked":"Calling Bell"}],"items_purged_floors":[2,19,21],"is_endless":false,"potions_floor_spawned":[6,18,22,31],"killed_by":"Champ","ascension_level":12}