{"gold_per_floor":[366,33,33,33,33,45,76,86,86,96,114,114,133,133,133,238,238,252,267,192,242,254,254,268,268,318,345,345,345],"floor_reached":29,"playtime":1880,"items_purged":["Normality"],"score":294,"play_id":"ce672503-278b-4109-bc68-736fc48e4b3a","local_time":"20190108204806","is_ascension_mode":true,"campfire_choices":[{"floor":12,"key":"REST"},{"data":"Zap","floor":15,"key":"SMITH"},{"data":"Dualcast","floor":23,"key":"SMITH"},{"data":"Storm","floor":25,"key":"SMITH"}],"neow_cost":"CURSE","seed_source_timestamp":590707751135304,"circlet_count":0,"master_deck":["Strike_B","Strike_B","Strike_B","Defend_B","Defend_B","Defend_B","Defend_B","Zap+1","Dualcast+1","Cold Snap","White Noise+1","Fusion+1","Auto Shields+1","Leap+1","Tempest+1","Beam Cell","Core Surge","Go for the Eyes","Rebound+1","Storm+1","Skim+1"],"relics":["Cracked Core","Toxic Egg 2","Bag of Marbles","Kunai","Pen Nib","Bottled Lightning","Nuclear Battery","Juzu Bracelet","Unceasing Top"],"potions_floor_usage":[11,14,16,16,27,29],"damage_taken":[{"damage":12,"enemies":"Jaw Worm","floor":1,"turns":3},{"damage":0,"enemies":"2 Louse","floor":6,"turns":2},{"damage":49,"enemies":"3 Sentries","floor":7,"turns":8},{"damage":0,"enemies":"Cultist","floor":8,"turns":3},{"damage":3,"enemies":"Gremlin Gang","floor":10,"turns":5},{"damage":0,"enemies":"Large Slime","floor":11,"turns":7},{"damage":3,"enemies":"Exordium Thugs","floor":13,"turns":4},{"damage":14,"enemies":"The Guardian","floor":16,"turns":16},{"damage":6,"enemies":"2 Thieves","floor":18,"turns":4},{"damage":7,"enemies":"3 Byrds","floor":19,"turns":4},{"damage":0,"enemies":"Shelled Parasite and Fungi","floor":22,"turns":2},{"damage":19,"enemies":"Snake Plant","floor":24,"turns":4},{"damage":44,"enemies":"Book of Stabbing","floor":27,"turns":6},{"damage":7,"enemies":"Colosseum Slavers","floor":29,"turns":3},{"damage":41,"enemies":"Colosseum Nobs","floor":29,"turns":3}],"seed_played":"1617651324588884841","potions_obtained":[{"floor":6,"key":"Dexterity Potion"},{"floor":7,"key":"Weak Potion"},{"floor":8,"key":"FearPotion"},{"floor":14,"key":"Fruit Juice"},{"floor":14,"key":"EssenceOfSteel"},{"floor":16,"key":"Energy Potion"},{"floor":22,"key":"GamblersBrew"},{"floor":27,"key":"Strength Potion"}],"is_trial":false,"path_per_floor":["M","$","?","?","T","M","E","M","T","M","M","R","M","?","R","B",null,"M","M","?","?","M","R","M","R","T","E","?","?"],"character_chosen":"DEFECT","items_purchased":["Toxic Egg 2"],"campfire_rested":1,"item_purchase_floors":[2],"current_hp_per_floor":[63,63,56,56,56,56,7,7,7,4,4,26,23,28,28,14,80,74,67,67,67,67,67,48,48,48,4,30,0],"gold":345,"neow_bonus":"TWO_FIFTY_GOLD","is_prod":false,"is_daily":false,"chose_seed":false,"campfire_upgraded":3,"win_rate":0,"timestamp":1547002086,"path_taken":["M","$","?","?","?","M","E","M","T","M","?","R","?","?","R","BOSS","M","M","?","?","?","R","?","R","T","E","?","?"],"build_version":"2019-01-03v4","purchased_purges":1,"victory":false,"max_hp_per_floor":[75,75,75,75,75,75,75,75,75,75,75,75,75,80,80,80,80,80,80,80,80,80,80,80,80,80,80,80,80],"card_choices":[{"not_picked":["Streamline","Beam Cell"],"picked":"Cold Snap","floor":1},{"not_picked":["Compile Driver","Redo+1"],"picked":"White Noise+1","floor":6},{"not_picked":["Heatsinks","Rip and Tear"],"picked":"Fusion+1","floor":7},{"not_picked":["Reprogram+1","Defragment"],"picked":"Auto Shields+1","floor":8},{"not_picked":["Barrage","Amplify+1"],"picked":"Leap+1","floor":10},{"not_picked":["Rebound","Barrage"],"picked":"Tempest+1","floor":11},{"not_picked":["Gash","Cold Snap"],"picked":"Beam Cell","floor":13},{"not_picked":["Multi-Cast+1","All For One"],"picked":"Core Surge","floor":16},{"not_picked":["Barrage","Sweeping Beam"],"picked":"Go for the Eyes","floor":18},{"not_picked":["Rebound","Static Discharge+1","Barrage+1"],"picked":"SKIP","floor":19},{"not_picked":["Turbo+1","Force Field+1"],"picked":"Rebound+1","floor":22},{"not_picked":["Melter+1","Doom and Gloom"],"picked":"Storm","floor":24},{"not_picked":["Meteor Strike","Ball Lightning"],"picked":"Skim+1","floor":27}],"player_experience":156815,"relics_obtained":[{"floor":5,"key":"Kunai"},{"floor":7,"key":"Pen Nib"},{"floor":9,"key":"Bottled Lightning"},{"floor":26,"key":"Juzu Bracelet"},{"floor":27,"key":"Unceasing Top"}],"event_choices":[{"damage_healed":0,"gold_gain":0,"player_choice":"Success","damage_taken":7,"relics_obtained":["Bag of Marbles"],"max_hp_gain":0,"max_hp_loss":0,"event_name":"Scrap Ooze","floor":3,"gold_loss":0},{"damage_healed":0,"gold_gain":0,"player_choice":"Ignored","damage_taken":0,"max_hp_gain":0,"max_hp_loss":0,"event_name":"Liars Game","floor":4,"gold_loss":0},{"damage_healed":0,"gold_gain":0,"player_choice":"Got Potions","damage_taken":0,"max_hp_gain":0,"max_hp_loss":0,"event_name":"Lab","floor":14,"gold_loss":0},{"cards_removed":["Strike_B"],"damage_healed":0,"gold_gain":0,"player_choice":"Gave Gold","damage_taken":0,"max_hp_gain":0,"max_hp_loss":0,"event_name":"Beggar","floor":20,"gold_loss":75},{"damage_healed":0,"gold_gain":100,"player_choice":"Bet on Murderer","damage_taken":0,"max_hp_gain":0,"max_hp_loss":0,"event_name":"The Joust","floor":21,"gold_loss":50},{"damage_healed":26,"gold_gain":0,"player_choice":"Heal","damage_taken":0,"max_hp_gain":0,"max_hp_loss":0,"event_name":"The Library","floor":28,"gold_loss":0},{"damage_healed":0,"gold_gain":0,"player_choice":"Fight","damage_taken":0,"max_hp_gain":0,"max_hp_loss":0,"event_name":"Colosseum","floor":29,"gold_loss":0},{"damage_healed":0,"gold_gain":0,"player_choice":"Fought Nobs","damage_taken":0,"max_hp_gain":0,"max_hp_loss":0,"event_name":"Colosseum","floor":29,"gold_loss":0}],"is_beta":false,"boss_relics":[{"not_picked":["Runic Pyramid","Calling Bell"],"picked":"Nuclear Battery"}],"items_purged_floors":[2],"is_endless":false,"potions_floor_spawned":[6,7,8,16,22,27],"killed_by":"Colosseum Nobs","ascension_level":4}