{"gold_per_floor":[217,217,228,245,259,259,288,288,588,607,618,325,325,9,9,140,140,161,185,201,201],"floor_reached":21,"playtime":876,"items_purged":["Strike_R","Injury"],"score":453,"play_id":"24101453-41bc-4470-869a-a696854e5a0f","local_time":"20190215175314","is_ascension_mode":true,"campfire_choices":[{"data":"Body Slam","floor":6,"key":"SMITH"},{"floor":8,"key":"REST"},{"data":"Limit Break","floor":15,"key":"SMITH"}],"neow_cost":"NONE","seed_source_timestamp":0,"circlet_count":0,"master_deck":["AscendersBane","Strike_R","Strike_R","Strike_R","Strike_R","Defend_R","Defend_R","Defend_R","Defend_R","Bash","Iron Wave","Body Slam+1","Cleave","Spot Weakness","Rampage","Headbutt","Limit Break+1","Blind","Apotheosis","Shrug It Off","Limit Break","Sword Boomerang","Heavy Blade"],"special_seed":0,"relics":["Burning Blood","Magic Flower","Bottled Lightning","Old Coin","Golden Idol","Eternal Feather"],"potions_floor_usage":[5,7,7,16,19],"damage_taken":[{"damage":4,"enemies":"Jaw Worm","floor":1,"turns":6},{"damage":1,"enemies":"Cultist","floor":3,"turns":4},{"damage":10,"enemies":"Small Slimes","floor":4,"turns":3},{"damage":33,"enemies":"Gremlin Gang","floor":5,"turns":4},{"damage":35,"enemies":"3 Sentries","floor":7,"turns":7},{"damage":2,"enemies":"2 Fungi Beasts","floor":10,"turns":3},{"damage":8,"enemies":"3 Louse","floor":11,"turns":2},{"damage":18,"enemies":"The Guardian","floor":16,"turns":9},{"damage":12,"enemies":"Chosen","floor":18,"turns":3},{"damage":18,"enemies":"Shell Parasite","floor":19,"turns":6},{"damage":31,"enemies":"Centurion and Healer","floor":20,"turns":6},{"damage":70,"enemies":"Chosen and Byrds","floor":21,"turns":6}],"seed_played":"-6579005508005625545","potions_obtained":[{"floor":1,"key":"EssenceOfSteel"},{"floor":3,"key":"PowerPotion"},{"floor":5,"key":"Swift Potion"},{"floor":10,"key":"Dexterity Potion"},{"floor":16,"key":"Weak Potion"},{"floor":20,"key":"Strength Potion"}],"is_trial":false,"path_per_floor":["M","?","M","M","M","R","E","R","T","M","M","$","?","$","R","B",null,"M","M","M","M"],"character_chosen":"IRONCLAD","items_purchased":["Limit Break","Blind","Apotheosis","Shrug It Off"],"campfire_rested":1,"item_purchase_floors":[12,12,14,14],"current_hp_per_floor":[74,62,70,69,45,45,19,43,43,50,51,51,51,51,51,42,71,68,59,37,0],"gold":201,"neow_bonus":"HUNDRED_GOLD","is_prod":false,"is_daily":false,"chose_seed":false,"campfire_upgraded":2,"win_rate":0,"timestamp":1550245994,"path_taken":["M","?","M","M","M","R","E","R","T","M","M","$","?","?","R","BOSS","M","M","M","M"],"build_version":"2019-01-23","purchased_purges":2,"victory":false,"max_hp_per_floor":[80,80,80,80,80,80,80,80,80,80,80,80,80,80,80,80,80,80,80,80,80],"card_choices":[{"not_picked":["Battle Trance","Reckless Charge"],"picked":"Iron Wave","floor":1},{"not_picked":["Sentinel","Headbutt"],"picked":"Body Slam","floor":3},{"not_picked":["Heavy Blade","Bloodletting"],"picked":"Cleave","floor":4},{"not_picked":["Anger","Havoc"],"picked":"Spot Weakness","floor":5},{"not_picked":["Disarm","Sword Boomerang"],"picked":"Rampage","floor":7},{"not_picked":["Heavy Blade","Rampage"],"picked":"Headbutt","floor":10},{"not_picked":["Flex","Carnage","Warcry"],"picked":"SKIP","floor":11},{"not_picked":["Berserk","Exhume"],"picked":"Limit Break","floor":16},{"not_picked":["Flex","Searing Blow"],"picked":"Sword Boomerang","floor":18},{"not_picked":["Warcry","Perfected Strike"],"picked":"Heavy Blade","floor":19},{"not_picked":["Pummel","Headbutt","Flex"],"picked":"SKIP","floor":20}],"player_experience":739206,"relics_obtained":[{"floor":7,"key":"Bottled Lightning"},{"floor":9,"key":"Old Coin"}],"event_choices":[{"damage_healed":0,"gold_gain":0,"player_choice":"Success","damage_taken":12,"relics_obtained":["Magic Flower"],"max_hp_gain":0,"max_hp_loss":0,"event_name":"Scrap Ooze","floor":2,"gold_loss":0},{"damage_healed":0,"gold_gain":0,"player_choice":"Take Wound","damage_taken":0,"relics_obtained":["Golden Idol"],"max_hp_gain":0,"max_hp_loss":0,"event_name":"Golden Idol","floor":13,"gold_loss":0,"cards_obtained":["Injury"]}],"is_beta":false,"boss_relics":[{"not_picked":["Snecko Eye","White Beast Statue"],"picked":"Eternal Feather"}],"items_purged_floors":[12,14],"is_endless":false,"potions_floor_spawned":[1,3,5,10,16,20],"killed_by":"Chosen and Byrds","ascension_level":12}