{"gold_per_floor":[115,115,126,144,30,30,58,58,58,58,58,99,42,42,42,135,135,153,167,167,167,187,187,137,161,161,211,56,87,12,45,45,143,143,168,191,1190,1210,1228,1228,1118,1134,1134,1134],"floor_reached":44,"playtime":1715,"items_purged":["Pain"],"score":958,"play_id":"238c254e-7e37-4701-8dad-90e41a5900f6","local_time":"20190210175320","is_ascension_mode":true,"campfire_choices":[{"data":"Genetic Algorithm","floor":6.0,"key":"SMITH"},{"data":"Static Discharge","floor":8.0,"key":"SMITH"},{"data":"Tempest","floor":11.0,"key":"SMITH"},{"data":"Conserve Battery","floor":15.0,"key":"SMITH"},{"data":"Electrodynamics","floor":23.0,"key":"SMITH"},{"floor":32.0,"key":"REST"},{"floor":40,"key":"REST"}],"neow_cost":"NONE","seed_source_timestamp":20109675979562,"circlet_count":0,"master_deck":["AscendersBane","Strike_B+1","Strike_B+1","Strike_B+1","Defend_B+1","Defend_B+1","Defend_B+1","Defend_B+1","Zap+1","Dualcast","Tempest+1","Turbo","Static Discharge+1","Genetic Algorithm+1","Conserve Battery+1","Undo","Electrodynamics+1","Conserve Battery","Conserve Battery+1","Machine Learning","Capacitor","Reinforced Body","Echo Form+1","Double Energy+1","Static Discharge+1"],"special_seed":0,"relics":["Cracked Core","NeowsBlessing","WarpedTongs","Pantograph","Oddly Smooth Stone","Golden Idol","Blood Vial","Velvet Choker","Singing Bowl","Art of War","Omamori","Lizard Tail","Turnip"],"potions_floor_usage":[39],"damage_taken":[{"damage":0.0,"enemies":"Small Slimes","floor":1.0,"turns":1.0},{"damage":0.0,"enemies":"Cultist","floor":3.0,"turns":1.0},{"damage":0.0,"enemies":"2 Louse","floor":4.0,"turns":1.0},{"damage":36.0,"enemies":"Gremlin Nob","floor":7.0,"turns":4.0},{"damage":18.0,"enemies":"Lagavulin","floor":12.0,"turns":4.0},{"damage":26.0,"enemies":"The Guardian","floor":16.0,"turns":10.0},{"damage":0.0,"enemies":"Chosen","floor":18.0,"turns":3.0},{"damage":2.0,"enemies":"Shell Parasite","floor":19.0,"turns":3.0},{"damage":6.0,"enemies":"Centurion and Healer","floor":22.0,"turns":4.0},{"damage":0.0,"enemies":"Cultist and Chosen","floor":25.0,"turns":3.0},{"damage":20.0,"enemies":"Slavers","floor":29.0,"turns":3.0},{"damage":18.0,"enemies":"Gremlin Leader","floor":31.0,"turns":6.0},{"damage":61.0,"enemies":"Automaton","floor":33.0,"turns":11.0},{"damage":22.0,"enemies":"Orb Walker","floor":35.0,"turns":6.0},{"damage":17.0,"enemies":"3 Shapes","floor":36.0,"turns":4.0},{"damage":46,"enemies":"Maw","floor":38,"turns":9},{"damage":14,"enemies":"4 Shapes","floor":39,"turns":5},{"damage":23,"enemies":"Writhing Mass","floor":42,"turns":4},{"damage":22,"enemies":"Jaw Worm Horde","floor":44,"turns":2}],"seed_played":"8987211146316778486","potions_obtained":[{"floor":1.0,"key":"Dexterity Potion"},{"floor":4.0,"key":"SpeedPotion"},{"floor":18.0,"key":"AttackPotion"},{"floor":31.0,"key":"Dexterity Potion"},{"floor":33.0,"key":"SkillPotion"},{"floor":35.0,"key":"Explosive Potion"},{"floor":39,"key":"Ancient Potion"}],"is_trial":false,"path_per_floor":["M","?","M","M","$","R","E","R","T","?","R","E","$","?","R","B",null,"M","M","?","?","M","R","?","M","T","?","$","E","$","E","R","B",null,"M","M","?","M","M","R","?","M","T","M"],"character_chosen":"DEFECT","items_purchased":["Genetic Algorithm","Block Potion","Machine Learning","Capacitor"],"campfire_rested":2,"item_purchase_floors":[5,13,28,30],"current_hp_per_floor":[64,64,64,64,64,64,28,28,28,28,28,10,10,10,10,11,51,53,53,53,53,49,49,49,51,51,51,51,35,35,19,38,4,51,31,18,18,26,14,35,35,16,16,0],"gold":1134,"neow_bonus":"THREE_ENEMY_KILL","is_prod":false,"is_daily":false,"chose_seed":false,"campfire_upgraded":5,"win_rate":0,"timestamp":1549817600,"path_taken":["M","?","M","?","$","R","E","R","T","?","R","E","?","?","R","BOSS","M","?","?","?","M","R","?","?","T","?","?","E","$","E","R","BOSS","M","?","?","M","M","R","?","M","T","?"],"build_version":"2019-02-06","purchased_purges":1,"victory":false,"max_hp_per_floor":[71,71,71,71,71,71,71,71,71,64,64,64,64,64,64,64,64,64,64,64,64,64,64,64,64,64,64,64,66,66,66,66,66,66,66,68,68,70,70,70,70,72,72,72],"card_choices":[{"not_picked":["Doom and Gloom","Beam Cell"],"picked":"Tempest","floor":1.0},{"not_picked":["Fusion","Stack"],"picked":"Turbo","floor":3.0},{"not_picked":["Skim","Leap"],"picked":"Static Discharge","floor":4.0},{"not_picked":["Melter","Rip and Tear"],"picked":"Conserve Battery","floor":7.0},{"not_picked":["Gash","Sweeping Beam"],"picked":"Undo","floor":12.0},{"not_picked":["Echo Form","Biased Cognition"],"picked":"Electrodynamics","floor":16.0},{"not_picked":["Gash+1","Melter"],"picked":"Conserve Battery","floor":18.0},{"not_picked":["White Noise","Steam"],"picked":"Conserve Battery+1","floor":19.0},{"not_picked":["Streamline","Chill","White Noise"],"picked":"SKIP","floor":22.0},{"not_picked":["Chill","Scrape","Turbo"],"picked":"SKIP","floor":25.0},{"not_picked":["Aggregate","Steam","Steam Power"],"picked":"Singing Bowl","floor":29.0},{"not_picked":["Redo","Lockon"],"picked":"Reinforced Body","floor":31.0},{"not_picked":["Core Surge","Reboot"],"picked":"Echo Form","floor":33.0},{"not_picked":["Rebound","Beam Cell+1"],"picked":"Double Energy+1","floor":35.0},{"not_picked":["Chill","Leap","Go for the Eyes+1"],"picked":"Singing Bowl","floor":36.0},{"not_picked":["Glacier","Barrage","Hologram"],"picked":"Singing Bowl","floor":38},{"not_picked":["Cold Snap","Sweeping Beam+1"],"picked":"Static Discharge+1","floor":39},{"not_picked":["Coolheaded","Compile Driver","Doom and Gloom+1"],"picked":"Singing Bowl","floor":42}],"player_experience":964686,"relics_obtained":[{"floor":7.0,"key":"Pantograph"},{"floor":9.0,"key":"Oddly Smooth Stone"},{"floor":12.0,"key":"Blood Vial"},{"floor":26.0,"key":"Singing Bowl"},{"floor":29.0,"key":"Art of War"},{"floor":31.0,"key":"Omamori"},{"floor":43,"key":"Turnip"}],"event_choices":[{"damage_healed":0.0,"max_hp_gain":0.0,"max_hp_loss":0.0,"gold_gain":0.0,"event_name":"Accursed Blacksmith","player_choice":"Rummage","floor":2.0,"gold_loss":0.0,"damage_taken":0.0,"relics_obtained":["WarpedTongs"],"cards_obtained":["Pain"]},{"damage_healed":0.0,"max_hp_gain":0.0,"max_hp_loss":7.0,"gold_gain":0.0,"event_name":"Golden Idol","player_choice":"Lose Max HP","floor":10.0,"gold_loss":0.0,"damage_taken":0.0,"relics_obtained":["Golden Idol"]},{"damage_healed":0.0,"max_hp_gain":0.0,"max_hp_loss":0.0,"gold_gain":0.0,"event_name":"Upgrade Shrine","player_choice":"Upgraded","floor":14.0,"gold_loss":0.0,"damage_taken":0.0,"cards_upgraded":["Zap"]},{"damage_healed":0.0,"max_hp_gain":0.0,"max_hp_loss":0.0,"gold_gain":0.0,"event_name":"Ghosts","player_choice":"Ignored","floor":20.0,"gold_loss":0.0,"damage_taken":0.0},{"damage_healed":0.0,"max_hp_gain":0.0,"max_hp_loss":0.0,"gold_gain":0.0,"event_name":"Back to Basics","player_choice":"Simplicity","floor":21.0,"gold_loss":0.0,"damage_taken":0.0,"cards_upgraded":["Strike_B","Strike_B","Strike_B","Strike_B","Defend_B","Defend_B","Defend_B","Defend_B"]},{"damage_healed":0.0,"max_hp_gain":0.0,"max_hp_loss":0.0,"gold_gain":0.0,"event_name":"The Joust","player_choice":"Bet on Owner","floor":24.0,"gold_loss":50.0,"damage_taken":0.0},{"damage_healed":0.0,"max_hp_gain":0.0,"max_hp_loss":0.0,"gold_gain":50.0,"event_name":"Nest","player_choice":"Stole From Cult","floor":27.0,"gold_loss":0.0,"damage_taken":0.0},{"damage_healed":0.0,"max_hp_gain":0.0,"max_hp_loss":0.0,"gold_gain":999.0,"event_name":"MindBloom","player_choice":"Gold","floor":37.0,"gold_loss":0.0,"damage_taken":0.0,"cards_obtained":["Normality","Normality"]},{"cards_removed":["Strike_B"],"damage_healed":0,"gold_gain":0,"player_choice":"Upgrade and Remove","damage_taken":0,"max_hp_gain":0,"max_hp_loss":0,"event_name":"Designer","floor":41,"gold_loss":110,"cards_upgraded":["Echo Form"]}],"is_beta":true,"boss_relics":[{"not_picked":["Astrolabe","Philosopher\u0027s Stone"],"picked":"Velvet Choker"},{"not_picked":["Eternal Feather","Runic Dome"],"picked":"Lizard Tail"}],"items_purged_floors":[5],"is_endless":false,"potions_floor_spawned":[1,4,7,18,31,33,35,39],"killed_by":"Jaw Worm Horde","ascension_level":20}