{"gold_per_floor":[369,1,1,14,33,33,49,49,49,49,92,92,108,151,151,241,241,265,215,235,235,235,235,235,249,249,267,287,287,287,308,308,401,401,424,440,456,475,491,491,511,42,66,0,25,25,25,50,50,50,50],"floor_reached":51,"playtime":2005,"items_purged":["Parasite"],"score":1301,"play_id":"18e3907e-f27e-4bbd-a542-a18ff1542ebb","local_time":"20181223223808","is_ascension_mode":true,"campfire_choices":[{"data":"Bash","floor":6.0,"key":"SMITH"},{"data":"Flame Barrier","floor":8.0,"key":"SMITH"},{"data":"Iron Wave","floor":10.0,"key":"SMITH"},{"data":"Perfected Strike","floor":12.0,"key":"SMITH"},{"data":"Perfected Strike","floor":15.0,"key":"SMITH"},{"data":"Uppercut","floor":23.0,"key":"SMITH"},{"data":"Perfected Strike","floor":30.0,"key":"SMITH"},{"floor":32.0,"key":"DIG"},{"floor":40.0,"key":"REST"},{"data":"True Grit","floor":46.0,"key":"SMITH"},{"floor":49.0,"key":"REST"}],"neow_cost":"CURSE","seed_source_timestamp":35328696471818,"circlet_count":0,"master_deck":["AscendersBane","Strike_R","Strike_R","Strike_R","Strike_R","Strike_R+1","Defend_R","Defend_R","Defend_R","Defend_R","Bash+1","Iron Wave+1","Perfected Strike+1","Metallicize","Perfected Strike+1","Flame Barrier+1","Twin Strike","Perfected Strike+1","Flame Barrier","Uppercut+1","Necronomicurse","Iron Wave","Disarm","Battle Trance","Power Through+1","Metallicize","Ghostly Armor+1","True Grit+1","Perfected Strike+1","Battle Trance","Burning Pact","Warcry","Metallicize"],"special_seed":0,"relics":["Burning Blood","Ginger","Golden Idol","Shovel","Champion Belt","Torii","Mark of Pain","Necronomicon","Matryoshka","Art of War","Peace Pipe","Pen Nib","Lizard Tail","Bag of Marbles","Boot","Whetstone","Red Mask"],"potions_floor_usage":[50,50],"damage_taken":[{"damage":6.0,"enemies":"2 Louse","floor":1.0,"turns":3.0},{"damage":1.0,"enemies":"Small Slimes","floor":4.0,"turns":3.0},{"damage":0.0,"enemies":"Cultist","floor":5.0,"turns":4.0},{"damage":3.0,"enemies":"Looter","floor":7.0,"turns":3.0},{"damage":12.0,"enemies":"3 Sentries","floor":11.0,"turns":8.0},{"damage":9.0,"enemies":"Large Slime","floor":13.0,"turns":5.0},{"damage":5.0,"enemies":"Gremlin Nob","floor":14.0,"turns":3.0},{"damage":28.0,"enemies":"The Guardian","floor":16.0,"turns":9.0},{"damage":10.0,"enemies":"Shell Parasite","floor":18.0,"turns":3.0},{"damage":6.0,"enemies":"Chosen","floor":20.0,"turns":4.0},{"damage":0.0,"enemies":"Sentry and Sphere","floor":25.0,"turns":2.0},{"damage":0.0,"enemies":"Snecko","floor":27.0,"turns":2.0},{"damage":0.0,"enemies":"Shelled Parasite and Fungi","floor":28.0,"turns":2.0},{"damage":3.0,"enemies":"Snake Plant","floor":31.0,"turns":2.0},{"damage":35.0,"enemies":"Champ","floor":33.0,"turns":9.0},{"damage":6.0,"enemies":"3 Shapes","floor":35.0,"turns":6.0},{"damage":0.0,"enemies":"Orb Walker","floor":36.0,"turns":2.0},{"damage":49.0,"enemies":"Transient","floor":37.0,"turns":6.0},{"damage":33.0,"enemies":"Spire Growth","floor":38.0,"turns":6.0},{"damage":20.0,"enemies":"Writhing Mass","floor":39.0,"turns":6.0},{"damage":31.0,"enemies":"3 Darklings","floor":41.0,"turns":8.0},{"damage":32.0,"enemies":"Transient","floor":45.0,"turns":6.0},{"damage":12.0,"enemies":"Writhing Mass","floor":48.0,"turns":5.0},{"damage":28,"enemies":"Time Eater","floor":50,"turns":9},{"damage":54,"enemies":"Awakened One","floor":51,"turns":11}],"seed_played":"5273964267500601795","potions_obtained":[{"floor":1.0,"key":"Weak Potion"},{"floor":4.0,"key":"AttackPotion"},{"floor":11.0,"key":"SteroidPotion"},{"floor":16.0,"key":"AttackPotion"},{"floor":18.0,"key":"SteroidPotion"},{"floor":25.0,"key":"Fruit Juice"},{"floor":27.0,"key":"Poison Potion"},{"floor":28.0,"key":"FearPotion"},{"floor":36.0,"key":"Regen Potion"},{"floor":38.0,"key":"BloodPotion"},{"floor":39.0,"key":"SteroidPotion"},{"floor":48.0,"key":"Regen Potion"}],"is_trial":false,"path_per_floor":["M","$","?","M","M","R","M","R","T","R","E","R","M","E","R","B",null,"M","?","M","?","?","R","T","M","T","M","M","?","R","M","R","B",null,"M","M","M","M","M","R","M","$","T","?","M","R","?","M","R","B","B"],"character_chosen":"IRONCLAD","items_purchased":["Ginger","Perfected Strike","Perfected Strike","Battle Trance","Bag of Marbles","PowerPotion","Burning Pact"],"campfire_rested":2,"item_purchase_floors":[2,2,42,42,42,42,42],"current_hp_per_floor":[68,68,42,47,53,53,56,56,56,56,50,50,47,48,48,26,63,59,59,59,59,38,38,38,49,49,55,61,61,61,64,64,35,69,69,75,32,20,14,38,13,13,13,13,44,44,44,38,61,54,0],"gold":50,"neow_bonus":"TWO_FIFTY_GOLD","is_prod":false,"is_daily":false,"chose_seed":false,"campfire_upgraded":8,"win_rate":0,"timestamp":1545601088,"path_taken":["M","$","?","M","M","R","M","R","T","R","E","R","M","E","R","BOSS","M","?","?","?","?","R","?","M","T","M","M","?","R","M","R","BOSS","M","?","M","M","M","R","M","$","T","?","M","R","?","M","R","BOSS","BOSS"],"build_version":"2018-12-20","purchased_purges":1,"victory":false,"max_hp_per_floor":[75,75,75,75,75,75,75,75,75,75,75,75,75,75,75,75,75,75,75,75,75,75,75,75,80,80,80,80,80,80,80,80,80,80,80,80,80,80,80,80,80,77,77,77,77,77,77,77,77,77,77],"card_choices":[{"not_picked":["Power Through","Burning Pact"],"picked":"Iron Wave","floor":1.0},{"not_picked":["Flex","Rampage"],"picked":"Metallicize","floor":4.0},{"not_picked":["Clothesline","Limit Break"],"picked":"Perfected Strike","floor":5.0},{"not_picked":["Second Wind","Fire Breathing"],"picked":"Flame Barrier","floor":7.0},{"not_picked":["Cleave","Seeing Red"],"picked":"Twin Strike","floor":11.0},{"not_picked":["Spot Weakness","Rupture"],"picked":"Perfected Strike","floor":13.0},{"not_picked":["Hemokinesis","Rage"],"picked":"Flame Barrier","floor":14.0},{"not_picked":["Fiend Fire","Juggernaut"],"picked":"Demon Form","floor":16.0},{"not_picked":["Sword Boomerang","Flex"],"picked":"Cleave","floor":18.0},{"not_picked":["Clothesline+1","Second Wind"],"picked":"Uppercut","floor":20.0},{"not_picked":["Infernal Blade","Inflame"],"picked":"Iron Wave","floor":25.0},{"not_picked":["Rupture","Body Slam","Wild Strike"],"picked":"SKIP","floor":27.0},{"not_picked":["Anger","Wild Strike"],"picked":"Disarm","floor":28.0},{"not_picked":["Heavy Blade","Searing Blow"],"picked":"Power Through+1","floor":31.0},{"not_picked":["Carnage+1","Inflame"],"picked":"Metallicize","floor":35.0},{"not_picked":["Hemokinesis","Clash"],"picked":"Ghostly Armor+1","floor":36.0},{"not_picked":["Headbutt","Anger","Spot Weakness"],"picked":"SKIP","floor":37.0},{"not_picked":["Corruption","Heavy Blade","Clothesline"],"picked":"SKIP","floor":38.0},{"not_picked":["Anger+1","Warcry","Whirlwind"],"picked":"SKIP","floor":39.0},{"not_picked":["Cleave","Havoc"],"picked":"True Grit","floor":41.0},{"not_picked":["Clothesline+1","Immolate"],"picked":"Warcry","floor":45.0},{"not_picked":["Thunderclap","Havoc+1"],"picked":"Metallicize","floor":48.0}],"player_experience":860992,"relics_obtained":[{"floor":9.0,"key":"Shovel"},{"floor":11.0,"key":"Champion Belt"},{"floor":14.0,"key":"Torii"},{"floor":22.0,"key":"Necronomicon"},{"floor":24.0,"key":"Matryoshka"},{"floor":26.0,"key":"Art of War"},{"floor":26.0,"key":"Peace Pipe"},{"floor":32.0,"key":"Pen Nib"},{"floor":43.0,"key":"Boot"},{"floor":43.0,"key":"Whetstone"}],"event_choices":[{"damage_healed":0.0,"max_hp_gain":0.0,"max_hp_loss":0.0,"gold_gain":0.0,"event_name":"Golden Idol","player_choice":"Take Damage","floor":3.0,"gold_loss":0.0,"damage_taken":26.0,"relics_obtained":["Golden Idol"]},{"damage_healed":0.0,"max_hp_gain":0.0,"max_hp_loss":0.0,"gold_gain":0.0,"event_name":"The Joust","player_choice":"Bet on Murderer","floor":19.0,"gold_loss":50.0,"damage_taken":0.0},{"damage_healed":0.0,"max_hp_gain":0.0,"max_hp_loss":0.0,"gold_gain":0.0,"event_name":"Ghosts","player_choice":"Ignored","floor":21.0,"gold_loss":0.0,"damage_taken":0.0},{"damage_healed":0.0,"max_hp_gain":0.0,"max_hp_loss":0.0,"gold_gain":0.0,"event_name":"Cursed Tome","player_choice":"Obtained Book","floor":22.0,"gold_loss":0.0,"damage_taken":21.0},{"damage_healed":0.0,"max_hp_gain":0.0,"max_hp_loss":0.0,"gold_gain":0.0,"cards_transformed":["Cleave"],"event_name":"Transmorgrifier","player_choice":"Transformed","floor":29.0,"gold_loss":0.0,"damage_taken":0.0,"cards_obtained":["Battle Trance"]},{"damage_healed":0.0,"max_hp_gain":0.0,"max_hp_loss":0.0,"gold_gain":0.0,"event_name":"Tomb of Lord Red Mask","player_choice":"Paid","floor":44.0,"gold_loss":66.0,"damage_taken":0.0,"relics_obtained":["Red Mask"]},{"cards_removed":["Demon Form"],"damage_healed":0.0,"max_hp_gain":0.0,"max_hp_loss":0.0,"gold_gain":0.0,"event_name":"Falling","player_choice":"Removed Power","floor":47.0,"gold_loss":0.0,"damage_taken":0.0}],"is_beta":true,"boss_relics":[{"not_picked":["Runic Pyramid","Calling Bell"],"picked":"Mark of Pain"},{"not_picked":["Eternal Feather","Tiny House"],"picked":"Lizard Tail"}],"items_purged_floors":[42],"is_endless":false,"potions_floor_spawned":[1,4,11,16,18,25,27,28,36,38,39,48],"killed_by":"Awakened One","ascension_level":20}