{"gold_per_floor":[118,118,131,48,65,65,81,6,6,39,39,54,73,73],"floor_reached":14,"playtime":449,"items_purged":["Strike_B"],"score":175,"play_id":"e1fad5a9-4d7a-4eca-9252-2a95bd9657b1","local_time":"20190221155935","is_ascension_mode":true,"campfire_choices":[{"data":"Recycle","floor":6,"key":"SMITH"},{"floor":11,"key":"REST"}],"neow_cost":"TEN_PERCENT_HP_LOSS","seed_source_timestamp":450984073456887,"circlet_count":0,"master_deck":["AscendersBane","Strike_B","Strike_B","Strike_B","Defend_B","Defend_B","Defend_B","Defend_B","Zap","Dualcast","Forethought","Dramatic Entrance","White Noise","Static Discharge","Recycle+1","Self Repair","Capacitor","Go for the Eyes","Cold Snap","Chill","Gash","Defragment","Glacier"],"relics":["Cracked Core","Shuriken","Prayer Wheel"],"potions_floor_usage":[10,14],"damage_taken":[{"damage":9,"enemies":"2 Louse","floor":1,"turns":2},{"damage":7,"enemies":"Cultist","floor":3,"turns":4},{"damage":14,"enemies":"Small Slimes","floor":5,"turns":3},{"damage":10,"enemies":"2 Fungi Beasts","floor":7,"turns":4},{"damage":30,"enemies":"Lagavulin","floor":10,"turns":7},{"damage":15,"enemies":"Looter","floor":12,"turns":3},{"damage":2,"enemies":"Exordium Wildlife","floor":13,"turns":3},{"damage":48,"enemies":"Gremlin Nob","floor":14,"turns":4}],"seed_played":"4097121105612699862","potions_obtained":[{"floor":5,"key":"PowerPotion"},{"floor":10,"key":"Regen Potion"}],"is_trial":false,"path_per_floor":["M","?","M","$","M","R","M","$","T","E","R","M","M","E"],"character_chosen":"DEFECT","items_purchased":["Self Repair"],"campfire_rested":1,"item_purchase_floors":[4],"current_hp_per_floor":[55,55,48,48,41,41,38,38,38,15,34,26,24,0],"gold":73,"neow_bonus":"RANDOM_COLORLESS_2","is_prod":false,"is_daily":false,"chose_seed":false,"campfire_upgraded":1,"win_rate":0,"timestamp":1550757575,"path_taken":["M","?","M","$","M","R","M","$","T","E","R","M","?","E"],"build_version":"2019-01-23","purchased_purges":1,"victory":false,"max_hp_per_floor":[64,64,64,64,64,64,64,64,64,64,64,64,64,64],"card_choices":[{"not_picked":["Heatsinks","Blizzard"],"picked":"White Noise","floor":1},{"not_picked":["Rip and Tear","Ball Lightning"],"picked":"Recycle","floor":3},{"not_picked":["Coolheaded","Streamline"],"picked":"Capacitor","floor":5},{"not_picked":["Genetic Algorithm","Leap"],"picked":"Go for the Eyes","floor":7},{"not_picked":["FTL","Barrage"],"picked":"Cold Snap","floor":10},{"not_picked":["Barrage","Recycle"],"picked":"Chill","floor":12},{"not_picked":["Cold Snap","Redo"],"picked":"Gash","floor":12},{"not_picked":["Go for the Eyes","Reprogram"],"picked":"Defragment","floor":13},{"not_picked":["Rip and Tear","Thunder Strike"],"picked":"Glacier","floor":13}],"player_experience":750527,"relics_obtained":[{"floor":9,"key":"Shuriken"},{"floor":10,"key":"Prayer Wheel"}],"event_choices":[{"damage_healed":0,"gold_gain":0,"player_choice":"1 cards matched","damage_taken":0,"max_hp_gain":0,"max_hp_loss":0,"event_name":"Match and Keep!","floor":2,"gold_loss":0,"cards_obtained":["Static Discharge"]}],"is_beta":false,"boss_relics":[],"items_purged_floors":[8],"is_endless":false,"potions_floor_spawned":[5,10],"killed_by":"Gremlin Nob","ascension_level":18}