{"gold_per_floor":[113,113,126,140,170,170,190,190],"floor_reached":8,"playtime":334,"items_purged":[],"score":55,"play_id":"3c6675ee-5472-4396-9976-cd18d0bf57f0","local_time":"20191016092703","is_ascension_mode":true,"campfire_choices":[{"data":"Neutralize","floor":6,"key":"SMITH"}],"neow_cost":"NONE","seed_source_timestamp":2628082222638791,"circlet_count":0,"master_deck":["Strike_G","Strike_G","Strike_G","Strike_G","Strike_G","Defend_G","Defend_G","Defend_G","Defend_G","Defend_G","Survivor","Neutralize+1","Crippling Poison","Calculated Gamble","PiercingWail","Regret","Dodge and Roll"],"relics":["Runic Dome","Golden Idol","Tiny Chest"],"potions_floor_usage":[],"damage_taken":[{"damage":3,"enemies":"Small Slimes","floor":1,"turns":5},{"damage":4,"enemies":"Jaw Worm","floor":3,"turns":5},{"damage":0,"enemies":"2 Louse","floor":4,"turns":3},{"damage":3,"enemies":"Looter","floor":7,"turns":4},{"damage":44,"enemies":"3 Sentries","floor":8,"turns":12}],"seed_played":"1841883168171295440","potions_obtained":[{"floor":1,"key":"Dexterity Potion"},{"floor":7,"key":"Ancient Potion"}],"is_trial":false,"path_per_floor":["M","?","M","M","?","R","M","E"],"character_chosen":"THE_SILENT","items_purchased":[],"campfire_rested":0,"item_purchase_floors":[],"current_hp_per_floor":[67,50,46,46,46,46,43,0],"gold":190,"neow_bonus":"BOSS_RELIC","is_prod":false,"is_daily":false,"chose_seed":false,"campfire_upgraded":1,"win_rate":0,"timestamp":1571214423,"path_taken":["M","?","M","M","?","R","M","E"],"build_version":"2019-09-09v2","purchased_purges":0,"victory":false,"max_hp_per_floor":[70,70,70,70,70,70,70,70],"card_choices":[{"not_picked":["Heel Hook","Flying Knee"],"picked":"Crippling Poison","floor":1},{"not_picked":["Dagger Spray","Skewer"],"picked":"Calculated Gamble","floor":3},{"not_picked":["Poisoned Stab","All Out Attack"],"picked":"PiercingWail","floor":4},{"not_picked":["Slice","Tactician"],"picked":"Dodge and Roll","floor":7}],"player_experience":229949,"relics_obtained":[],"event_choices":[{"damage_healed":0,"gold_gain":0,"player_choice":"Take Damage","damage_taken":17,"relics_obtained":["Golden Idol"],"max_hp_gain":0,"max_hp_loss":0,"event_name":"Golden Idol","floor":2,"gold_loss":0},{"damage_healed":0,"gold_gain":0,"player_choice":"Box","damage_taken":0,"relics_obtained":["Tiny Chest"],"max_hp_gain":0,"max_hp_loss":0,"event_name":"Big Fish","floor":5,"gold_loss":0,"cards_obtained":["Regret"]}],"is_beta":true,"boss_relics":[],"items_purged_floors":[],"is_endless":false,"potions_floor_spawned":[1,7],"killed_by":"3 Sentries","ascension_level":3}