{"gold_per_floor":[110,129,145,145,164,164,176,176,176,176,176,212,212,287,287,377,377,395,43,43,43,61,61,82,102,127,52,76,76,0,0,0,95,95,111,111,111],"floor_reached":37,"playtime":3107,"items_purged":["Decay"],"score":788,"play_id":"fae9ffad-ec87-42db-9e83-dfa562bd7c98","local_time":"20190820213052","is_ascension_mode":true,"campfire_choices":[{"data":"Footwork","floor":6.0,"key":"SMITH"},{"data":"Dagger Spray","floor":8.0,"key":"SMITH"},{"floor":13.0,"key":"REST"},{"floor":15.0,"key":"REST"},{"data":"Noxious Fumes","floor":23.0,"key":"SMITH"},{"floor":32,"key":"REST"}],"neow_cost":"NONE","seed_source_timestamp":0,"circlet_count":0,"master_deck":["AscendersBane","Strike_G","Strike_G","Strike_G","Strike_G","Strike_G","Defend_G","Defend_G","Defend_G","Defend_G","Survivor","Neutralize","Backflip","Leg Sweep+1","Footwork+1","Dagger Spray+1","PiercingWail","After Image","Noxious Fumes+1","Poisoned Stab","Writhe","Backflip+1","Deadly Poison","Corpse Explosion","Corpse Explosion"],"special_seed":0,"relics":["White Beast Statue","Paper Crane","Golden Idol","Pantograph","Philosopher\u0027s Stone","Calipers","Sundial","Bag of Marbles","Runic Dome"],"potions_floor_usage":[24,25,28,28,33,36,37],"damage_taken":[{"damage":16.0,"enemies":"Jaw Worm","floor":1.0,"turns":8.0},{"damage":0.0,"enemies":"2 Louse","floor":2.0,"turns":3.0},{"damage":5.0,"enemies":"Small Slimes","floor":3.0,"turns":6.0},{"damage":5.0,"enemies":"Blue Slaver","floor":5.0,"turns":6.0},{"damage":0.0,"enemies":"Gremlin Gang","floor":7.0,"turns":6.0},{"damage":31.0,"enemies":"Lagavulin","floor":12.0,"turns":12.0},{"damage":19.0,"enemies":"The Guardian","floor":16.0,"turns":32.0},{"damage":10.0,"enemies":"Spheric Guardian","floor":18.0,"turns":10.0},{"damage":8.0,"enemies":"3 Byrds","floor":22.0,"turns":6.0},{"damage":13,"enemies":"Snake Plant","floor":24,"turns":6},{"damage":7,"enemies":"Snecko","floor":25,"turns":8},{"damage":0,"enemies":"Chosen and Byrds","floor":28,"turns":7},{"damage":46,"enemies":"Automaton","floor":33,"turns":12},{"damage":43,"enemies":"3 Darklings","floor":35,"turns":3},{"damage":0,"enemies":"Orb Walker","floor":36,"turns":1},{"damage":10,"enemies":"Transient","floor":37,"turns":2}],"seed_played":"5487275544138582291","potions_obtained":[{"floor":1.0,"key":"Fire Potion"},{"floor":2.0,"key":"Regen Potion"},{"floor":3.0,"key":"LiquidBronze"},{"floor":5.0,"key":"SkillPotion"},{"floor":7.0,"key":"AttackPotion"},{"floor":12.0,"key":"GamblersBrew"},{"floor":16.0,"key":"Strength Potion"},{"floor":18.0,"key":"Ancient Potion"},{"floor":22.0,"key":"GamblersBrew"},{"floor":24,"key":"Block Potion"},{"floor":25,"key":"Explosive Potion"},{"floor":28,"key":"LiquidBronze"},{"floor":33,"key":"Weak Potion"},{"floor":35,"key":"SmokeBomb"}],"is_trial":false,"path_per_floor":["M","M","M","?","M","R","M","R","T","?","?","E","R","?","R","B",null,"M","$","?","?","M","R","M","M","T","$","M","?","?","$","R","B",null,"M","M","M"],"character_chosen":"THE_SILENT","items_purchased":["Calipers","Poisoned Stab"],"campfire_rested":3,"item_purchase_floors":[19,19],"current_hp_per_floor":[43,43,53,46,41,41,41,41,41,41,41,10,28,17,35,41,55,45,45,45,45,37,37,24,17,17,17,17,17,17,17,35,14,49,6,6,0],"gold":111,"neow_bonus":"BOSS_RELIC","is_prod":false,"is_daily":false,"chose_seed":false,"campfire_upgraded":3,"win_rate":0,"timestamp":1566361852,"path_taken":["M","M","M","?","M","R","M","R","T","?","?","E","R","?","R","BOSS","M","$","?","?","M","R","M","M","T","$","?","?","?","?","R","BOSS","M","?","?"],"build_version":"2019-07-17","purchased_purges":1,"victory":false,"max_hp_per_floor":[66,66,66,66,66,66,66,66,66,60,60,60,60,60,60,60,60,60,60,60,60,60,60,60,60,60,60,60,60,60,60,60,60,60,60,60,60],"card_choices":[{"not_picked":["Reflex","Cloak And Dagger"],"picked":"Backflip","floor":1.0},{"not_picked":["Dagger Spray","Slice"],"picked":"Leg Sweep","floor":2.0},{"not_picked":["Distraction","Dash","Riddle With Holes"],"picked":"SKIP","floor":3.0},{"not_picked":["Bane","Flying Knee"],"picked":"Footwork","floor":5.0},{"not_picked":["Outmaneuver","Backstab"],"picked":"Dagger Spray","floor":7.0},{"not_picked":["Die Die Die","Dagger Spray"],"picked":"PiercingWail","floor":12.0},{"not_picked":["Grand Finale","Phantasmal Killer"],"picked":"After Image","floor":16.0},{"not_picked":["Backstab","Catalyst"],"picked":"Noxious Fumes","floor":18.0},{"not_picked":["Poisoned Stab","Bouncing Flask"],"picked":"Backflip+1","floor":22.0},{"not_picked":["Deflect","PiercingWail"],"picked":"Deadly Poison","floor":24},{"not_picked":["Deflect","Predator"],"picked":"Corpse Explosion","floor":25},{"not_picked":["Backstab","Bane","Prepared"],"picked":"SKIP","floor":28},{"not_picked":["Bullet Time","Storm of Steel"],"picked":"Corpse Explosion","floor":33},{"not_picked":["Dagger Spray","Dagger Throw","Deadly Poison"],"picked":"SKIP","floor":35}],"player_experience":202489,"relics_obtained":[{"floor":9.0,"key":"Paper Crane"},{"floor":12.0,"key":"Pantograph"},{"floor":26,"key":"Bag of Marbles"}],"event_choices":[{"cards_removed":["Defend_G"],"damage_healed":0.0,"max_hp_gain":0.0,"max_hp_loss":0.0,"gold_gain":0.0,"event_name":"Golden Wing","player_choice":"Card Removal","floor":4.0,"gold_loss":0.0,"damage_taken":7.0},{"damage_healed":0.0,"max_hp_gain":0.0,"max_hp_loss":6.0,"gold_gain":0.0,"event_name":"Golden Idol","player_choice":"Lose Max HP","floor":10.0,"gold_loss":0.0,"damage_taken":0.0,"relics_obtained":["Golden Idol"]},{"damage_healed":0.0,"max_hp_gain":0.0,"max_hp_loss":0.0,"gold_gain":0.0,"event_name":"Living Wall","player_choice":"Grow","floor":11.0,"gold_loss":0.0,"damage_taken":0.0,"cards_upgraded":["Leg Sweep"]},{"damage_healed":0.0,"max_hp_gain":0.0,"max_hp_loss":0.0,"gold_gain":75.0,"event_name":"World of Goop","player_choice":"Gather Gold","floor":14.0,"gold_loss":0.0,"damage_taken":11.0},{"damage_healed":0.0,"max_hp_gain":0.0,"max_hp_loss":0.0,"gold_gain":0.0,"event_name":"The Mausoleum","player_choice":"Opened","floor":20.0,"gold_loss":0.0,"damage_taken":0.0,"relics_obtained":["Sundial"],"cards_obtained":["Writhe"]},{"damage_healed":0.0,"max_hp_gain":0.0,"max_hp_loss":0.0,"gold_gain":0.0,"event_name":"Wheel of Change","player_choice":"Cursed","floor":21.0,"gold_loss":0.0,"damage_taken":0.0,"cards_obtained":["Decay"]},{"damage_healed":0,"gold_gain":0,"player_choice":"Ignored","damage_taken":0,"max_hp_gain":0,"max_hp_loss":0,"event_name":"Ghosts","floor":29,"gold_loss":0},{"damage_healed":0,"gold_gain":0,"player_choice":"Paid Fearfully","damage_taken":0,"max_hp_gain":0,"max_hp_loss":0,"event_name":"Masked Bandits","floor":30,"gold_loss":76}],"is_beta":false,"boss_relics":[{"not_picked":["Eternal Feather","Tiny House"],"picked":"Philosopher\u0027s Stone"},{"not_picked":["Orrery","Coffee Dripper"],"picked":"Runic Dome"}],"items_purged_floors":[27],"is_endless":false,"potions_floor_spawned":[1,2,3,5,7,12,16,18,22,24,25,28,33,35,36],"killed_by":"Transient","ascension_level":20}