{"gold_per_floor":[109,109,129,146,164,164,192,244,244,264,164,164,174,238,238,335,335,347,446,462,462,363,397,409,409,409,428,440,440,468,488,488,586,586,599,611,145,161,180,180,280,280,280,214,224,224,244,254,254,254],"floor_reached":50,"playtime":2996,"items_purged":["Defend_R"],"score":563,"play_id":"3ec74fe9-dfda-4ab4-9190-5cc626b78c28","local_time":"20190918220552","is_ascension_mode":false,"campfire_choices":[{"data":"Pommel Strike","floor":6,"key":"SMITH"},{"data":"Perfected Strike","floor":12,"key":"SMITH"},{"data":"Armaments","floor":15,"key":"SMITH"},{"data":"Perfected Strike","floor":25,"key":"SMITH"},{"data":"Iron Wave","floor":29,"key":"SMITH"},{"data":"Shrug It Off","floor":32,"key":"SMITH"},{"data":"Shrug It Off","floor":40,"key":"SMITH"},{"floor":42,"key":"REST"},{"data":"1","floor":46,"key":"LIFT"},{"data":"2","floor":49,"key":"LIFT"}],"neow_cost":"NONE","seed_source_timestamp":553396631749200,"circlet_count":0,"master_deck":["Strike_R","Strike_R","Strike_R","Strike_R","Strike_R","Defend_R","Bash+1","Pommel Strike","Perfected Strike+1","Armaments+1","Pommel Strike+1","Shrug It Off+1","Shrug It Off+1","Headbutt","Perfected Strike+1","Pommel Strike","Iron Wave+1","Wild Strike","Clothesline+1","Iron Wave","Pommel Strike","Parasite","Twin Strike+1","Writhe","Shrug It Off","Wild Strike+1"],"relics":["Burning Blood","Matryoshka","Frozen Egg 2","Lantern","Orichalcum","Darkstone Periapt","Unceasing Top","Cursed Key","Sundial","Regal Pillow","Strawberry","Empty Cage","Happy Flower","Magic Flower","Nunchaku","Molten Egg 2","Girya"],"potions_floor_usage":[33,33,39,48,50,50],"damage_taken":[{"damage":12,"enemies":"2 Louse","floor":1,"turns":3},{"damage":11,"enemies":"Jaw Worm","floor":3,"turns":5},{"damage":0,"enemies":"Cultist","floor":4,"turns":2},{"damage":6,"enemies":"2 Fungi Beasts","floor":5,"turns":4},{"damage":26,"enemies":"Lagavulin","floor":7,"turns":7},{"damage":2,"enemies":"Large Slime","floor":10,"turns":6},{"damage":8,"enemies":"Lots of Slimes","floor":13,"turns":4},{"damage":16,"enemies":"Gremlin Nob","floor":14,"turns":4},{"damage":49,"enemies":"The Guardian","floor":16,"turns":12},{"damage":16,"enemies":"2 Thieves","floor":18,"turns":4},{"damage":0,"enemies":"Chosen","floor":20,"turns":3},{"damage":8,"enemies":"Slavers","floor":23,"turns":5},{"damage":14,"enemies":"Centurion and Healer","floor":24,"turns":4},{"damage":0,"enemies":"Sentry and Sphere","floor":27,"turns":2},{"damage":15,"enemies":"Snake Plant","floor":28,"turns":3},{"damage":12,"enemies":"Book of Stabbing","floor":30,"turns":4},{"damage":7,"enemies":"Chosen and Byrds","floor":31,"turns":4},{"damage":78,"enemies":"Automaton","floor":33,"turns":13},{"damage":37,"enemies":"3 Darklings","floor":35,"turns":6},{"damage":0,"enemies":"Orb Walker","floor":36,"turns":2},{"damage":14,"enemies":"Sphere and 2 Shapes","floor":38,"turns":4},{"damage":42,"enemies":"Writhing Mass","floor":39,"turns":5},{"damage":19,"enemies":"Mind Bloom Boss Battle","floor":41,"turns":5},{"damage":44,"enemies":"4 Shapes","floor":45,"turns":4},{"damage":0,"enemies":"Transient","floor":47,"turns":5},{"damage":11,"enemies":"Spire Growth","floor":48,"turns":3},{"damage":91,"enemies":"Awakened One","floor":50,"turns":13}],"seed_played":"-199412239206555862","potions_obtained":[{"floor":3,"key":"BloodPotion"},{"floor":7,"key":"PowerPotion"},{"floor":16,"key":"BloodPotion"},{"floor":39,"key":"Swift Potion"},{"floor":41,"key":"EssenceOfSteel"},{"floor":48,"key":"Fruit Juice"}],"is_trial":false,"path_per_floor":["M","?","M","M","M","R","E","T","T","M","$","R","M","?","R","B",null,"M","?","M","?","$","E","M","R","T","M","M","R","E","M","R","B",null,"M","M","$","M","M","R","?","R","T","?","M","R","M","M","R","B"],"character_chosen":"IRONCLAD","items_purchased":["Shrug It Off","Pommel Strike","Iron Wave","Happy Flower","Magic Flower"],"campfire_rested":1,"item_purchase_floors":[11,22,22,37,37],"current_hp_per_floor":[74,79,74,80,80,80,60,60,60,64,64,64,62,52,52,9,85,75,75,81,81,81,79,71,71,77,83,74,74,75,74,74,26,98,67,73,73,68,83,83,73,104,110,110,75,75,84,87,87,0],"gold":254,"neow_bonus":"UPGRADE_CARD","is_prod":false,"is_daily":false,"chose_seed":false,"campfire_upgraded":7,"win_rate":0,"timestamp":1568837152,"path_taken":["M","?","M","M","M","R","E","?","T","M","$","R","M","?","R","BOSS","M","?","M","?","$","E","M","R","T","M","M","R","E","M","R","BOSS","M","M","$","?","M","R","?","R","T","?","M","R","M","M","R","BOSS"],"build_version":"2019-07-17","purchased_purges":1,"victory":false,"max_hp_per_floor":[80,85,85,85,85,85,85,85,85,85,85,85,85,85,85,85,85,85,85,85,85,85,85,85,85,91,91,91,91,98,98,98,98,98,98,98,98,98,104,104,104,104,110,110,110,110,110,115,115,115],"card_choices":[{"not_picked":["Iron Wave","Wild Strike"],"picked":"Pommel Strike","floor":1},{"not_picked":["Body Slam","Clash"],"picked":"Perfected Strike","floor":3},{"not_picked":["Clash","Fire Breathing"],"picked":"Armaments","floor":4},{"not_picked":["Power Through","Wild Strike"],"picked":"Pommel Strike","floor":5},{"not_picked":["Rupture","Dual Wield","Reaper"],"picked":"SKIP","floor":7},{"not_picked":["Armaments","Sentinel","Entrench"],"picked":"SKIP","floor":10},{"not_picked":["Hemokinesis","Clothesline"],"picked":"Shrug It Off","floor":13},{"not_picked":["Fire Breathing+1","Sever Soul"],"picked":"Headbutt","floor":14},{"not_picked":["Carnage+1","Dual Wield+1"],"picked":"Perfected Strike","floor":18},{"not_picked":["Spot Weakness","Infernal Blade","Clash"],"picked":"SKIP","floor":20},{"not_picked":["Spot Weakness+1","Dual Wield","Entrench"],"picked":"SKIP","floor":23},{"not_picked":["Warcry","Clothesline","Inflame+1"],"picked":"SKIP","floor":24},{"not_picked":["Bloodletting","Heavy Blade"],"picked":"Wild Strike","floor":27},{"not_picked":["Iron Wave","Berserk+1"],"picked":"Clothesline+1","floor":28},{"not_picked":["Metallicize+1","Offering","Thunderclap"],"picked":"SKIP","floor":30},{"not_picked":["Second Wind+1","Infernal Blade+1","Clothesline"],"picked":"SKIP","floor":31},{"not_picked":["Infernal Blade+1","Seeing Red"],"picked":"Iron Wave","floor":35},{"not_picked":["Sword Boomerang+1","Thunderclap","Iron Wave"],"picked":"SKIP","floor":36},{"not_picked":["Armaments+1","Intimidate"],"picked":"Pommel Strike","floor":38},{"not_picked":["Headbutt+1","Entrench"],"picked":"Twin Strike+1","floor":39},{"not_picked":["Warcry+1","Thunderclap+1"],"picked":"Shrug It Off","floor":45},{"not_picked":["Body Slam+1","True Grit+1","Metallicize+1"],"picked":"SKIP","floor":47},{"not_picked":["Havoc","Battle Trance"],"picked":"Wild Strike+1","floor":48}],"player_experience":180354,"relics_obtained":[{"floor":7,"key":"Matryoshka"},{"floor":8,"key":"Frozen Egg 2"},{"floor":8,"key":"Lantern"},{"floor":9,"key":"Orichalcum"},{"floor":9,"key":"Darkstone Periapt"},{"floor":23,"key":"Sundial"},{"floor":26,"key":"Regal Pillow"},{"floor":30,"key":"Strawberry"},{"floor":41,"key":"Nunchaku"},{"floor":43,"key":"Molten Egg 2"}],"event_choices":[{"damage_healed":0,"gold_gain":0,"player_choice":"Donut","damage_taken":0,"max_hp_gain":5,"max_hp_loss":0,"event_name":"Big Fish","floor":2,"gold_loss":0},{"damage_healed":0,"gold_gain":0,"player_choice":"Searched \u00272\u0027 times","damage_taken":0,"relics_obtained":["Unceasing Top"],"max_hp_gain":0,"max_hp_loss":0,"event_name":"Dead Adventurer","floor":14,"gold_loss":0},{"damage_healed":0,"gold_gain":99,"player_choice":"Stole From Cult","damage_taken":0,"max_hp_gain":0,"max_hp_loss":0,"event_name":"Nest","floor":19,"gold_loss":0},{"cards_removed":["Defend_R"],"damage_healed":0,"gold_gain":0,"player_choice":"Purged","damage_taken":0,"max_hp_gain":0,"max_hp_loss":0,"event_name":"Purifier","floor":21,"gold_loss":0},{"damage_healed":0,"gold_gain":0,"player_choice":"Fight","damage_taken":0,"max_hp_gain":0,"max_hp_loss":0,"event_name":"MindBloom","floor":41,"gold_loss":0},{"damage_healed":0,"gold_gain":0,"player_choice":"Paid Gold","damage_taken":0,"relics_obtained":["Girya"],"max_hp_gain":0,"max_hp_loss":0,"event_name":"WeMeetAgain","floor":44,"gold_loss":66}],"is_beta":false,"boss_relics":[{"not_picked":["Sozu","Lizard Tail"],"picked":"Cursed Key"},{"not_picked":["Black Blood","Orrery"],"picked":"Empty Cage"}],"items_purged_floors":[11],"is_endless":false,"potions_floor_spawned":[3,7,16,23,24,27,30,39,41,48],"killed_by":"Awakened One","ascension_level":0}