{"gold_per_floor":[114,114,124,135,155,185,185,213,264,264],"floor_reached":10,"playtime":699,"items_purged":[],"score":86,"play_id":"11632c21-d1ea-4fbf-ba76-ec76f6f1c4d1","local_time":"20190625213424","is_ascension_mode":true,"campfire_choices":[{"floor":7,"key":"REST"}],"neow_cost":"PERCENT_DAMAGE","seed_source_timestamp":45387506636371,"circlet_count":0,"master_deck":["Defend_G","Defend_G","Defend_G","Defend_G","Defend_G","Strike_G","Strike_G","Survivor","Neutralize","Deadly Poison","Backflip"],"relics":["Ring of the Snake","Pear","Darkstone Periapt","Ancient Tea Set"],"potions_floor_usage":[6,10],"damage_taken":[{"damage":2,"enemies":"Cultist","floor":1,"turns":4},{"damage":0,"enemies":"Jaw Worm","floor":3,"turns":6},{"damage":0,"enemies":"2 Louse","floor":4,"turns":4},{"damage":3,"enemies":"Red Slaver","floor":5,"turns":5},{"damage":37,"enemies":"Gremlin Nob","floor":6,"turns":5},{"damage":20,"enemies":"Lagavulin","floor":8,"turns":8},{"damage":22,"enemies":"3 Sentries","floor":10,"turns":11}],"seed_played":"3640452505435925795","potions_obtained":[{"floor":3,"key":"Explosive Potion"},{"floor":6,"key":"Dexterity Potion"}],"is_trial":false,"path_per_floor":["M","?","M","M","M","E","R","E","T","E"],"character_chosen":"THE_SILENT","items_purchased":[],"campfire_rested":1,"item_purchase_floors":[],"current_hp_per_floor":[47,47,47,47,44,17,41,21,21,0],"gold":264,"neow_bonus":"REMOVE_TWO","is_prod":false,"is_daily":false,"chose_seed":false,"campfire_upgraded":0,"win_rate":0,"timestamp":1561523664,"path_taken":["M","?","M","?","?","E","R","E","T","E"],"build_version":"2019-01-23","purchased_purges":0,"victory":false,"max_hp_per_floor":[70,70,70,70,70,80,80,80,80,80],"card_choices":[{"not_picked":["Bane","Dodge and Roll","Outmaneuver"],"picked":"SKIP","floor":1},{"not_picked":["Expertise","Infinite Blades","Finisher"],"picked":"SKIP","floor":3},{"not_picked":["Accuracy","Crippling Poison"],"picked":"Deadly Poison","floor":4},{"not_picked":["Masterful Stab","PiercingWail","Concentrate"],"picked":"SKIP","floor":5},{"not_picked":["Flying Knee","Crippling Poison","PiercingWail"],"picked":"SKIP","floor":6},{"not_picked":["Quick Slash","After Image"],"picked":"Backflip","floor":8}],"player_experience":65702,"relics_obtained":[{"floor":6,"key":"Pear"},{"floor":8,"key":"Darkstone Periapt"},{"floor":9,"key":"Ancient Tea Set"}],"event_choices":[{"cards_removed":["Strike_G"],"damage_healed":0,"gold_gain":0,"player_choice":"Offered Basic","damage_taken":0,"max_hp_gain":0,"max_hp_loss":0,"event_name":"Bonfire Elementals","floor":2,"gold_loss":0}],"is_beta":false,"boss_relics":[],"items_purged_floors":[],"is_endless":false,"potions_floor_spawned":[3,6],"killed_by":"3 Sentries","ascension_level":2}