{"gold_per_floor":[142,158,169,94,94,122,122,133,133,160,174,174,174],"floor_reached":13,"playtime":276,"items_purged":[],"score":190,"play_id":"cdf95b29-3741-4511-b81f-7742e14d9106","local_time":"20191017120839","is_ascension_mode":true,"campfire_choices":[{"data":"Clothesline","floor":7,"key":"SMITH"},{"data":"Armaments","floor":12,"key":"SMITH"}],"neow_cost":"NONE","seed_source_timestamp":229116078354300,"circlet_count":0,"master_deck":["AscendersBane","Strike_R","Strike_R","Strike_R","Strike_R","Defend_R","Defend_R","Defend_R","Defend_R","Bash","Clothesline+1","Wild Strike","Anger","Armaments+1"],"relics":["Burning Blood","Tiny Chest","Happy Flower","Lantern","Anchor"],"potions_floor_usage":[10,13],"damage_taken":[{"damage":9,"enemies":"Jaw Worm","floor":1,"turns":6},{"damage":7,"enemies":"Small Slimes","floor":2,"turns":4},{"damage":8,"enemies":"2 Louse","floor":3,"turns":3},{"damage":26,"enemies":"Gremlin Nob","floor":6,"turns":4},{"damage":4,"enemies":"Looter","floor":8,"turns":3},{"damage":25,"enemies":"Lagavulin","floor":10,"turns":5},{"damage":4,"enemies":"Blue Slaver","floor":11,"turns":3},{"damage":42,"enemies":"Gremlin Nob","floor":13,"turns":4}],"seed_played":"6536495386861277147","potions_obtained":[{"floor":1,"key":"GamblersBrew"},{"floor":6,"key":"Strength Potion"},{"floor":10,"key":"SpeedPotion"}],"is_trial":false,"path_per_floor":["M","M","M","?","?","E","R","M","T","E","M","R","E"],"character_chosen":"IRONCLAD","items_purchased":[],"campfire_rested":0,"item_purchase_floors":[],"current_hp_per_floor":[65,64,62,62,62,42,42,44,44,25,27,27,0],"gold":174,"neow_bonus":"RANDOM_COMMON_RELIC","is_prod":false,"is_daily":false,"chose_seed":false,"campfire_upgraded":2,"win_rate":0,"timestamp":1571339319,"path_taken":["M","M","M","?","?","E","R","M","T","E","M","R","E"],"build_version":"2019-10-16","purchased_purges":0,"victory":false,"max_hp_per_floor":[75,75,75,75,75,75,75,75,75,75,75,75,75],"card_choices":[{"not_picked":["Intimidate","Whirlwind","Perfected Strike"],"picked":"SKIP","floor":1},{"not_picked":["Sword Boomerang","Blood for Blood"],"picked":"Clothesline","floor":2},{"not_picked":["Clash","Twin Strike"],"picked":"Wild Strike","floor":3},{"not_picked":["Shrug It Off","Sword Boomerang"],"picked":"Anger","floor":6},{"not_picked":["Clash","Searing Blow","Flex"],"picked":"SKIP","floor":8},{"not_picked":["Wild Strike","Flex","Dark Embrace"],"picked":"SKIP","floor":10},{"not_picked":["Havoc","Thunderclap"],"picked":"Armaments","floor":11}],"player_experience":1615712,"relics_obtained":[{"floor":6,"key":"Happy Flower"},{"floor":9,"key":"Lantern"},{"floor":10,"key":"Anchor"}],"event_choices":[{"cards_removed":["Strike_R"],"damage_healed":0,"gold_gain":0,"player_choice":"Card Removal","damage_taken":0,"max_hp_gain":0,"max_hp_loss":0,"event_name":"The Cleric","floor":4,"gold_loss":75},{"damage_healed":0,"gold_gain":0,"player_choice":"Ignored","damage_taken":0,"max_hp_gain":0,"max_hp_loss":0,"event_name":"Liars Game","floor":5,"gold_loss":0}],"is_beta":true,"boss_relics":[],"items_purged_floors":[],"is_endless":false,"potions_floor_spawned":[1,6,10,11],"killed_by":"Gremlin Nob","ascension_level":20}