{"gold_per_floor":[15,15,15,15,15,15,40,75,146,179,197,197,228,228,228,351,351,370,384,242,261,361,361,399,399,399,23,43,67,67,85,85,216,246,269,269,287,312,645,671,671,700,700,725,725,397,397,415,415,415],"floor_reached":51,"playtime":2714,"items_purged":["Strike_R","Strike_R+1"],"score":868,"play_id":"161d34b2-66bd-4b89-91a4-d8fc8bfe3678","local_time":"20191019164134","is_ascension_mode":true,"campfire_choices":[{"data":"Bash","floor":6,"key":"SMITH"},{"data":"1","floor":12,"key":"LIFT"},{"data":"2","floor":15,"key":"LIFT"},{"data":"3","floor":23,"key":"LIFT"},{"data":"Shockwave","floor":25,"key":"SMITH"},{"floor":32,"key":"REST"},{"data":"Intimidate","floor":41,"key":"SMITH"},{"data":"Perfected Strike","floor":45,"key":"SMITH"},{"data":"Feel No Pain","floor":49,"key":"SMITH"}],"neow_cost":"NO_GOLD","seed_source_timestamp":2910937820073712,"circlet_count":0,"master_deck":["Strike_R+1","Strike_R+1","Defend_R+1","Defend_R+1","Defend_R+1","Bash+1","Feel No Pain+1","Iron Wave","Battle Trance+1","Perfected Strike+1","Twin Strike+1","Intimidate+1","Barricade+1","Iron Wave+1","Shockwave+1","Ghostly Armor","Iron Wave+1","Corruption+1","Clothesline+1","Armaments+1","Shrug It Off+1","Seeing Red+1","Limit Break+1","CurseOfTheBell","Shrug It Off+1","Warcry+1","Juggernaut+1","Pommel Strike+1","Dark Embrace+1","Demon Form+1"],"relics":["Burning Blood","Frozen Egg 2","Molten Egg 2","Girya","Singing Bowl","Velvet Choker","White Beast Statue","MealTicket","Toxic Egg 2","Calling Bell","Tiny Chest","Darkstone Periapt","Turnip","Paper Frog","Pear","Bag of Preparation","PreservedInsect","Bag of Marbles"],"potions_floor_usage":[8,16,24,33,42,50],"damage_taken":[{"damage":0,"enemies":"Small Slimes","floor":1,"turns":3},{"damage":1,"enemies":"2 Louse","floor":7,"turns":2},{"damage":14,"enemies":"Gremlin Nob","floor":8,"turns":3},{"damage":39,"enemies":"3 Sentries","floor":10,"turns":8},{"damage":1,"enemies":"Cultist","floor":11,"turns":3},{"damage":10,"enemies":"Gremlin Nob","floor":13,"turns":3},{"damage":28,"enemies":"Hexaghost","floor":16,"turns":10},{"damage":23,"enemies":"2 Thieves","floor":18,"turns":4},{"damage":8,"enemies":"Chosen","floor":19,"turns":3},{"damage":38,"enemies":"Centurion and Healer","floor":21,"turns":6},{"damage":32,"enemies":"Gremlin Leader","floor":24,"turns":13},{"damage":17,"enemies":"3 Cultists","floor":28,"turns":5},{"damage":16,"enemies":"Snake Plant","floor":29,"turns":5},{"damage":8,"enemies":"Cultist and Chosen","floor":31,"turns":6},{"damage":9,"enemies":"Champ","floor":33,"turns":12},{"damage":9,"enemies":"3 Shapes","floor":35,"turns":4},{"damage":1,"enemies":"Orb Walker","floor":37,"turns":4},{"damage":35,"enemies":"Jaw Worm Horde","floor":38,"turns":6},{"damage":3,"enemies":"Nemesis","floor":40,"turns":7},{"damage":15,"enemies":"Reptomancer","floor":42,"turns":6},{"damage":8,"enemies":"Giant Head","floor":44,"turns":7},{"damage":27,"enemies":"3 Darklings","floor":48,"turns":6},{"damage":48,"enemies":"Donu and Deca","floor":50,"turns":7}],"seed_played":"3470259895121758066","potions_obtained":[{"floor":1,"key":"Ancient Potion"},{"floor":5,"key":"SkillPotion"},{"floor":5,"key":"Regen Potion"},{"floor":13,"key":"SneckoOil"},{"floor":16,"key":"Regen Potion"},{"floor":24,"key":"SteroidPotion"},{"floor":33,"key":"SkillPotion"},{"floor":38,"key":"BloodPotion"},{"floor":42,"key":"SkillPotion"}],"is_trial":false,"path_per_floor":["M","$","?","?","?","R","M","E","T","E","M","R","E","T","R","B",null,"M","M","$","M","?","R","E","R","T","$","M","M","?","M","R","B",null,"M","?","M","M","?","E","R","E","T","E","R","$","?","M","R","B",null],"character_chosen":"IRONCLAD","items_purchased":["Shockwave","Toxic Egg 2","Corruption+1","Clothesline+1","Demon Form+1","Bag of Marbles"],"campfire_rested":1,"item_purchase_floors":[20,27,27,27,46,46],"current_hp_per_floor":[80,80,60,65,65,65,70,62,62,29,34,34,30,30,30,23,85,70,68,68,36,36,36,25,25,25,40,29,19,19,17,43,40,87,84,84,87,58,58,63,63,64,64,62,62,77,77,58,58,16],"gold":415,"neow_bonus":"TRANSFORM_TWO_CARDS","is_prod":false,"is_daily":false,"chose_seed":false,"campfire_upgraded":5,"win_rate":0,"timestamp":1571499694,"path_taken":["M","$","?","?","?","R","M","E","T","E","?","R","E","?","R","BOSS","M","M","$","M","?","R","E","R","T","?","M","M","?","M","R","BOSS","M","?","M","M","?","E","R","E","T","E","R","?","?","M","R","BOSS"],"build_version":"2019-09-09v2","purchased_purges":2,"victory":true,"max_hp_per_floor":[80,80,80,85,85,85,85,85,85,85,85,85,85,85,85,85,85,87,87,87,87,87,87,87,87,87,87,87,87,87,87,87,87,87,87,87,87,87,87,89,89,99,99,99,99,99,99,101,101,101],"card_choices":[{"not_picked":["Blood for Blood","Infernal Blade","Evolve"],"picked":"SKIP","floor":1},{"not_picked":["Bloodletting","Clash"],"picked":"Battle Trance","floor":7},{"not_picked":["Searing Blow","Anger"],"picked":"Perfected Strike","floor":8},{"not_picked":["Rampage+1","Havoc"],"picked":"Twin Strike+1","floor":10},{"not_picked":["True Grit","Shrug It Off"],"picked":"Clothesline+1","floor":11},{"not_picked":["Second Wind","Cleave+1"],"picked":"Intimidate","floor":13},{"not_picked":["Berserk+1","Impervious"],"picked":"Barricade+1","floor":16},{"not_picked":["Rampage+1","Body Slam+1","True Grit"],"picked":"Singing Bowl","floor":18},{"not_picked":["Rupture+1","Clash+1"],"picked":"Iron Wave+1","floor":19},{"not_picked":["Body Slam+1","Entrench"],"picked":"Ghostly Armor","floor":21},{"not_picked":["Feel No Pain+1","Clothesline+1"],"picked":"Iron Wave+1","floor":24},{"not_picked":["Whirlwind+1","Pommel Strike+1"],"picked":"Armaments+1","floor":28},{"not_picked":["Headbutt+1","Battle Trance+1"],"picked":"Shrug It Off+1","floor":29},{"not_picked":["Evolve+1","Anger+1"],"picked":"Seeing Red+1","floor":31},{"not_picked":["Dark Embrace+1","Offering+1"],"picked":"Limit Break+1","floor":33},{"not_picked":["Fire Breathing+1","Hemokinesis+1"],"picked":"Shrug It Off+1","floor":35},{"not_picked":["Body Slam+1","Shockwave+1"],"picked":"Warcry+1","floor":37},{"not_picked":["Power Through+1","Armaments+1"],"picked":"Juggernaut+1","floor":38},{"not_picked":["Carnage+1","Sword Boomerang+1","Perfected Strike+1"],"picked":"Singing Bowl","floor":40},{"not_picked":["Armaments+1","Clash+1"],"picked":"Pommel Strike+1","floor":42},{"not_picked":["Rampage+1","Iron Wave+1"],"picked":"Dark Embrace+1","floor":44},{"not_picked":["Clash+1","Clothesline+1","Combust+1"],"picked":"Singing Bowl","floor":48}],"player_experience":255018,"relics_obtained":[{"floor":8,"key":"Frozen Egg 2"},{"floor":9,"key":"Molten Egg 2"},{"floor":10,"key":"Girya"},{"floor":13,"key":"Singing Bowl"},{"floor":24,"key":"White Beast Statue"},{"floor":26,"key":"MealTicket"},{"floor":34,"key":"Tiny Chest"},{"floor":34,"key":"Darkstone Periapt"},{"floor":34,"key":"Turnip"},{"floor":40,"key":"Paper Frog"},{"floor":42,"key":"Pear"},{"floor":43,"key":"Bag of Preparation"},{"floor":44,"key":"PreservedInsect"}],"event_choices":[{"damage_healed":0,"gold_gain":0,"player_choice":"Take Damage","damage_taken":20,"relics_obtained":["Golden Idol"],"max_hp_gain":0,"max_hp_loss":0,"event_name":"Golden Idol","floor":3,"gold_loss":0},{"damage_healed":0,"gold_gain":0,"player_choice":"Donut","damage_taken":0,"max_hp_gain":5,"max_hp_loss":0,"event_name":"Big Fish","floor":4,"gold_loss":0},{"damage_healed":0,"gold_gain":0,"player_choice":"Got Potions","damage_taken":0,"max_hp_gain":0,"max_hp_loss":0,"event_name":"Lab","floor":5,"gold_loss":0},{"damage_healed":0,"gold_gain":100,"player_choice":"Pray","damage_taken":0,"max_hp_gain":0,"max_hp_loss":0,"event_name":"Golden Shrine","floor":22,"gold_loss":0},{"damage_healed":0,"gold_gain":0,"player_choice":"Simplicity","damage_taken":0,"max_hp_gain":0,"max_hp_loss":0,"event_name":"Back to Basics","floor":30,"gold_loss":0,"cards_upgraded":["Strike_R","Strike_R","Strike_R","Defend_R","Defend_R","Defend_R"]},{"cards_removed":["Clothesline"],"damage_healed":0,"gold_gain":0,"player_choice":"Removed Attack","damage_taken":0,"max_hp_gain":0,"max_hp_loss":0,"event_name":"Falling","floor":36,"gold_loss":0},{"damage_healed":0,"gold_gain":333,"player_choice":"Gave Idol","damage_taken":0,"max_hp_gain":0,"max_hp_loss":0,"event_name":"The Moai Head","floor":39,"relics_lost":["Golden Idol"],"gold_loss":0},{"damage_healed":0,"gold_gain":0,"player_choice":"Forge","damage_taken":0,"max_hp_gain":0,"max_hp_loss":0,"event_name":"Accursed Blacksmith","floor":47,"gold_loss":0,"cards_upgraded":["Battle Trance"]}],"is_beta":true,"boss_relics":[{"not_picked":["Runic Pyramid","Cursed Key"],"picked":"Velvet Choker"},{"not_picked":["Runic Cube","Snecko Eye"],"picked":"Calling Bell"}],"items_purged_floors":[20,46],"is_endless":false,"potions_floor_spawned":[1,13,16,18,19,24,28,29,31,33,35,37,38,40,42,44,48],"ascension_level":2}