{"gold_per_floor":[313,34,45,61,76,107,194,206,243,274,286,308,348,360,372,463,475,505,530,573,585,522,534,546,592,627,639,669,222,237,256,256,333,333,344,390,390,404,421,421,421,438,438,438,438,455,15,15,15,15],"floor_reached":51,"playtime":3169,"items_purged":["Strike_R"],"score":1295,"play_id":"e800b4b7-2e91-4557-a4e9-30a4e182cd73","local_time":"20190924084453","is_ascension_mode":true,"campfire_choices":[{"data":"Bash","floor":8.0,"key":"SMITH"},{"data":"Headbutt","floor":11.0,"key":"SMITH"},{"floor":15.0,"key":"REST"},{"floor":23.0,"key":"REST"},{"data":"Feed","floor":27.0,"key":"SMITH"},{"data":"Whirlwind","floor":32.0,"key":"SMITH"},{"data":"J.A.X.","floor":40,"key":"SMITH"},{"data":"Shrug It Off","floor":41,"key":"SMITH"},{"data":"Shrug It Off","floor":44,"key":"SMITH"},{"floor":49,"key":"REST"}],"neow_cost":"NO_GOLD","seed_source_timestamp":0,"circlet_count":0,"master_deck":["AscendersBane","Strike_R+1","Strike_R","Strike_R+1","Defend_R","Defend_R","Defend_R","Defend_R","Bash+1","Impervious","Headbutt+1","Feed+1","Whirlwind+1","Shockwave","J.A.X.+1","Uppercut+1","Pommel Strike+1","Shrug It Off+1","Headbutt+1","Shrug It Off+1","Madness","Madness"],"special_seed":0,"relics":["Burning Blood","Old Coin","Meat on the Bone","MawBank","Happy Flower","Vajra","Runic Cube","Molten Egg 2","Ancient Tea Set","Bag of Preparation","Anchor","Cursed Key","WingedGreaves","NlothsMask","Lee\u0027s Waffle","Orichalcum"],"potions_floor_usage":[33,33,50,50],"damage_taken":[{"damage":1.0,"enemies":"Cultist","floor":1.0,"turns":3.0},{"damage":10.0,"enemies":"Small Slimes","floor":3.0,"turns":3.0},{"damage":5.0,"enemies":"2 Louse","floor":4.0,"turns":3.0},{"damage":10.0,"enemies":"Large Slime","floor":5.0,"turns":6.0},{"damage":40.0,"enemies":"Lagavulin","floor":6.0,"turns":10.0},{"damage":10.0,"enemies":"2 Fungi Beasts","floor":10.0,"turns":4.0},{"damage":14.0,"enemies":"Lots of Slimes","floor":12.0,"turns":6.0},{"damage":8.0,"enemies":"Gremlin Nob","floor":13.0,"turns":4.0},{"damage":52.0,"enemies":"The Guardian","floor":16.0,"turns":10.0},{"damage":19.0,"enemies":"Chosen","floor":18.0,"turns":5.0},{"damage":36.0,"enemies":"Spheric Guardian","floor":19.0,"turns":6.0},{"damage":27.0,"enemies":"Centurion and Healer","floor":20.0,"turns":6.0},{"damage":22.0,"enemies":"Gremlin Leader","floor":25.0,"turns":4.0},{"damage":26.0,"enemies":"3 Cultists","floor":28.0,"turns":5.0},{"damage":11.0,"enemies":"Snecko","floor":30.0,"turns":4.0},{"damage":13.0,"enemies":"Centurion and Healer","floor":31.0,"turns":3.0},{"damage":69,"enemies":"Automaton","floor":33,"turns":8},{"damage":26,"enemies":"3 Darklings","floor":35,"turns":3},{"damage":36,"enemies":"2 Orb Walkers","floor":36,"turns":5},{"damage":7,"enemies":"Orb Walker","floor":38,"turns":2},{"damage":37,"enemies":"Spire Growth","floor":39,"turns":4},{"damage":20,"enemies":"4 Shapes","floor":42,"turns":8},{"damage":24,"enemies":"3 Darklings","floor":46,"turns":5},{"damage":104,"enemies":"Time Eater","floor":50,"turns":11}],"seed_played":"8887696040378512613","potions_obtained":[{"floor":1.0,"key":"Energy Potion"},{"floor":3.0,"key":"PowerPotion"},{"floor":5.0,"key":"Block Potion"},{"floor":10.0,"key":"Dexterity Potion"},{"floor":16.0,"key":"Energy Potion"},{"floor":20.0,"key":"Energy Potion"},{"floor":24.0,"key":"Weak Potion"},{"floor":25.0,"key":"BloodPotion"},{"floor":28.0,"key":"Dexterity Potion"},{"floor":36,"key":"BloodPotion"},{"floor":39,"key":"EssenceOfSteel"}],"is_trial":false,"path_per_floor":["M","$","M","M","M","E","?","R","T","M","R","M","E","?","R","B",null,"M","M","M","?","?","R","?","E","T","R","M","$","M","M","R","B",null,"M","?","T","M","M","R","R","M","T","R","?","M","$","?","R","B",null],"character_chosen":"IRONCLAD","items_purchased":["Meat on the Bone","Bag of Preparation","Anchor","Pommel Strike+1","Lee\u0027s Waffle","Orichalcum","Block Potion"],"campfire_rested":3,"item_purchase_floors":[2,29,29,29,47,47,47],"current_hp_per_floor":[73,73,69,70,66,44,33,33,33,41,41,45,55,32,54,20,61,51,36,30,30,30,55,55,51,51,51,47,47,58,55,55,28,79,59,45,45,60,41,41,41,43,43,43,43,41,119,98,119,62],"gold":15,"neow_bonus":"ONE_RARE_RELIC","is_prod":false,"is_daily":false,"chose_seed":false,"campfire_upgraded":7,"win_rate":0,"timestamp":1569339893,"path_taken":["M","$","M","M","?","E","?","R","T","M","R","M","E","?","R","BOSS","M","M","M","?","?","R","?","E","T","R","M","$","M","?","R","BOSS","M","?","?","M","M","R","R","M","T","R","?","?","$","?","R","BOSS"],"build_version":"2019-07-17","purchased_purges":1,"victory":true,"max_hp_per_floor":[75,75,75,75,75,75,75,75,75,75,75,75,75,75,75,75,75,78,81,84,84,84,84,84,84,84,84,88,88,92,96,96,96,96,96,100,100,104,104,104,104,108,108,108,108,112,119,119,119,119],"card_choices":[{"not_picked":["Sentinel","Body Slam","Anger"],"picked":"SKIP","floor":1.0},{"not_picked":["Havoc","Anger","Twin Strike"],"picked":"SKIP","floor":3.0},{"not_picked":["Wild Strike","Flex","Sword Boomerang"],"picked":"SKIP","floor":4.0},{"not_picked":["Flex","Armaments"],"picked":"Impervious","floor":5.0},{"not_picked":["Power Through","Spot Weakness","Clash"],"picked":"SKIP","floor":6.0},{"not_picked":["Pommel Strike","Second Wind"],"picked":"Headbutt","floor":10.0},{"not_picked":["Rage","Searing Blow","Pommel Strike"],"picked":"SKIP","floor":12.0},{"not_picked":["Sword Boomerang","Second Wind","Perfected Strike"],"picked":"SKIP","floor":13.0},{"not_picked":["Double Tap","Reaper"],"picked":"Feed","floor":16.0},{"not_picked":["Havoc","Iron Wave"],"picked":"Whirlwind","floor":18.0},{"not_picked":["Sentinel","Havoc","Iron Wave"],"picked":"SKIP","floor":19.0},{"not_picked":["Metallicize","Armaments"],"picked":"Shockwave","floor":20.0},{"not_picked":["Sentinel","Wild Strike","Bloodletting+1"],"picked":"SKIP","floor":25.0},{"not_picked":["Brutality","Perfected Strike+1"],"picked":"Uppercut+1","floor":28.0},{"not_picked":["Perfected Strike+1","Warcry"],"picked":"Shrug It Off","floor":30.0},{"not_picked":["Uppercut+1","Heavy Blade+1"],"picked":"Headbutt+1","floor":31.0},{"not_picked":["Clash+1","Twin Strike+1"],"picked":"Shrug It Off","floor":35},{"not_picked":["Evolve","Bloodletting","Warcry"],"picked":"SKIP","floor":38},{"not_picked":["Shockwave","Anger+1","Pommel Strike+1"],"picked":"SKIP","floor":39},{"not_picked":["Bloodletting","Dual Wield","Havoc"],"picked":"SKIP","floor":42},{"not_picked":["Feel No Pain+1","Body Slam+1","Flex"],"picked":"SKIP","floor":46}],"player_experience":347492,"relics_obtained":[{"floor":6.0,"key":"MawBank"},{"floor":9.0,"key":"Happy Flower"},{"floor":13.0,"key":"Vajra"},{"floor":25.0,"key":"Molten Egg 2"},{"floor":26.0,"key":"Ancient Tea Set"},{"floor":36,"key":"WingedGreaves"}],"event_choices":[{"damage_healed":0.0,"max_hp_gain":0.0,"max_hp_loss":0.0,"gold_gain":75.0,"event_name":"World of Goop","player_choice":"Gather Gold","floor":7.0,"gold_loss":0.0,"damage_taken":11.0},{"damage_healed":0.0,"max_hp_gain":0.0,"max_hp_loss":0.0,"gold_gain":0.0,"event_name":"Shining Light","player_choice":"Entered Light","floor":14.0,"gold_loss":0.0,"damage_taken":23.0,"cards_upgraded":["Strike_R","Strike_R"]},{"damage_healed":0.0,"max_hp_gain":0.0,"max_hp_loss":0.0,"gold_gain":0.0,"event_name":"Drug Dealer","player_choice":"Obtain J.A.X.","floor":21.0,"gold_loss":0.0,"damage_taken":0.0,"cards_obtained":["J.A.X."]},{"cards_removed":["Strike_R"],"damage_healed":0.0,"max_hp_gain":0.0,"max_hp_loss":0.0,"gold_gain":0.0,"event_name":"Beggar","player_choice":"Gave Gold","floor":22.0,"gold_loss":75.0,"damage_taken":0.0},{"damage_healed":0.0,"max_hp_gain":0.0,"max_hp_loss":0.0,"gold_gain":0.0,"event_name":"Lab","player_choice":"Got Potions","floor":24.0,"gold_loss":0.0,"damage_taken":0.0},{"damage_healed":0,"gold_gain":0,"player_choice":"Fight","damage_taken":0,"max_hp_gain":0,"max_hp_loss":0,"event_name":"Mysterious Sphere","floor":36,"gold_loss":0},{"damage_healed":0,"gold_gain":0,"player_choice":"Trade","damage_taken":0,"relics_obtained":["NlothsMask"],"max_hp_gain":0,"max_hp_loss":0,"event_name":"FaceTrader","floor":45,"gold_loss":0},{"damage_healed":0,"gold_gain":0,"player_choice":"Embrace Madness","damage_taken":21,"max_hp_gain":0,"max_hp_loss":0,"event_name":"Winding Halls","floor":48,"gold_loss":0,"cards_obtained":["Madness","Madness"]}],"is_beta":false,"boss_relics":[{"not_picked":["Calling Bell","Black Blood"],"picked":"Runic Cube"},{"not_picked":["Busted Crown","Astrolabe"],"picked":"Cursed Key"}],"items_purged_floors":[29],"is_endless":false,"potions_floor_spawned":[1,3,5,10,16,20,25,28,31,36,39],"ascension_level":18}