{"gold_per_floor":[116,126,140,140,215,215,227,227,227,242,318,335,335,349,349,425,425,436,464,464,477,477],"floor_reached":22,"playtime":854,"items_purged":[],"score":356,"play_id":"e769d51c-a27f-48fe-919d-a34fb9ec8006","local_time":"20190928115908","is_ascension_mode":true,"campfire_choices":[{"data":"Bash","floor":6.0,"key":"SMITH"},{"data":"Whirlwind","floor":13.0,"key":"SMITH"},{"floor":15.0,"key":"REST"}],"neow_cost":"NONE","seed_source_timestamp":559743122157615,"circlet_count":0,"master_deck":["AscendersBane","Strike_R","Strike_R","Strike_R","Strike_R","Strike_R","Defend_R","Defend_R","Defend_R","Defend_R","Bash+1","Ghostly Armor","Whirlwind+1","Headbutt","Shrug It Off","Reaper","Corruption+1"],"special_seed":0,"relics":["Burning Blood","Kunai","Letter Opener","Shuriken","Philosopher\u0027s Stone","Red Mask"],"potions_floor_usage":[22],"damage_taken":[{"damage":1.0,"enemies":"2 Louse","floor":1.0,"turns":3.0},{"damage":18.0,"enemies":"Jaw Worm","floor":2.0,"turns":5.0},{"damage":2.0,"enemies":"Cultist","floor":3.0,"turns":4.0},{"damage":11.0,"enemies":"Exordium Wildlife","floor":7.0,"turns":4.0},{"damage":12.0,"enemies":"2 Fungi Beasts","floor":10.0,"turns":4.0},{"damage":12.0,"enemies":"Blue Slaver","floor":12.0,"turns":4.0},{"damage":6.0,"enemies":"Looter","floor":14.0,"turns":4.0},{"damage":37.0,"enemies":"The Guardian","floor":16.0,"turns":9.0},{"damage":45.0,"enemies":"Shell Parasite","floor":18.0,"turns":6.0},{"damage":4.0,"enemies":"Masked Bandits","floor":19.0,"turns":2.0},{"damage":18.0,"enemies":"2 Thieves","floor":21.0,"turns":4.0},{"damage":63,"enemies":"Shelled Parasite and Fungi","floor":22,"turns":5}],"seed_played":"-75991251957804007","potions_obtained":[{"floor":2.0,"key":"Fire Potion"},{"floor":3.0,"key":"GamblersBrew"},{"floor":12.0,"key":"Strength Potion"},{"floor":16.0,"key":"Explosive Potion"},{"floor":21.0,"key":"SpeedPotion"}],"is_trial":false,"path_per_floor":["M","M","M","?","?","R","M","?","T","M","T","M","R","M","R","B",null,"M","?","?","M","M"],"character_chosen":"IRONCLAD","items_purchased":[],"campfire_rested":1,"item_purchase_floors":[],"current_hp_per_floor":[80,68,72,67,56,56,51,51,51,45,45,39,39,39,63,32,70,31,33,49,42,0],"gold":477,"neow_bonus":"TEN_PERCENT_HP_BONUS","is_prod":false,"is_daily":false,"chose_seed":false,"campfire_upgraded":2,"win_rate":0,"timestamp":1569697148,"path_taken":["M","M","M","?","?","R","M","?","T","?","?","?","R","M","R","BOSS","M","?","?","M","M"],"build_version":"2019-07-17","purchased_purges":0,"victory":false,"max_hp_per_floor":[82,82,82,82,82,82,82,82,82,82,82,82,82,82,82,82,82,82,82,82,82,82],"card_choices":[{"not_picked":["Heavy Blade","Sentinel","Twin Strike"],"picked":"SKIP","floor":1.0},{"not_picked":["Thunderclap","Havoc","Dropkick"],"picked":"SKIP","floor":2.0},{"not_picked":["Cleave","Seeing Red","Warcry"],"picked":"SKIP","floor":3.0},{"not_picked":["Entrench","True Grit"],"picked":"Ghostly Armor","floor":7.0},{"not_picked":["Perfected Strike","Clothesline"],"picked":"Whirlwind","floor":10.0},{"not_picked":["Hemokinesis","Rupture"],"picked":"Headbutt","floor":12.0},{"not_picked":["Heavy Blade","Pommel Strike"],"picked":"Shrug It Off","floor":14.0},{"not_picked":["Juggernaut","Exhume"],"picked":"Reaper","floor":16.0},{"not_picked":["Warcry","Clash","Sword Boomerang"],"picked":"SKIP","floor":18.0},{"not_picked":["Clash","Perfected Strike"],"picked":"Corruption+1","floor":19.0},{"not_picked":["Heavy Blade","Second Wind","Fire Breathing"],"picked":"SKIP","floor":21.0}],"player_experience":361429,"relics_obtained":[{"floor":9.0,"key":"Letter Opener"},{"floor":11.0,"key":"Shuriken"},{"floor":19.0,"key":"Red Mask"}],"event_choices":[{"damage_healed":0.0,"max_hp_gain":0.0,"max_hp_loss":0.0,"gold_gain":0.0,"event_name":"Scrap Ooze","player_choice":"Success","floor":4.0,"gold_loss":0.0,"damage_taken":5.0,"relics_obtained":["Kunai"]},{"damage_healed":0.0,"max_hp_gain":0.0,"max_hp_loss":0.0,"gold_gain":75.0,"event_name":"World of Goop","player_choice":"Gather Gold","floor":5.0,"gold_loss":0.0,"damage_taken":11.0},{"damage_healed":0.0,"max_hp_gain":0.0,"max_hp_loss":0.0,"gold_gain":0.0,"event_name":"Dead Adventurer","player_choice":"Searched \u00270\u0027 times","floor":8.0,"gold_loss":0.0,"damage_taken":0.0},{"damage_healed":0.0,"max_hp_gain":0.0,"max_hp_loss":0.0,"gold_gain":0.0,"event_name":"Masked Bandits","player_choice":"Fought Bandits","floor":19.0,"gold_loss":0.0,"damage_taken":0.0},{"damage_healed":16.0,"max_hp_gain":0.0,"max_hp_loss":0.0,"gold_gain":0.0,"event_name":"The Library","player_choice":"Heal","floor":20.0,"gold_loss":0.0,"damage_taken":0.0}],"is_beta":false,"boss_relics":[{"not_picked":["Snecko Eye","Orrery"],"picked":"Philosopher\u0027s Stone"}],"items_purged_floors":[],"is_endless":false,"potions_floor_spawned":[2,3,12,16,21],"killed_by":"Shelled Parasite and Fungi","ascension_level":20}