{"gold_per_floor":[109,126,140,152,164,164,179,198,224,258,258,269,301,311,311,414,414,429,528,453,471,59,84,94,114,137,137,137,167,167,194,194,294,294,309,91,106,122,122,154,169,199,199,199,230,248,260,260,260,260,260,260,43,71,71],"floor_reached":55,"playtime":3555,"items_purged":["Strike_R","Defend_R"],"score":1463,"play_id":"85fc79f2-1f10-43d7-bded-475b396bcf5f","local_time":"20190912215400","is_ascension_mode":true,"campfire_choices":[{"data":"Flame Barrier","floor":6.0,"key":"SMITH"},{"data":"Whirlwind","floor":11.0,"key":"SMITH"},{"data":"Demon Form","floor":15.0,"key":"SMITH"},{"data":"Feed","floor":27.0,"key":"SMITH"},{"data":"Defend_R","floor":32.0,"key":"SMITH"},{"floor":44.0,"key":"REST"},{"floor":49.0,"key":"RECALL"},{"floor":52.0,"key":"REST"}],"neow_cost":"NONE","seed_source_timestamp":0,"circlet_count":0,"master_deck":["AscendersBane","Strike_R","Strike_R","Strike_R","Defend_R+1","Defend_R","Defend_R","Bash","Flame Barrier+1","Iron Wave","Impervious","Whirlwind+1","Burning Pact+1","Demon Form+1","Feed+1","Shrug It Off+1","Battle Trance","Disarm+1","Madness","Madness","Battle Trance","Shrug It Off"],"special_seed":0,"relics":["Burning Blood","PreservedInsect","FossilizedHelix","Mercury Hourglass","Busted Crown","War Paint","Sling","Happy Flower","Ancient Tea Set","Strawberry","Boot","Sozu","Lantern","Bronze Scales","Torii","Bottled Lightning","Pen Nib"],"potions_floor_usage":[],"damage_taken":[{"damage":3.0,"enemies":"Small Slimes","floor":1.0,"turns":4.0},{"damage":8.0,"enemies":"2 Louse","floor":2.0,"turns":3.0},{"damage":13.0,"enemies":"Jaw Worm","floor":3.0,"turns":5.0},{"damage":13.0,"enemies":"Exordium Wildlife","floor":4.0,"turns":5.0},{"damage":12.0,"enemies":"Looter","floor":5.0,"turns":3.0},{"damage":4.0,"enemies":"Large Slime","floor":7.0,"turns":8.0},{"damage":9.0,"enemies":"Lots of Slimes","floor":8.0,"turns":7.0},{"damage":2.0,"enemies":"Gremlin Nob","floor":10.0,"turns":4.0},{"damage":0.0,"enemies":"Exordium Thugs","floor":12.0,"turns":4.0},{"damage":14.0,"enemies":"Lagavulin","floor":13.0,"turns":7.0},{"damage":3.0,"enemies":"Blue Slaver","floor":14.0,"turns":4.0},{"damage":19.0,"enemies":"Hexaghost","floor":16.0,"turns":6.0},{"damage":0.0,"enemies":"3 Byrds","floor":18.0,"turns":2.0},{"damage":16.0,"enemies":"Spheric Guardian","floor":21.0,"turns":5.0},{"damage":0.0,"enemies":"Book of Stabbing","floor":23.0,"turns":6.0},{"damage":9.0,"enemies":"Centurion and Healer","floor":24.0,"turns":5.0},{"damage":0.0,"enemies":"Snecko","floor":25.0,"turns":5.0},{"damage":0.0,"enemies":"Colosseum Slavers","floor":28.0,"turns":5.0},{"damage":0.0,"enemies":"Slavers","floor":29.0,"turns":2.0},{"damage":0.0,"enemies":"Gremlin Leader","floor":31.0,"turns":4.0},{"damage":40.0,"enemies":"Automaton","floor":33.0,"turns":12.0},{"damage":0.0,"enemies":"Orb Walker","floor":35.0,"turns":4.0},{"damage":22.0,"enemies":"3 Shapes","floor":37.0,"turns":4.0},{"damage":31.0,"enemies":"Spire Growth","floor":38.0,"turns":7.0},{"damage":0.0,"enemies":"Reptomancer","floor":40.0,"turns":5.0},{"damage":1.0,"enemies":"4 Shapes","floor":41.0,"turns":5.0},{"damage":18.0,"enemies":"Giant Head","floor":42.0,"turns":7.0},{"damage":34.0,"enemies":"Reptomancer","floor":45.0,"turns":4.0},{"damage":0.0,"enemies":"Writhing Mass","floor":46.0,"turns":7.0},{"damage":0.0,"enemies":"Spire Growth","floor":47.0,"turns":5.0},{"damage":93.0,"enemies":"Donu and Deca","floor":50.0,"turns":7.0},{"damage":53.0,"enemies":"Shield and Spear","floor":54.0,"turns":5.0},{"damage":111,"enemies":"The Heart","floor":55,"turns":9}],"seed_played":"-2676922680097875531","potions_obtained":[{"floor":3.0,"key":"LiquidBronze"},{"floor":4.0,"key":"Poison Potion"},{"floor":8.0,"key":"Poison Potion"},{"floor":10.0,"key":"Dexterity Potion"},{"floor":14.0,"key":"AttackPotion"},{"floor":18.0,"key":"Energy Potion"},{"floor":21.0,"key":"Block Potion"},{"floor":24.0,"key":"SkillPotion"},{"floor":29.0,"key":"FairyPotion"},{"floor":31.0,"key":"PowerPotion"}],"is_trial":false,"path_per_floor":["M","M","M","M","M","R","M","M","T","E","R","M","E","M","R","B",null,"M","?","?","M","$","E","M","M","T","R","?","E","?","E","R","B",null,"M","$","M","M","?","E","M","E","T","R","E","M","M","?","R","B",null,"R","$","E","B"],"character_chosen":"IRONCLAD","items_purchased":["Shrug It Off","War Paint","Sling","Lantern","Battle Trance","Shrug It Off"],"campfire_rested":2,"item_purchase_floors":[22,22,22,36,53,53],"current_hp_per_floor":[83,81,74,67,61,61,63,60,60,64,64,70,62,65,65,52,79,85,85,85,78,78,87,87,96,96,96,100,107,107,111,111,77,103,113,113,101,80,80,90,99,87,87,126,98,104,110,94,94,7,100,131,131,84,0],"gold":71,"neow_bonus":"TEN_PERCENT_HP_BONUS","is_prod":false,"is_daily":false,"chose_seed":false,"campfire_upgraded":5,"win_rate":0,"timestamp":1568350440,"path_taken":["M","M","M","M","M","R","M","M","T","E","R","M","E","M","R","BOSS","M","?","?","M","$","E","M","M","T","R","?","E","?","E","R","BOSS","M","$","M","M","?","E","M","E","T","R","E","M","M","?","R","BOSS","R","$","E","BOSS"],"build_version":"2019-07-17","purchased_purges":2,"victory":false,"max_hp_per_floor":[88,88,88,88,88,88,88,88,88,88,88,88,88,88,88,88,88,88,88,88,91,91,94,97,100,100,100,100,107,107,111,111,111,111,115,115,119,123,123,127,131,131,131,131,131,131,131,131,131,131,131,131,131,131,131],"card_choices":[{"not_picked":["Heavy Blade","Pommel Strike"],"picked":"Flame Barrier","floor":1.0},{"not_picked":["Shockwave","Warcry","Infernal Blade"],"picked":"SKIP","floor":2.0},{"not_picked":["Spot Weakness","Heavy Blade"],"picked":"Iron Wave","floor":3.0},{"not_picked":["Cleave","Wild Strike","Dual Wield"],"picked":"SKIP","floor":4.0},{"not_picked":["Twin Strike","Rupture","Heavy Blade"],"picked":"SKIP","floor":5.0},{"not_picked":["Body Slam","Heavy Blade"],"picked":"Impervious","floor":7.0},{"not_picked":["Cleave","Blood for Blood"],"picked":"Whirlwind","floor":8.0},{"not_picked":["Corruption","Twin Strike"],"picked":"Burning Pact","floor":10.0},{"not_picked":["Seeing Red","Heavy Blade","Cleave"],"picked":"SKIP","floor":12.0},{"not_picked":["Perfected Strike","Anger","Thunderclap"],"picked":"SKIP","floor":13.0},{"not_picked":["Blood for Blood","Warcry"],"picked":"Demon Form","floor":14.0},{"not_picked":["Immolate","Limit Break"],"picked":"Feed","floor":16.0},{"not_picked":["Headbutt"],"picked":"SKIP","floor":18.0},{"not_picked":["Wild Strike"],"picked":"SKIP","floor":21.0},{"not_picked":["Disarm"],"picked":"SKIP","floor":23.0},{"not_picked":["Intimidate"],"picked":"SKIP","floor":24.0},{"not_picked":["Sword Boomerang"],"picked":"SKIP","floor":25.0},{"not_picked":["Wild Strike+1"],"picked":"SKIP","floor":29.0},{"not_picked":["Perfected Strike"],"picked":"SKIP","floor":31.0},{"not_picked":[],"picked":"Disarm+1","floor":35.0},{"not_picked":["Intimidate"],"picked":"SKIP","floor":37.0},{"not_picked":["Carnage"],"picked":"SKIP","floor":38.0},{"not_picked":["Heavy Blade"],"picked":"SKIP","floor":40.0},{"not_picked":["Thunderclap"],"picked":"SKIP","floor":41.0},{"not_picked":["Twin Strike"],"picked":"SKIP","floor":42.0},{"not_picked":["Iron Wave"],"picked":"SKIP","floor":45.0},{"not_picked":["Shrug It Off"],"picked":"SKIP","floor":46.0},{"not_picked":["Infernal Blade"],"picked":"SKIP","floor":47.0},{"not_picked":["Infernal Blade+1"],"picked":"SKIP","floor":54.0}],"player_experience":300701,"relics_obtained":[{"floor":9.0,"key":"PreservedInsect"},{"floor":10.0,"key":"FossilizedHelix"},{"floor":13.0,"key":"Mercury Hourglass"},{"floor":23.0,"key":"Happy Flower"},{"floor":26.0,"key":"Ancient Tea Set"},{"floor":29.0,"key":"Strawberry"},{"floor":31.0,"key":"Boot"},{"floor":40.0,"key":"Bronze Scales"},{"floor":42.0,"key":"Torii"},{"floor":45.0,"key":"Bottled Lightning"},{"floor":54.0,"key":"Pen Nib"}],"event_choices":[{"damage_healed":0.0,"max_hp_gain":0.0,"max_hp_loss":0.0,"gold_gain":99.0,"event_name":"Nest","player_choice":"Stole From Cult","floor":19.0,"gold_loss":0.0,"damage_taken":0.0},{"cards_removed":["Strike_R"],"damage_healed":0.0,"max_hp_gain":0.0,"max_hp_loss":0.0,"gold_gain":0.0,"event_name":"Beggar","player_choice":"Gave Gold","floor":20.0,"gold_loss":75.0,"damage_taken":0.0},{"damage_healed":0.0,"max_hp_gain":0.0,"max_hp_loss":0.0,"gold_gain":0.0,"event_name":"Colosseum","player_choice":"Fight","floor":28.0,"gold_loss":0.0,"damage_taken":0.0},{"damage_healed":0.0,"max_hp_gain":0.0,"max_hp_loss":0.0,"gold_gain":0.0,"event_name":"Colosseum","player_choice":"Fled From Nobs","floor":28.0,"gold_loss":0.0,"damage_taken":0.0},{"damage_healed":0.0,"max_hp_gain":0.0,"max_hp_loss":0.0,"gold_gain":0.0,"event_name":"The Library","player_choice":"Read","floor":30.0,"gold_loss":0.0,"damage_taken":0.0,"cards_obtained":["Battle Trance"]},{"damage_healed":0.0,"max_hp_gain":0.0,"max_hp_loss":0.0,"gold_gain":0.0,"event_name":"Mysterious Sphere","player_choice":"Ignored","floor":39.0,"gold_loss":0.0,"damage_taken":0.0},{"damage_healed":0.0,"max_hp_gain":0.0,"max_hp_loss":0.0,"gold_gain":0.0,"event_name":"Winding Halls","player_choice":"Embrace Madness","floor":48.0,"gold_loss":0.0,"damage_taken":16.0,"cards_obtained":["Madness","Madness"]}],"is_beta":false,"boss_relics":[{"not_picked":["Calling Bell","Tiny House"],"picked":"Busted Crown"},{"not_picked":["Fusion Hammer","Eternal Feather"],"picked":"Sozu"}],"items_purged_floors":[36,53],"is_endless":false,"potions_floor_spawned":[3,4,8,10,12,14,18,21,24,29,31,35,38,45,46,54],"killed_by":"The Heart","ascension_level":12}