{"gold_per_floor":[114,127,147,4,4,4,14,14,96,109,121,153,170,170,170,268,268,278,278,6,23,40,67,67,67],"floor_reached":25,"playtime":2050,"items_purged":["Defend_G"],"score":270,"play_id":"63383835-798a-43f1-a921-b80c6450230d","local_time":"20190629131201","is_ascension_mode":true,"campfire_choices":[{"data":"Noxious Fumes","floor":6,"key":"SMITH"},{"data":"Eviscerate","floor":15,"key":"SMITH"},{"floor":24,"key":"REST"}],"neow_cost":"NONE","seed_source_timestamp":359519532643119,"circlet_count":0,"master_deck":["Defend_G","Defend_G","Defend_G","Defend_G","Strike_G","Strike_G","Strike_G","Strike_G","Strike_G","Survivor","Neutralize","Noxious Fumes+1","Quick Slash","Eviscerate+1","Footwork","Wraith Form v2","Backflip","RitualDagger","Wraith Form v2","Predator"],"relics":["Snecko Eye","Snake Skull","Anchor","Question Card","Juzu Bracelet","Busted Crown","DollysMirror","The Courier"],"potions_floor_usage":[7,12,12,12,16,22,25],"damage_taken":[{"damage":15,"enemies":"Jaw Worm","floor":1,"turns":7},{"damage":2,"enemies":"Cultist","floor":2,"turns":5},{"damage":0,"enemies":"Small Slimes","floor":3,"turns":4},{"damage":2,"enemies":"2 Fungi Beasts","floor":7,"turns":5},{"damage":0,"enemies":"Red Slaver","floor":10,"turns":4},{"damage":0,"enemies":"Exordium Wildlife","floor":11,"turns":3},{"damage":18,"enemies":"3 Sentries","floor":12,"turns":8},{"damage":0,"enemies":"Gremlin Gang","floor":13,"turns":4},{"damage":6,"enemies":"The Guardian","floor":16,"turns":10},{"damage":18,"enemies":"Spheric Guardian","floor":18,"turns":7},{"damage":0,"enemies":"Shell Parasite","floor":21,"turns":6},{"damage":16,"enemies":"Shelled Parasite and Fungi","floor":22,"turns":5},{"damage":8,"enemies":"Book of Stabbing","floor":23,"turns":6},{"damage":55,"enemies":"Gremlin Leader","floor":25,"turns":4}],"seed_played":"7216267590729435731","potions_obtained":[{"floor":2,"key":"Regen Potion"},{"floor":3,"key":"Energy Potion"},{"floor":7,"key":"EntropicBrew"},{"floor":11,"key":"Block Potion"},{"floor":16,"key":"Swift Potion"}],"is_trial":false,"path_per_floor":["M","M","M","$","?","R","M","$","T","M","M","E","M","?","R","B",null,"M","?","$","M","M","E","R","E"],"character_chosen":"THE_SILENT","items_purchased":["Snake Skull","DollysMirror"],"campfire_rested":1,"item_purchase_floors":[4,20],"current_hp_per_floor":[55,53,53,53,53,53,65,65,65,65,65,47,47,52,52,46,75,57,51,51,51,35,27,49,0],"gold":67,"neow_bonus":"BOSS_RELIC","is_prod":false,"is_daily":false,"chose_seed":false,"campfire_upgraded":2,"win_rate":0,"timestamp":1561839121,"path_taken":["M","M","M","$","?","R","M","$","T","M","M","E","M","?","R","BOSS","M","?","$","M","M","E","R","E"],"build_version":"2019-01-23","purchased_purges":1,"victory":false,"max_hp_per_floor":[70,70,70,70,70,70,70,70,70,70,70,70,70,75,75,75,75,75,75,75,75,75,75,75,75],"card_choices":[{"not_picked":["Cloak And Dagger","Dodge and Roll","Poisoned Stab"],"picked":"SKIP","floor":1},{"not_picked":["Slice","Catalyst"],"picked":"Noxious Fumes","floor":2},{"not_picked":["Deadly Poison","Poisoned Stab"],"picked":"Quick Slash","floor":3},{"not_picked":["Heel Hook","Flying Knee","Slice"],"picked":"SKIP","floor":7},{"not_picked":["Dodge and Roll","Noxious Fumes","Cloak And Dagger","Sucker Punch"],"picked":"SKIP","floor":10},{"not_picked":["All Out Attack","Catalyst","Prepared","PiercingWail"],"picked":"SKIP","floor":11},{"not_picked":["Accuracy","Riddle With Holes","Venomology"],"picked":"Eviscerate","floor":12},{"not_picked":["Dagger Throw","Cloak And Dagger","PiercingWail"],"picked":"Footwork","floor":13},{"not_picked":["Phantasmal Killer","Grand Finale","Unload"],"picked":"Wraith Form v2","floor":16},{"not_picked":["Underhanded Strike"],"picked":"Backflip","floor":18},{"not_picked":["Noxious Fumes","Infinite Blades"],"picked":"SKIP","floor":21},{"not_picked":["Flechettes+1"],"picked":"Predator","floor":22},{"not_picked":["Distraction+1","Quick Slash"],"picked":"SKIP","floor":23}],"player_experience":83791,"relics_obtained":[{"floor":9,"key":"Question Card"},{"floor":12,"key":"Juzu Bracelet"},{"floor":23,"key":"The Courier"}],"event_choices":[{"damage_healed":0,"gold_gain":0,"player_choice":"Gave Potion","damage_taken":0,"relics_obtained":["Anchor"],"max_hp_gain":0,"max_hp_loss":0,"event_name":"WeMeetAgain","floor":5,"gold_loss":0},{"damage_healed":0,"gold_gain":0,"player_choice":"Donut","damage_taken":0,"max_hp_gain":5,"max_hp_loss":0,"event_name":"Big Fish","floor":14,"gold_loss":0},{"damage_healed":0,"gold_gain":0,"player_choice":"Joined the Cult","damage_taken":6,"max_hp_gain":0,"max_hp_loss":0,"event_name":"Nest","floor":19,"gold_loss":0,"cards_obtained":["RitualDagger"]}],"is_beta":false,"boss_relics":[{"not_picked":["Astrolabe","Empty Cage"],"picked":"Busted Crown"}],"items_purged_floors":[20],"is_endless":false,"potions_floor_spawned":[2,3,7,11,16],"killed_by":"Gremlin Leader","ascension_level":4}