{"gold_per_floor":[119,149,160,177,177,177,207,207,258,21,52,69,102,122,122,199,199,214,227,238,255,255,282,282,307,334,334,348,273,299,309,309,309],"floor_reached":33,"playtime":2577,"items_purged":[],"score":606,"play_id":"d4b38733-0d95-49fb-acbc-b9c90bd6a22d","local_time":"20190913201825","is_ascension_mode":true,"campfire_choices":[{"data":"Perfected Strike","floor":6.0,"key":"SMITH"},{"floor":8.0,"key":"REST"},{"data":"True Grit","floor":15.0,"key":"SMITH"},{"floor":24.0,"key":"RECALL"},{"floor":27,"key":"REST"},{"floor":32,"key":"REST"}],"neow_cost":"NONE","seed_source_timestamp":466216937041653,"circlet_count":0,"master_deck":["AscendersBane","Strike_R","Strike_R","Strike_R","Strike_R","Defend_R","Defend_R+1","Defend_R","Defend_R","Bash","Clothesline+1","Perfected Strike+1","Power Through","Shrug It Off","Shrug It Off+1","True Grit+1","Feed","Metallicize+1","Shrug It Off+1","Whirlwind","Armaments","Inflame"],"special_seed":0,"relics":["Burning Blood","Tiny Chest","Boot","Orichalcum","Sling","Bottled Flame","Strawberry","Fusion Hammer","War Paint","Centennial Puzzle","Bottled Tornado","Ancient Tea Set"],"potions_floor_usage":[33,33],"damage_taken":[{"damage":4.0,"enemies":"2 Louse","floor":1.0,"turns":3.0},{"damage":0.0,"enemies":"Cultist","floor":3.0,"turns":4.0},{"damage":8.0,"enemies":"Small Slimes","floor":4.0,"turns":4.0},{"damage":25.0,"enemies":"3 Sentries","floor":7.0,"turns":7.0},{"damage":12.0,"enemies":"Gremlin Nob","floor":11.0,"turns":4.0},{"damage":1.0,"enemies":"3 Louse","floor":12.0,"turns":4.0},{"damage":18.0,"enemies":"Lagavulin","floor":13.0,"turns":6.0},{"damage":0.0,"enemies":"Large Slime","floor":14.0,"turns":5.0},{"damage":56.0,"enemies":"The Guardian","floor":16.0,"turns":15.0},{"damage":9.0,"enemies":"Shell Parasite","floor":18.0,"turns":9.0},{"damage":6.0,"enemies":"2 Thieves","floor":19.0,"turns":5.0},{"damage":10.0,"enemies":"Shelled Parasite and Fungi","floor":20.0,"turns":10.0},{"damage":7.0,"enemies":"Cultist and Chosen","floor":21.0,"turns":11.0},{"damage":14.0,"enemies":"Gremlin Leader","floor":23.0,"turns":10.0},{"damage":35,"enemies":"Book of Stabbing","floor":25,"turns":6},{"damage":17,"enemies":"Centurion and Healer","floor":28,"turns":9},{"damage":23,"enemies":"Slavers","floor":30,"turns":7},{"damage":2,"enemies":"Shelled Parasite and Fungi","floor":31,"turns":7},{"damage":112,"enemies":"Automaton","floor":33,"turns":14}],"seed_played":"-3542028006697430270","potions_obtained":[{"floor":7.0,"key":"BloodPotion"},{"floor":11.0,"key":"Strength Potion"},{"floor":12.0,"key":"BloodPotion"},{"floor":13.0,"key":"SteroidPotion"},{"floor":16.0,"key":"Energy Potion"},{"floor":18.0,"key":"Poison Potion"},{"floor":21.0,"key":"Weak Potion"},{"floor":25,"key":"SteroidPotion"},{"floor":30,"key":"FearPotion"},{"floor":31,"key":"Energy Potion"}],"is_trial":false,"path_per_floor":["M","?","M","M","?","R","E","R","T","$","E","M","E","M","R","B",null,"M","M","M","M","T","E","R","E","T","R","M","?","E","M","R","B"],"character_chosen":"IRONCLAD","items_purchased":["Sling","Shrug It Off"],"campfire_rested":3,"item_purchase_floors":[10,10],"current_hp_per_floor":[77,65,71,69,69,69,50,74,74,74,68,73,88,89,89,39,77,74,77,76,78,78,97,97,68,68,98,90,90,76,83,110,0],"gold":309,"neow_bonus":"TEN_PERCENT_HP_BONUS","is_prod":false,"is_daily":false,"chose_seed":false,"campfire_upgraded":2,"win_rate":0,"timestamp":1568431105,"path_taken":["M","?","M","M","?","R","E","R","T","$","E","M","E","M","R","BOSS","M","M","M","M","?","E","R","E","T","R","M","?","E","M","R","BOSS"],"build_version":"2019-07-17","purchased_purges":0,"victory":false,"max_hp_per_floor":[82,82,82,82,82,82,82,82,82,82,82,82,89,89,89,89,89,89,92,95,98,98,101,101,101,101,101,104,104,107,110,110,110],"card_choices":[{"not_picked":["Wild Strike","Pummel"],"picked":"Clothesline","floor":1.0},{"not_picked":["Havoc","Anger","Warcry"],"picked":"SKIP","floor":3.0},{"not_picked":["Searing Blow","Rampage"],"picked":"Perfected Strike","floor":4.0},{"not_picked":["Blood for Blood","Flex"],"picked":"Power Through","floor":7.0},{"not_picked":["Clash","Body Slam","Bludgeon"],"picked":"SKIP","floor":11.0},{"not_picked":["Dropkick","Havoc","Pommel Strike"],"picked":"SKIP","floor":12.0},{"not_picked":["Barricade","Clothesline"],"picked":"Shrug It Off","floor":13.0},{"not_picked":["Heavy Blade","Twin Strike"],"picked":"True Grit","floor":14.0},{"not_picked":["Berserk","Juggernaut"],"picked":"Feed","floor":16.0},{"not_picked":["Sword Boomerang+1","Wild Strike"],"picked":"Metallicize+1","floor":18.0},{"not_picked":["Body Slam","Pummel"],"picked":"Shrug It Off+1","floor":19.0},{"not_picked":["Clash","Sword Boomerang"],"picked":"Whirlwind","floor":20.0},{"not_picked":["Thunderclap","Clothesline","Rage"],"picked":"SKIP","floor":21.0},{"not_picked":["True Grit","Clash","Sentinel"],"picked":"SKIP","floor":23.0},{"not_picked":["Clash","Disarm","Bloodletting"],"picked":"SKIP","floor":25},{"not_picked":["Inflame","Clothesline+1"],"picked":"Armaments","floor":28},{"not_picked":["Intimidate","Dropkick"],"picked":"Inflame","floor":30},{"not_picked":["Clash","Cleave","Bloodletting"],"picked":"SKIP","floor":31}],"player_experience":307546,"relics_obtained":[{"floor":7.0,"key":"Boot"},{"floor":9.0,"key":"Orichalcum"},{"floor":11.0,"key":"Bottled Flame"},{"floor":13.0,"key":"Strawberry"},{"floor":22.0,"key":"War Paint"},{"floor":23.0,"key":"Centennial Puzzle"},{"floor":25,"key":"Bottled Tornado"},{"floor":30,"key":"Ancient Tea Set"}],"event_choices":[{"damage_healed":0.0,"max_hp_gain":0.0,"max_hp_loss":0.0,"gold_gain":0.0,"event_name":"Scrap Ooze","player_choice":"Success","floor":2.0,"gold_loss":0.0,"damage_taken":12.0,"relics_obtained":["Tiny Chest"]},{"damage_healed":0.0,"max_hp_gain":0.0,"max_hp_loss":0.0,"gold_gain":0.0,"event_name":"Upgrade Shrine","player_choice":"Upgraded","floor":5.0,"gold_loss":0.0,"damage_taken":0.0,"cards_upgraded":["Clothesline"]},{"cards_removed":["Strike_R"],"damage_healed":0,"gold_gain":0,"player_choice":"Gave Gold","damage_taken":0,"max_hp_gain":0,"max_hp_loss":0,"event_name":"Beggar","floor":29,"gold_loss":75}],"is_beta":false,"boss_relics":[{"not_picked":["Eternal Feather","Runic Cube"],"picked":"Fusion Hammer"}],"items_purged_floors":[],"is_endless":false,"potions_floor_spawned":[7,11,12,13,16,18,21,25,30,31],"killed_by":"Automaton","ascension_level":14}