{"gold_per_floor":[363,106,122,136,148,176,176,201,201,221,74,149,169,184,184,262,262,278,292,44,59,78,78,110,110,137,137,154,30,0,0,0,75,75,94,31,31,31,48,75,75,105,129,147,161,180,280,14,14,14],"floor_reached":51,"playtime":3908,"items_purged":["Strike_G","Strike_G","Strike_G","Parasite"],"score":1451,"play_id":"a621bb19-8142-48b7-8a8c-d1b0b8a4deab","local_time":"20190731194424","is_ascension_mode":true,"campfire_choices":[{"data":"Noxious Fumes","floor":7.0,"key":"SMITH"},{"floor":15.0,"key":"REST"},{"data":"Bouncing Flask","floor":23.0,"key":"SMITH"},{"floor":27.0,"key":"REST"},{"data":"Noxious Fumes","floor":32.0,"key":"SMITH"},{"data":"Footwork","floor":41.0,"key":"SMITH"},{"data":"Footwork","floor":49,"key":"SMITH"}],"neow_cost":"TEN_PERCENT_HP_LOSS","seed_source_timestamp":0,"circlet_count":0,"master_deck":["AscendersBane","Defend_G+1","Defend_G","Defend_G","Defend_G","Defend_G","Survivor","Neutralize","Escape Plan","Noxious Fumes+1","Leg Sweep","Dodge and Roll","Footwork+1","Backflip+1","After Image","Footwork+1","Backflip","Blur","After Image","Backflip","Bouncing Flask+1","Noxious Fumes+1","Acrobatics"],"special_seed":0,"relics":["Ring of the Snake","Anchor","Bag of Preparation","Art of War","War Paint","Busted Crown","Membership Card","Meat on the Bone","Potion Belt","Centennial Puzzle","Eternal Feather","Strawberry","Dream Catcher","Lantern","Mango","Tough Bandages"],"potions_floor_usage":[50,50,50,50],"damage_taken":[{"damage":0.0,"enemies":"Cultist","floor":1.0,"turns":4.0},{"damage":0.0,"enemies":"Jaw Worm","floor":3.0,"turns":5.0},{"damage":0.0,"enemies":"2 Louse","floor":4.0,"turns":4.0},{"damage":1.0,"enemies":"Large Slime","floor":5.0,"turns":9.0},{"damage":0.0,"enemies":"Lagavulin","floor":6.0,"turns":13.0},{"damage":37.0,"enemies":"Gremlin Nob","floor":8.0,"turns":7.0},{"damage":0.0,"enemies":"3 Louse","floor":10.0,"turns":4.0},{"damage":6.0,"enemies":"Exordium Wildlife","floor":13.0,"turns":11.0},{"damage":0.0,"enemies":"Exordium Thugs","floor":14.0,"turns":6.0},{"damage":0.0,"enemies":"Hexaghost","floor":16.0,"turns":16.0},{"damage":0.0,"enemies":"Spheric Guardian","floor":18.0,"turns":6.0},{"damage":26.0,"enemies":"Chosen","floor":19.0,"turns":9.0},{"damage":0.0,"enemies":"3 Cultists","floor":21.0,"turns":7.0},{"damage":0.0,"enemies":"Centurion and Healer","floor":22.0,"turns":10.0},{"damage":23.0,"enemies":"Slavers","floor":24.0,"turns":9.0},{"damage":1.0,"enemies":"Snecko","floor":28.0,"turns":9.0},{"damage":11.0,"enemies":"Automaton","floor":33.0,"turns":13.0},{"damage":0.0,"enemies":"Orb Walker","floor":35.0,"turns":6.0},{"damage":0.0,"enemies":"3 Darklings","floor":39.0,"turns":7.0},{"damage":46.0,"enemies":"Reptomancer","floor":40.0,"turns":8.0},{"damage":0.0,"enemies":"Nemesis","floor":42.0,"turns":9.0},{"damage":0,"enemies":"Spire Growth","floor":44,"turns":7},{"damage":0,"enemies":"Writhing Mass","floor":45,"turns":8},{"damage":0,"enemies":"Maw","floor":46,"turns":10},{"damage":0,"enemies":"Mind Bloom Boss Battle","floor":47,"turns":8},{"damage":0,"enemies":"Awakened One","floor":50,"turns":20}],"seed_played":"322565263712981658","potions_obtained":[{"floor":3.0,"key":"PowerPotion"},{"floor":4.0,"key":"Fire Potion"},{"floor":8.0,"key":"Poison Potion"},{"floor":14.0,"key":"Regen Potion"},{"floor":18.0,"key":"FearPotion"},{"floor":28.0,"key":"PowerPotion"},{"floor":35.0,"key":"EssenceOfSteel"},{"floor":40.0,"key":"SpeedPotion"},{"floor":44,"key":"Explosive Potion"}],"is_trial":false,"path_per_floor":["M","$","M","M","M","E","R","E","T","M","$","?","M","M","R","B",null,"M","M","$","M","M","R","E","?","T","R","M","$","?","?","R","B",null,"M","$","?","?","M","E","R","E","T","M","M","M","?","$","R","B",null],"character_chosen":"THE_SILENT","items_purchased":["Anchor","Noxious Fumes","Leg Sweep","Footwork","Membership Card","Backflip","Bouncing Flask","Centennial Puzzle","GhostInAJar","Tough Bandages"],"campfire_rested":2,"item_purchase_floors":[2,2,2,11,20,20,20,29,48,48],"current_hp_per_floor":[59,59,59,59,58,58,58,21,21,21,21,15,9,9,27,27,52,52,26,26,41,41,41,18,18,18,36,35,35,35,35,35,36,54,54,54,54,54,54,27,39,39,39,39,39,39,53,53,65,65],"gold":14,"neow_bonus":"TWO_FIFTY_GOLD","is_prod":false,"is_daily":false,"chose_seed":false,"campfire_upgraded":5,"win_rate":0,"timestamp":1564627464,"path_taken":["M","$","M","M","M","E","R","E","T","M","$","?","?","M","R","BOSS","M","M","$","M","M","R","E","?","T","R","?","$","?","?","R","BOSS","M","$","?","?","M","E","R","E","T","M","M","M","?","$","R","BOSS"],"build_version":"2019-07-17","purchased_purges":4,"victory":true,"max_hp_per_floor":[60,60,60,60,60,60,60,60,60,60,60,60,60,60,60,60,60,60,60,60,60,60,60,60,60,60,60,60,60,60,60,60,60,60,60,60,60,57,57,64,64,64,64,64,64,64,78,75,75,75],"card_choices":[{"not_picked":["Outmaneuver","Deflect"],"picked":"Escape Plan","floor":1.0},{"not_picked":["Outmaneuver","Dash"],"picked":"Dodge and Roll","floor":3.0},{"not_picked":["Blade Dance","Predator","Underhanded Strike"],"picked":"SKIP","floor":4.0},{"not_picked":["Acrobatics","Flechettes"],"picked":"Footwork","floor":5.0},{"not_picked":["Well Laid Plans","PiercingWail"],"picked":"Backflip","floor":6.0},{"not_picked":["Bouncing Flask","Concentrate"],"picked":"After Image","floor":8.0},{"not_picked":["Flying Knee","Blade Dance","Prepared"],"picked":"SKIP","floor":10.0},{"not_picked":["Deflect","Deadly Poison"],"picked":"Backflip","floor":13.0},{"not_picked":["Infinite Blades","Bane"],"picked":"Blur","floor":14.0},{"not_picked":["A Thousand Cuts","Die Die Die"],"picked":"After Image","floor":16.0},{"not_picked":["All Out Attack"],"picked":"SKIP","floor":18.0},{"not_picked":["Dagger Spray"],"picked":"SKIP","floor":19.0},{"not_picked":["Outmaneuver"],"picked":"SKIP","floor":21.0},{"not_picked":["Choke"],"picked":"SKIP","floor":22.0},{"not_picked":["Endless Agony"],"picked":"SKIP","floor":24.0},{"not_picked":["Poisoned Stab"],"picked":"SKIP","floor":28.0},{"not_picked":["Riddle With Holes"],"picked":"SKIP","floor":35.0},{"not_picked":["Outmaneuver"],"picked":"SKIP","floor":39.0},{"not_picked":["Finisher"],"picked":"SKIP","floor":40.0},{"not_picked":["Expertise"],"picked":"SKIP","floor":42.0},{"not_picked":[],"picked":"Acrobatics","floor":44},{"not_picked":["Noxious Fumes"],"picked":"SKIP","floor":45},{"not_picked":["Acrobatics"],"picked":"SKIP","floor":46}],"player_experience":148183,"relics_obtained":[{"floor":6.0,"key":"Bag of Preparation"},{"floor":8.0,"key":"Art of War"},{"floor":9.0,"key":"War Paint"},{"floor":24.0,"key":"Meat on the Bone"},{"floor":26.0,"key":"Potion Belt"},{"floor":40.0,"key":"Strawberry"},{"floor":42.0,"key":"Dream Catcher"},{"floor":43,"key":"Lantern"},{"floor":47,"key":"Mango"}],"event_choices":[{"damage_healed":0.0,"max_hp_gain":0.0,"max_hp_loss":0.0,"gold_gain":75.0,"event_name":"FaceTrader","player_choice":"Touch","floor":12.0,"gold_loss":0.0,"damage_taken":6.0},{"cards_removed":["Strike_G"],"damage_healed":0.0,"max_hp_gain":0.0,"max_hp_loss":0.0,"gold_gain":0.0,"event_name":"Purifier","player_choice":"Purged","floor":25.0,"gold_loss":0.0,"damage_taken":0.0},{"damage_healed":0.0,"max_hp_gain":0.0,"max_hp_loss":0.0,"gold_gain":0.0,"event_name":"Masked Bandits","player_choice":"Paid Fearfully","floor":30.0,"gold_loss":30.0,"damage_taken":0.0},{"damage_healed":0.0,"max_hp_gain":0.0,"max_hp_loss":0.0,"gold_gain":0.0,"event_name":"The Library","player_choice":"Read","floor":31.0,"gold_loss":0.0,"damage_taken":0.0,"cards_obtained":["Noxious Fumes"]},{"cards_removed":["Strike_G"],"damage_healed":0.0,"max_hp_gain":0.0,"max_hp_loss":0.0,"gold_gain":0.0,"event_name":"Falling","player_choice":"Removed Attack","floor":37.0,"gold_loss":0.0,"damage_taken":0.0},{"damage_healed":0.0,"max_hp_gain":0.0,"max_hp_loss":3.0,"gold_gain":0.0,"event_name":"Winding Halls","player_choice":"Max HP","floor":38.0,"gold_loss":0.0,"damage_taken":0.0},{"damage_healed":0,"gold_gain":0,"player_choice":"Fight","damage_taken":0,"max_hp_gain":0,"max_hp_loss":0,"event_name":"MindBloom","floor":47,"gold_loss":0}],"is_beta":false,"boss_relics":[{"not_picked":["Philosopher\u0027s Stone","Tiny House"],"picked":"Busted Crown"},{"not_picked":["Runic Pyramid","Astrolabe"],"picked":"Eternal Feather"}],"items_purged_floors":[11,29,36,48],"is_endless":false,"potions_floor_spawned":[3,4,6,8,14,18,28,35,40,44],"ascension_level":14}