{"gold_per_floor":[117,117,117,133,149,180,180,198,255,331,331,406,5,20,20,20],"floor_reached":16,"playtime":1344,"items_purged":[],"score":100,"play_id":"f0f99dbe-8bbf-4308-a06f-d0fbd1cd68e9","local_time":"20191011235754","is_ascension_mode":false,"campfire_choices":[{"floor":7,"key":"REST"},{"floor":15,"key":"REST"}],"neow_cost":"CURSE","seed_source_timestamp":2247315010314648,"circlet_count":0,"master_deck":["Strike_B","Strike_B","Strike_B","Strike_B","Defend_B","Defend_B","Defend_B","Defend_B","Zap","Dualcast","Conserve Battery","Redo","Biased Cognition","Seek","Ball Lightning","Biased Cognition","Glacier","Loop","Chill"],"relics":["Cracked Core","Incense Burner","Golden Idol","TungstenRod","Tiny Chest","Orichalcum","Bottled Tornado","Eternal Feather"],"potions_floor_usage":[6,16,16,16],"damage_taken":[{"damage":5,"enemies":"2 Louse","floor":1,"turns":3},{"damage":8,"enemies":"Small Slimes","floor":4,"turns":3},{"damage":0,"enemies":"Cultist","floor":5,"turns":3},{"damage":21,"enemies":"3 Sentries","floor":6,"turns":5},{"damage":6,"enemies":"3 Louse","floor":8,"turns":2},{"damage":0,"enemies":"3 Sentries","floor":10,"turns":5},{"damage":0,"enemies":"Exordium Wildlife","floor":14,"turns":4},{"damage":52,"enemies":"Hexaghost","floor":16,"turns":16}],"seed_played":"-1464894817073292851","potions_obtained":[{"floor":1,"key":"AttackPotion"},{"floor":6,"key":"SpeedPotion"},{"floor":8,"key":"EssenceOfSteel"},{"floor":10,"key":"Dexterity Potion"}],"is_trial":false,"path_per_floor":["M","?","?","M","M","E","R","M","T","?","T","?","$","M","R","B"],"character_chosen":"DEFECT","items_purchased":["Glacier","Eternal Feather","Loop"],"campfire_rested":2,"item_purchase_floors":[13,13,13],"current_hp_per_floor":[70,63,45,37,37,16,38,32,32,32,32,21,21,21,52,0],"gold":20,"neow_bonus":"ONE_RARE_RELIC","is_prod":false,"is_daily":false,"chose_seed":false,"campfire_upgraded":0,"win_rate":0.0,"timestamp":1570834674,"path_taken":["M","?","?","M","M","E","R","M","T","?","?","?","$","M","R","BOSS"],"build_version":"2019-09-09v2","purchased_purges":0,"victory":false,"max_hp_per_floor":[75,75,75,75,75,75,75,75,75,75,75,75,75,75,75,75],"card_choices":[{"not_picked":["Sweeping Beam","Beam Cell"],"picked":"Conserve Battery","floor":1},{"not_picked":["Barrage","Cold Snap"],"picked":"Redo","floor":4},{"not_picked":["Barrage","Sweeping Beam"],"picked":"Biased Cognition","floor":5},{"not_picked":["Auto Shields","Coolheaded"],"picked":"Seek","floor":6},{"not_picked":["Stack","Beam Cell"],"picked":"Ball Lightning","floor":8},{"not_picked":["Stack","Aggregate"],"picked":"Biased Cognition","floor":10},{"not_picked":["Turbo","Redo"],"picked":"Chill","floor":14}],"player_experience":117277,"relics_obtained":[{"floor":6,"key":"TungstenRod"},{"floor":9,"key":"Tiny Chest"},{"floor":10,"key":"Orichalcum"},{"floor":11,"key":"Bottled Tornado"}],"event_choices":[{"cards_removed":["Doubt"],"damage_healed":0,"gold_gain":0,"player_choice":"Card Removal","damage_taken":7,"max_hp_gain":0,"max_hp_loss":0,"event_name":"Golden Wing","floor":2,"gold_loss":0},{"damage_healed":0,"gold_gain":0,"player_choice":"Take Damage","damage_taken":18,"relics_obtained":["Golden Idol"],"max_hp_gain":0,"max_hp_loss":0,"event_name":"Golden Idol","floor":3,"gold_loss":0},{"damage_healed":0,"gold_gain":0,"player_choice":"Searched \u00271\u0027 times","damage_taken":0,"max_hp_gain":0,"max_hp_loss":0,"event_name":"Dead Adventurer","floor":10,"gold_loss":0},{"damage_healed":0,"gold_gain":75,"player_choice":"Gather Gold","damage_taken":11,"max_hp_gain":0,"max_hp_loss":0,"event_name":"World of Goop","floor":12,"gold_loss":0}],"is_beta":true,"boss_relics":[],"items_purged_floors":[],"is_endless":false,"potions_floor_spawned":[1,6,8,10],"killed_by":"Hexaghost","ascension_level":0}