{"gold_per_floor":[117,21,21,21,39,73,92,17,43,70,70,245,245,258,258,357,357,357,357,357,357,357,357,357,357,357,357,357,357,357,357,357,357,357,357,357,357,357,207,207,207,207,207,207,207,207,207,207,207,207],"floor_reached":51,"playtime":3284,"items_purged":["Doubt"],"score":1087,"play_id":"0103169b-d04b-4c7c-b111-adbb53f8a130","local_time":"20190728150711","is_ascension_mode":true,"campfire_choices":[{"data":"Footwork","floor":11,"key":"SMITH"},{"data":"Dodge and Roll","floor":13,"key":"SMITH"},{"data":"Dodge and Roll","floor":15,"key":"SMITH"},{"floor":24,"key":"REST"},{"floor":27,"key":"REST"},{"data":"Noxious Fumes","floor":29,"key":"SMITH"},{"data":"Wraith Form v2","floor":32,"key":"SMITH"},{"floor":40,"key":"REST"},{"floor":42,"key":"REST"},{"data":"Footwork","floor":44,"key":"SMITH"},{"floor":49,"key":"REST"}],"neow_cost":"NONE","seed_source_timestamp":1197133923991389,"circlet_count":0,"master_deck":["AscendersBane","Strike_G","Strike_G","Strike_G","Strike_G","Strike_G","Defend_G","Defend_G","Defend_G","Defend_G","Defend_G","Survivor","Neutralize+1","Dodge and Roll+1","Dodge and Roll+1","Footwork+1","Cloak And Dagger","Noxious Fumes+1","Noxious Fumes+1","Backflip","Adrenaline","Acrobatics","Backflip","Wraith Form v2+1","Corpse Explosion","Footwork+1","Dodge and Roll","PiercingWail+1","Leg Sweep","Escape Plan+1","Adrenaline","Parasite"],"relics":["Ring of the Snake","Paper Crane","Oddly Smooth Stone","Bronze Scales","Odd Mushroom","Ectoplasm","Red Mask","Boot","Mummified Hand","PreservedInsect","Sozu","Centennial Puzzle"],"potions_floor_usage":[6,6,6,16,23,23,50],"damage_taken":[{"damage":0,"enemies":"2 Louse","floor":1,"turns":6},{"damage":0,"enemies":"Jaw Worm","floor":5,"turns":7},{"damage":15,"enemies":"Gremlin Nob","floor":6,"turns":9},{"damage":0,"enemies":"Cultist","floor":7,"turns":6},{"damage":0,"enemies":"The Mushroom Lair","floor":10,"turns":6},{"damage":1,"enemies":"Red Slaver","floor":14,"turns":5},{"damage":28,"enemies":"Slime Boss","floor":16,"turns":15},{"damage":0,"enemies":"Spheric Guardian","floor":18,"turns":7},{"damage":32,"enemies":"Masked Bandits","floor":19,"turns":6},{"damage":0,"enemies":"3 Byrds","floor":20,"turns":3},{"damage":11,"enemies":"Slavers","floor":23,"turns":6},{"damage":3,"enemies":"Centurion and Healer","floor":25,"turns":9},{"damage":13,"enemies":"Snecko","floor":28,"turns":8},{"damage":0,"enemies":"Gremlin Leader","floor":30,"turns":7},{"damage":0,"enemies":"Snake Plant","floor":31,"turns":5},{"damage":21,"enemies":"Champ","floor":33,"turns":21},{"damage":21,"enemies":"3 Darklings","floor":35,"turns":4},{"damage":11,"enemies":"Orb Walker","floor":36,"turns":5},{"damage":0,"enemies":"Transient","floor":37,"turns":5},{"damage":15,"enemies":"Spire Growth","floor":38,"turns":8},{"damage":0,"enemies":"4 Shapes","floor":41,"turns":4},{"damage":5,"enemies":"Transient","floor":46,"turns":5},{"damage":3,"enemies":"Writhing Mass","floor":47,"turns":8},{"damage":6,"enemies":"Maw","floor":48,"turns":9},{"damage":4,"enemies":"Awakened One","floor":50,"turns":20}],"seed_played":"-5958880423675601965","potions_obtained":[{"floor":5,"key":"EssenceOfSteel"},{"floor":6,"key":"Fruit Juice"},{"floor":14,"key":"Block Potion"},{"floor":16,"key":"FearPotion"},{"floor":19,"key":"Explosive Potion"},{"floor":20,"key":"Explosive Potion"},{"floor":23,"key":"SpeedPotion"}],"is_trial":false,"path_per_floor":["M","$","?","T","M","E","M","$","T","?","R","?","R","M","R","B",null,"M","?","M","?","?","E","R","M","T","R","M","R","E","M","R","B",null,"M","M","M","M","$","R","M","R","T","R","?","M","M","M","R","B",null],"character_chosen":"THE_SILENT","items_purchased":["Dodge and Roll","EssenceOfSteel","Noxious Fumes","Leg Sweep"],"campfire_rested":5,"item_purchase_floors":[2,2,8,39],"current_hp_per_floor":[70,70,70,70,70,60,60,60,60,60,60,60,60,59,59,31,69,69,37,37,37,37,26,50,47,47,71,58,58,58,58,58,37,71,50,39,39,24,24,48,48,72,72,72,72,67,64,58,82,78],"gold":207,"neow_bonus":"TEN_PERCENT_HP_BONUS","is_prod":false,"is_daily":false,"chose_seed":false,"campfire_upgraded":6,"win_rate":0,"timestamp":1564351631,"path_taken":["M","$","?","?","M","E","?","?","T","?","R","?","R","M","R","BOSS","M","?","M","?","?","E","R","?","T","R","M","R","E","M","R","BOSS","M","M","M","M","$","R","M","R","T","R","?","M","?","M","R","BOSS"],"build_version":"2019-07-17","purchased_purges":1,"victory":true,"max_hp_per_floor":[77,77,77,77,77,82,82,82,82,82,82,82,82,82,82,82,82,82,82,82,82,82,82,82,82,82,82,82,82,82,82,82,82,82,82,82,82,82,82,82,82,82,82,82,82,82,82,82,82,82],"card_choices":[{"not_picked":["Deflect","Sucker Punch"],"picked":"Dodge and Roll","floor":1},{"not_picked":["Sucker Punch","Leg Sweep"],"picked":"Footwork","floor":5},{"not_picked":["Burst","Sucker Punch","Reflex"],"picked":"SKIP","floor":6},{"not_picked":["Blade Dance","PiercingWail"],"picked":"Cloak And Dagger","floor":7},{"not_picked":["Quick Slash","Prepared"],"picked":"Noxious Fumes","floor":10},{"not_picked":["Flechettes","Terror"],"picked":"Backflip","floor":14},{"not_picked":["Die Die Die","Storm of Steel"],"picked":"Adrenaline","floor":16},{"not_picked":["Bane","Deadly Poison","Backstab"],"picked":"SKIP","floor":18},{"not_picked":["Bane","Deadly Poison"],"picked":"Acrobatics","floor":20},{"not_picked":["Quick Slash","Prepared","Concentrate"],"picked":"SKIP","floor":23},{"not_picked":["Bouncing Flask","PiercingWail"],"picked":"Backflip","floor":25},{"not_picked":["Deadly Poison","Finisher","Slice"],"picked":"SKIP","floor":28},{"not_picked":["Cloak And Dagger","Flying Knee"],"picked":"Wraith Form v2","floor":30},{"not_picked":["Masterful Stab","Well Laid Plans","Choke"],"picked":"SKIP","floor":31},{"not_picked":["A Thousand Cuts","Malaise"],"picked":"Corpse Explosion","floor":33},{"not_picked":["Flying Knee","Quick Slash+1","PiercingWail"],"picked":"SKIP","floor":35},{"not_picked":["Caltrops+1","Poisoned Stab"],"picked":"Footwork","floor":36},{"not_picked":["Expertise","Flying Knee+1"],"picked":"Dodge and Roll","floor":37},{"not_picked":["Tactician","Distraction"],"picked":"PiercingWail+1","floor":38},{"not_picked":["Flying Knee","Noxious Fumes"],"picked":"Escape Plan+1","floor":41},{"not_picked":["Riddle With Holes","Dagger Throw"],"picked":"Adrenaline","floor":46},{"not_picked":["Calculated Gamble","Underhanded Strike","Poisoned Stab"],"picked":"SKIP","floor":47},{"not_picked":["Deadly Poison","Dagger Spray+1","Skewer"],"picked":"SKIP","floor":48}],"player_experience":137019,"relics_obtained":[{"floor":4,"key":"Paper Crane"},{"floor":6,"key":"Oddly Smooth Stone"},{"floor":9,"key":"Bronze Scales"},{"floor":10,"key":"Odd Mushroom"},{"floor":19,"key":"Red Mask"},{"floor":23,"key":"Boot"},{"floor":26,"key":"Mummified Hand"},{"floor":30,"key":"PreservedInsect"},{"floor":43,"key":"Centennial Puzzle"}],"event_choices":[{"damage_healed":0,"gold_gain":0,"player_choice":"Grow","damage_taken":0,"max_hp_gain":0,"max_hp_loss":0,"event_name":"Living Wall","floor":3,"gold_loss":0,"cards_upgraded":["Neutralize"]},{"damage_healed":0,"gold_gain":0,"player_choice":"Fought Mushrooms","damage_taken":0,"max_hp_gain":0,"max_hp_loss":0,"event_name":"Mushrooms","floor":10,"gold_loss":0},{"damage_healed":0,"gold_gain":175,"player_choice":"AGREE","damage_taken":0,"max_hp_gain":0,"max_hp_loss":0,"event_name":"Liars Game","floor":12,"gold_loss":0,"cards_obtained":["Doubt"]},{"damage_healed":0,"gold_gain":0,"player_choice":"Fought Bandits","damage_taken":0,"max_hp_gain":0,"max_hp_loss":0,"event_name":"Masked Bandits","floor":19,"gold_loss":0},{"damage_healed":0,"gold_gain":0,"player_choice":"Ignored","damage_taken":0,"max_hp_gain":0,"max_hp_loss":0,"event_name":"Cursed Tome","floor":21,"gold_loss":0},{"damage_healed":0,"gold_gain":0,"player_choice":"Bought 0 Potions","damage_taken":0,"max_hp_gain":0,"max_hp_loss":0,"event_name":"The Woman in Blue","floor":22,"gold_loss":0},{"damage_healed":0,"gold_gain":0,"player_choice":"Upgraded","damage_taken":0,"max_hp_gain":0,"max_hp_loss":0,"event_name":"Upgrade Shrine","floor":45,"gold_loss":0,"cards_upgraded":["Noxious Fumes"]}],"is_beta":false,"boss_relics":[{"not_picked":["HoveringKite","Astrolabe"],"picked":"Ectoplasm"},{"not_picked":["Coffee Dripper","Cursed Key"],"picked":"Sozu"}],"items_purged_floors":[39],"is_endless":false,"potions_floor_spawned":[5,6,14,16,19,20,23,36,38,48],"ascension_level":12}