{"gold_per_floor":[114,163,183,183,183,183,208,223,248,248,292,308,324,38,38,132,132,151,151,176,195,195,195,195,231,310,335,370,370,66,66,66,66],"floor_reached":33,"playtime":1433,"items_purged":["Strike_R","Strike_R+1"],"score":485,"play_id":"f41d4336-1b7f-415b-b2a5-44dde814b465","local_time":"20190913210500","is_ascension_mode":true,"campfire_choices":[{"data":"Headbutt","floor":6,"key":"SMITH"},{"data":"Iron Wave","floor":10,"key":"SMITH"},{"data":"Flame Barrier","floor":15,"key":"SMITH"},{"data":"RitualDagger","floor":23,"key":"SMITH"},{"data":"Whirlwind","floor":29,"key":"SMITH"},{"floor":32,"key":"REST"}],"neow_cost":"NONE","seed_source_timestamp":470255651245610,"circlet_count":0,"master_deck":["AscendersBane","Strike_R+1","Strike_R+1","Strike_R+1","Defend_R+1","Defend_R+1","Defend_R+1","Defend_R+1","Bash+1","Headbutt+1","Battle Trance","Iron Wave+1","Pommel Strike","Bludgeon","Flame Barrier+1","Reaper","RitualDagger+1","Whirlwind+1","Sentinel+1"],"relics":["Burning Blood","Juzu Bracelet","Golden Idol","Smiling Mask","Regal Pillow","Lee\u0027s Waffle","Busted Crown","PreservedInsect","Kunai","Anchor","Sundial"],"potions_floor_usage":[11,12,25,33],"damage_taken":[{"damage":1,"enemies":"Cultist","floor":1,"turns":3},{"damage":3,"enemies":"Small Slimes","floor":3,"turns":4},{"damage":12,"enemies":"Jaw Worm","floor":7,"turns":3},{"damage":0,"enemies":"Blue Slaver","floor":8,"turns":4},{"damage":17,"enemies":"Lagavulin","floor":11,"turns":5},{"damage":3,"enemies":"Looter","floor":12,"turns":3},{"damage":8,"enemies":"Exordium Wildlife","floor":13,"turns":5},{"damage":36,"enemies":"The Guardian","floor":16,"turns":17},{"damage":10,"enemies":"Spheric Guardian","floor":18,"turns":5},{"damage":0,"enemies":"3 Byrds","floor":20,"turns":3},{"damage":30,"enemies":"Cultist and Chosen","floor":21,"turns":6},{"damage":50,"enemies":"Gremlin Leader","floor":25,"turns":7},{"damage":22,"enemies":"Snake Plant","floor":27,"turns":5},{"damage":29,"enemies":"Book of Stabbing","floor":28,"turns":4},{"damage":72,"enemies":"Collector","floor":33,"turns":7}],"seed_played":"-4208654171616765701","potions_obtained":[{"floor":7,"key":"SteroidPotion"},{"floor":8,"key":"FearPotion"},{"floor":11,"key":"FairyPotion"},{"floor":16,"key":"BloodPotion"},{"floor":27,"key":"Explosive Potion"},{"floor":28,"key":"Ancient Potion"}],"is_trial":false,"path_per_floor":["M","T","M","?","?","R","M","M","T","R","E","M","M","$","R","B",null,"M","?","M","M","?","R","?","E","T","M","E","R","$","?","R","B"],"character_chosen":"IRONCLAD","items_purchased":["Flame Barrier","Lee\u0027s Waffle","Sundial"],"campfire_rested":1,"item_purchase_floors":[14,14,30],"current_hp_per_floor":[73,73,75,60,42,42,36,42,42,42,31,34,32,82,82,52,75,71,65,77,59,82,82,82,58,58,45,22,22,22,22,61,0],"gold":66,"neow_bonus":"UPGRADE_CARD","is_prod":false,"is_daily":false,"chose_seed":false,"campfire_upgraded":5,"win_rate":0,"timestamp":1568433900,"path_taken":["M","?","M","?","?","R","M","M","T","R","E","M","M","?","R","BOSS","M","?","M","M","?","R","?","E","T","M","E","R","?","?","R","BOSS"],"build_version":"2019-07-17","purchased_purges":2,"victory":false,"max_hp_per_floor":[75,75,75,75,75,75,75,75,75,75,75,75,75,82,82,82,82,82,82,82,82,82,82,82,82,82,82,82,82,82,82,82,82],"card_choices":[{"not_picked":["Evolve","Rage"],"picked":"Headbutt","floor":1},{"not_picked":["Headbutt","True Grit"],"picked":"Battle Trance","floor":3},{"not_picked":["Reckless Charge","Searing Blow"],"picked":"Iron Wave","floor":7},{"not_picked":["Feel No Pain","Headbutt"],"picked":"Pommel Strike","floor":8},{"not_picked":["Havoc","Feel No Pain","Twin Strike"],"picked":"SKIP","floor":11},{"not_picked":["Clash","Havoc","Anger"],"picked":"SKIP","floor":12},{"not_picked":["True Grit","Twin Strike"],"picked":"Bludgeon","floor":13},{"not_picked":["Double Tap","Fiend Fire"],"picked":"Reaper","floor":16},{"not_picked":["Headbutt+1"],"picked":"SKIP","floor":18},{"not_picked":["Body Slam"],"picked":"SKIP","floor":20},{"not_picked":["Warcry"],"picked":"SKIP","floor":21},{"not_picked":["Burning Pact"],"picked":"SKIP","floor":25},{"not_picked":[],"picked":"Whirlwind","floor":27},{"not_picked":[],"picked":"Sentinel+1","floor":28}],"player_experience":311451,"relics_obtained":[{"floor":2,"key":"Juzu Bracelet"},{"floor":9,"key":"Smiling Mask"},{"floor":11,"key":"Regal Pillow"},{"floor":25,"key":"PreservedInsect"},{"floor":26,"key":"Kunai"},{"floor":28,"key":"Anchor"}],"event_choices":[{"damage_healed":0,"gold_gain":0,"player_choice":"Entered Light","damage_taken":15,"max_hp_gain":0,"max_hp_loss":0,"event_name":"Shining Light","floor":4,"gold_loss":0,"cards_upgraded":["Defend_R","Defend_R"]},{"damage_healed":0,"gold_gain":0,"player_choice":"Take Damage","damage_taken":18,"relics_obtained":["Golden Idol"],"max_hp_gain":0,"max_hp_loss":0,"event_name":"Golden Idol","floor":5,"gold_loss":0},{"damage_healed":0,"gold_gain":0,"player_choice":"Joined the Cult","damage_taken":6,"max_hp_gain":0,"max_hp_loss":0,"event_name":"Nest","floor":19,"gold_loss":0,"cards_obtained":["RitualDagger"]},{"damage_healed":27,"gold_gain":0,"player_choice":"Heal","damage_taken":0,"max_hp_gain":0,"max_hp_loss":0,"event_name":"The Library","floor":22,"gold_loss":0},{"damage_healed":0,"gold_gain":0,"player_choice":"Simplicity","damage_taken":0,"max_hp_gain":0,"max_hp_loss":0,"event_name":"Back to Basics","floor":24,"gold_loss":0,"cards_upgraded":["Strike_R","Strike_R","Strike_R","Strike_R","Defend_R","Defend_R"]},{"damage_healed":0,"gold_gain":0,"player_choice":"Ignored","damage_taken":0,"max_hp_gain":0,"max_hp_loss":0,"event_name":"Ghosts","floor":31,"gold_loss":0}],"is_beta":false,"boss_relics":[{"not_picked":["Runic Cube","Sozu"],"picked":"Busted Crown"}],"items_purged_floors":[14,30],"is_endless":false,"potions_floor_spawned":[7,8,11,16,27,28],"killed_by":"Collector","ascension_level":14}