{"gold_per_floor":[19,30,46,66,81,81,112,132,132,132,151,151,186,201,201,274,274,292,312,329,329,176,176,9,40,40,40,57,57,57,86,86,157,157,172,190,17,17,0,0,31,31,31,56,76,32,32],"floor_reached":47,"playtime":2163,"items_purged":["Strike_R"],"score":1120,"play_id":"352578b8-0a19-4697-b9c0-bd1808d0adc0","local_time":"20191015095951","is_ascension_mode":true,"campfire_choices":[{"data":"Uppercut","floor":6.0,"key":"SMITH"},{"data":"Spot Weakness","floor":10.0,"key":"SMITH"},{"floor":15.0,"key":"REST"},{"floor":23,"key":"REST"},{"floor":29,"key":"REST"},{"floor":32,"key":"REST"},{"floor":40,"key":"REST"},{"floor":42,"key":"REST"}],"neow_cost":"NO_GOLD","seed_source_timestamp":0,"circlet_count":0,"master_deck":["AscendersBane","Strike_R","Strike_R","Defend_R","Defend_R","Defend_R","Defend_R","Bash","Offering","Double Tap","Uppercut+1","Spot Weakness+1","Sword Boomerang","Headbutt","Armaments","Shrug It Off","Disarm","Pummel","Feel No Pain","Fiend Fire","Spot Weakness","Dark Embrace","Spot Weakness+1","Offering","Immolate","Heavy Blade","Power Through"],"special_seed":0,"relics":["Burning Blood","Ginger","HornCleat","MealTicket","Fusion Hammer","Sling","Orichalcum","Pear","Nloth\u0027s Gift","Art of War","Sozu","Red Mask","Frozen Egg 2","FossilizedHelix","Lantern"],"potions_floor_usage":[33,33],"damage_taken":[{"damage":6.0,"enemies":"2 Louse","floor":1.0,"turns":3.0},{"damage":6.0,"enemies":"Cultist","floor":2.0,"turns":2.0},{"damage":10.0,"enemies":"Small Slimes","floor":3.0,"turns":3.0},{"damage":18.0,"enemies":"Exordium Wildlife","floor":4.0,"turns":5.0},{"damage":34.0,"enemies":"Lots of Slimes","floor":5.0,"turns":7.0},{"damage":6.0,"enemies":"Gremlin Nob","floor":7.0,"turns":3.0},{"damage":6.0,"enemies":"Blue Slaver","floor":8.0,"turns":3.0},{"damage":2.0,"enemies":"3 Louse","floor":11.0,"turns":2.0},{"damage":21.0,"enemies":"3 Sentries","floor":13.0,"turns":5.0},{"damage":18.0,"enemies":"Exordium Wildlife","floor":14.0,"turns":3.0},{"damage":14.0,"enemies":"Hexaghost","floor":16.0,"turns":7.0},{"damage":6,"enemies":"Chosen","floor":18,"turns":3},{"damage":6,"enemies":"Shell Parasite","floor":19,"turns":3},{"damage":24,"enemies":"Snake Plant","floor":20,"turns":2},{"damage":20,"enemies":"Slavers","floor":25,"turns":5},{"damage":19,"enemies":"Centurion and Healer","floor":28,"turns":6},{"damage":27,"enemies":"Book of Stabbing","floor":31,"turns":5},{"damage":70,"enemies":"Automaton","floor":33,"turns":7},{"damage":50,"enemies":"3 Darklings","floor":35,"turns":6},{"damage":6,"enemies":"Orb Walker","floor":36,"turns":2},{"damage":22,"enemies":"Nemesis","floor":41,"turns":5},{"damage":6,"enemies":"Giant Head","floor":44,"turns":3},{"damage":33,"enemies":"4 Shapes","floor":45,"turns":4},{"damage":69,"enemies":"Nemesis","floor":47,"turns":9}],"seed_played":"-5975066218836365002","potions_obtained":[{"floor":1.0,"key":"SkillPotion"},{"floor":4.0,"key":"PowerPotion"},{"floor":5.0,"key":"Regen Potion"},{"floor":7.0,"key":"SneckoOil"},{"floor":11.0,"key":"LiquidBronze"},{"floor":16.0,"key":"DuplicationPotion"},{"floor":20,"key":"Weak Potion"},{"floor":31,"key":"PowerPotion"}],"is_trial":false,"path_per_floor":["M","M","M","M","M","R","E","M","T","R","M","?","E","M","R","B",null,"M","M","M","?","$","R","$","E","T","?","M","R","?","E","R","B",null,"M","M","$","?","?","R","E","R","T","E","M","$","E"],"character_chosen":"IRONCLAD","items_purchased":["Feel No Pain","Sling","Offering","Power Through"],"campfire_rested":6,"item_purchase_floors":[22,24,37,46],"current_hp_per_floor":[68,68,64,52,24,24,33,33,33,33,37,37,22,10,32,24,62,62,62,44,44,59,75,75,61,71,71,58,83,83,62,85,21,69,25,25,40,40,40,65,49,74,74,74,47,62,0],"gold":32,"neow_bonus":"TRANSFORM_TWO_CARDS","is_prod":false,"is_daily":false,"chose_seed":false,"campfire_upgraded":2,"win_rate":0,"timestamp":1571158791,"path_taken":["M","M","M","M","M","R","E","M","T","R","M","?","E","M","R","BOSS","M","?","?","?","?","R","$","E","T","?","M","R","?","E","R","BOSS","M","?","$","?","?","R","E","R","T","E","M","$","E"],"build_version":"2019-10-14","purchased_purges":1,"victory":false,"max_hp_per_floor":[75,75,75,75,75,75,75,75,75,75,75,75,75,75,75,75,75,75,75,75,75,75,75,75,75,85,85,85,85,85,85,85,85,85,85,85,85,85,85,85,85,85,85,85,85,85,85],"card_choices":[{"not_picked":["Evolve","Infernal Blade"],"picked":"Uppercut","floor":1.0},{"not_picked":["Blood for Blood","Sever Soul","Fire Breathing"],"picked":"SKIP","floor":2.0},{"not_picked":["Shrug It Off","True Grit"],"picked":"Spot Weakness","floor":3.0},{"not_picked":["Twin Strike","Havoc","Flex"],"picked":"SKIP","floor":4.0},{"not_picked":["Seeing Red","Pummel"],"picked":"Sword Boomerang","floor":5.0},{"not_picked":["Seeing Red","Blood for Blood","Shockwave"],"picked":"SKIP","floor":7.0},{"not_picked":["Perfected Strike","Cleave"],"picked":"Headbutt","floor":8.0},{"not_picked":["Clash","Intimidate","Anger"],"picked":"SKIP","floor":11.0},{"not_picked":["Dark Embrace","Wild Strike"],"picked":"Armaments","floor":13.0},{"not_picked":["Wild Strike","Iron Wave"],"picked":"Shrug It Off","floor":14.0},{"not_picked":["Sword Boomerang","Body Slam"],"picked":"Disarm","floor":18},{"not_picked":["Body Slam","Second Wind"],"picked":"Pummel","floor":19},{"not_picked":["Cleave","Clothesline","Wild Strike"],"picked":"SKIP","floor":20},{"not_picked":["Hemokinesis+1","Thunderclap","Shockwave"],"picked":"SKIP","floor":25},{"not_picked":["Armaments","Spot Weakness"],"picked":"Fiend Fire","floor":28},{"not_picked":["Ghostly Armor","Cleave"],"picked":"Spot Weakness","floor":31},{"not_picked":["Offering","Double Tap"],"picked":"Dark Embrace","floor":33},{"not_picked":["Cleave+1","Sword Boomerang","Twin Strike"],"picked":"SKIP","floor":35},{"not_picked":["Berserk","Iron Wave"],"picked":"Spot Weakness+1","floor":36},{"not_picked":["Fiend Fire","Twin Strike"],"picked":"Immolate","floor":41},{"not_picked":["Sever Soul","Infernal Blade","Rampage"],"picked":"SKIP","floor":44},{"not_picked":["Havoc","Rupture+1"],"picked":"Heavy Blade","floor":45}],"player_experience":1576762,"relics_obtained":[{"floor":7.0,"key":"Ginger"},{"floor":9.0,"key":"HornCleat"},{"floor":13.0,"key":"MealTicket"},{"floor":25,"key":"Orichalcum"},{"floor":26,"key":"Pear"},{"floor":31,"key":"Art of War"},{"floor":41,"key":"Frozen Egg 2"},{"floor":43,"key":"FossilizedHelix"},{"floor":44,"key":"Lantern"}],"event_choices":[{"damage_healed":0.0,"max_hp_gain":0.0,"max_hp_loss":0.0,"gold_gain":0.0,"event_name":"Lab","player_choice":"Got Potions","floor":12.0,"gold_loss":0.0,"damage_taken":0.0},{"damage_healed":0,"gold_gain":0,"player_choice":"Gave Potion","damage_taken":0,"relics_obtained":["StrikeDummy"],"max_hp_gain":0,"max_hp_loss":0,"event_name":"WeMeetAgain","floor":21,"gold_loss":0},{"damage_healed":0,"gold_gain":0,"player_choice":"Ignored","damage_taken":0,"max_hp_gain":0,"max_hp_loss":0,"event_name":"Ghosts","floor":27,"gold_loss":0},{"damage_healed":0,"gold_gain":0,"player_choice":"Traded Relic","damage_taken":0,"relics_obtained":["Nloth\u0027s Gift"],"max_hp_gain":0,"max_hp_loss":0,"event_name":"N\u0027loth","floor":30,"relics_lost":["StrikeDummy"],"gold_loss":0},{"damage_healed":0,"gold_gain":0,"player_choice":"Ignored","damage_taken":0,"max_hp_gain":0,"max_hp_loss":0,"event_name":"The Moai Head","floor":38,"gold_loss":0},{"damage_healed":0,"gold_gain":0,"player_choice":"Paid","damage_taken":0,"relics_obtained":["Red Mask"],"max_hp_gain":0,"max_hp_loss":0,"event_name":"Tomb of Lord Red Mask","floor":39,"gold_loss":17}],"is_beta":true,"boss_relics":[{"not_picked":["Runic Dome","Empty Cage"],"picked":"Fusion Hammer"},{"not_picked":["Black Blood","Mark of Pain"],"picked":"Sozu"}],"items_purged_floors":[22],"is_endless":false,"potions_floor_spawned":[1,4,5,7,11,16,20,31,36,45],"killed_by":"Nemesis","ascension_level":20}