{"gold_per_floor":[115,190,190,200,165,196,196,212,212,19,48,60,91,110,110,208,208,228,84,84,95,115,149,149,80,110,110,143,143,143,161,161,263,263,277,277,301,318,333,358,387,399,437,201,254,289,62,78,78,78],"floor_reached":51,"playtime":3801,"items_purged":["Strike_B"],"score":1183,"play_id":"f84b506b-b918-4623-b9fb-142d3b931437","local_time":"20191019050451","is_ascension_mode":true,"campfire_choices":[{"floor":7,"key":"REST"},{"floor":15,"key":"REST"},{"data":"Zap","floor":24,"key":"SMITH"},{"floor":29,"key":"REST"},{"data":"Dualcast","floor":32,"key":"SMITH"},{"data":"Go for the Eyes","floor":42,"key":"SMITH"},{"floor":49,"key":"REST"}],"neow_cost":"NONE","seed_source_timestamp":704503069246100,"circlet_count":0,"master_deck":["AscendersBane","Defend_B","Defend_B","Defend_B","Defend_B","Zap+1","Dualcast+1","Thunder Strike","Compile Driver","BootSequence","Machine Learning","Glacier","Leap","Go for the Eyes+1","Ball Lightning","Seek","Rip and Tear","Biased Cognition","Self Repair+1","Static Discharge+1","Creative AI+1","Stack+1","Streamline+1","Genetic Algorithm+1","Echo Form","Force Field","Biased Cognition","Electrodynamics","Ball Lightning","Loop","Defragment+1","Stack+1","Echo Form"],"relics":["Cracked Core","Turnip","FossilizedHelix","Bronze Scales","Pantograph","Potion Belt","Astrolabe","Happy Flower","Kunai","Tiny Chest","Calipers","MutagenicStrength","Philosopher\u0027s Stone","Blood Vial","MawBank","Pen Nib","Letter Opener","Du-Vu Doll","Juzu Bracelet"],"potions_floor_usage":[13,16,20,21,23,28,33,33,33,48,48,50],"damage_taken":[{"damage":1,"enemies":"2 Louse","floor":1,"turns":2},{"damage":10,"enemies":"Small Slimes","floor":4,"turns":3},{"damage":45,"enemies":"3 Sentries","floor":6,"turns":8},{"damage":0,"enemies":"Jaw Worm","floor":8,"turns":3},{"damage":10,"enemies":"Lagavulin","floor":11,"turns":11},{"damage":7,"enemies":"3 Louse","floor":12,"turns":2},{"damage":3,"enemies":"3 Sentries","floor":13,"turns":7},{"damage":0,"enemies":"Red Slaver","floor":14,"turns":2},{"damage":0,"enemies":"Slime Boss","floor":16,"turns":9},{"damage":14,"enemies":"2 Thieves","floor":18,"turns":3},{"damage":0,"enemies":"Spheric Guardian","floor":21,"turns":5},{"damage":10,"enemies":"Cultist and Chosen","floor":22,"turns":4},{"damage":30,"enemies":"Gremlin Leader","floor":23,"turns":5},{"damage":31,"enemies":"Book of Stabbing","floor":28,"turns":5},{"damage":0,"enemies":"Snake Plant","floor":31,"turns":5},{"damage":4,"enemies":"Automaton","floor":33,"turns":12},{"damage":0,"enemies":"Orb Walker","floor":35,"turns":5},{"damage":0,"enemies":"3 Shapes","floor":38,"turns":2},{"damage":0,"enemies":"Spire Growth","floor":39,"turns":5},{"damage":18,"enemies":"Nemesis","floor":40,"turns":7},{"damage":8,"enemies":"Writhing Mass","floor":41,"turns":4},{"damage":0,"enemies":"2 Orb Walkers","floor":45,"turns":4},{"damage":84,"enemies":"Giant Head","floor":46,"turns":7},{"damage":25,"enemies":"Sphere and 2 Shapes","floor":48,"turns":8},{"damage":36,"enemies":"Donu and Deca","floor":50,"turns":7}],"seed_played":"8865772945391357863","potions_obtained":[{"floor":6,"key":"Strength Potion"},{"floor":11,"key":"AttackPotion"},{"floor":14,"key":"LiquidBronze"},{"floor":16,"key":"Dexterity Potion"},{"floor":20,"key":"Fruit Juice"},{"floor":20,"key":"FairyPotion"},{"floor":20,"key":"AttackPotion"},{"floor":23,"key":"SneckoOil"},{"floor":28,"key":"SkillPotion"},{"floor":31,"key":"SpeedPotion"},{"floor":40,"key":"Energy Potion"},{"floor":45,"key":"Regen Potion"},{"floor":46,"key":"Fire Potion"}],"is_trial":false,"path_per_floor":["M","?","?","M","?","E","R","M","T","$","E","M","E","M","R","B",null,"M","$","?","M","M","E","R","$","T","$","E","R","?","M","R","B",null,"M","?","T","M","M","E","M","R","T","$","?","E","$","M","R","B",null],"character_chosen":"DEFECT","items_purchased":["Bronze Scales","Leap","Happy Flower","Echo Form","Letter Opener","Echo Form","GamblersBrew"],"campfire_rested":4,"item_purchase_floors":[10,10,19,25,44,47,47],"current_hp_per_floor":[67,56,61,51,71,26,50,50,50,50,40,33,30,30,54,79,80,66,66,71,81,81,61,61,61,61,61,40,65,65,85,85,85,85,85,85,85,85,85,77,71,71,71,71,83,1,1,24,49,40],"gold":78,"neow_bonus":"ONE_RANDOM_RARE_CARD","is_prod":false,"is_daily":false,"chose_seed":false,"campfire_upgraded":3,"win_rate":0,"timestamp":1571454291,"path_taken":["M","?","?","M","?","E","R","M","T","$","E","M","E","?","R","BOSS","M","$","?","M","?","E","R","?","T","$","E","R","?","M","R","BOSS","M","?","?","?","M","E","M","R","T","?","?","E","$","M","R","BOSS"],"build_version":"2019-07-17","purchased_purges":1,"victory":true,"max_hp_per_floor":[75,75,80,80,80,80,80,80,80,80,80,80,80,80,80,80,80,80,80,85,85,85,85,85,85,85,85,85,85,85,85,85,85,85,85,85,85,85,85,85,85,85,85,85,85,85,85,85,85,85],"card_choices":[{"not_picked":["Sweeping Beam","Coolheaded"],"picked":"Compile Driver","floor":1},{"not_picked":["Turbo","Stack"],"picked":"BootSequence","floor":4},{"not_picked":["Beam Cell","Go for the Eyes"],"picked":"Machine Learning","floor":6},{"not_picked":["Steam","Hologram"],"picked":"Glacier","floor":8},{"not_picked":["Sweeping Beam","Streamline"],"picked":"Go for the Eyes","floor":11},{"not_picked":["Hologram","Heatsinks"],"picked":"Ball Lightning","floor":12},{"not_picked":["Sweeping Beam","Gash"],"picked":"Seek","floor":13},{"not_picked":["Force Field","Barrage"],"picked":"Rip and Tear","floor":14},{"not_picked":["Buffer","All For One"],"picked":"Biased Cognition","floor":16},{"not_picked":["Rebound+1","Loop"],"picked":"Stack+1","floor":18},{"not_picked":["Recycle","Stack"],"picked":"Streamline+1","floor":21},{"not_picked":["Turbo","Steam Power","Lockon"],"picked":"SKIP","floor":22},{"not_picked":["Auto Shields","Stack+1"],"picked":"Genetic Algorithm+1","floor":23},{"not_picked":["Streamline","Coolheaded"],"picked":"Force Field","floor":28},{"not_picked":["Redo","Sweeping Beam"],"picked":"Biased Cognition","floor":31},{"not_picked":["Machine Learning","Rainbow"],"picked":"Electrodynamics","floor":33},{"not_picked":["Hologram","Barrage+1"],"picked":"Ball Lightning","floor":35},{"not_picked":["Steam+1","Reprogram+1"],"picked":"Loop","floor":38},{"not_picked":["Redo","Gash","Go for the Eyes+1"],"picked":"SKIP","floor":39},{"not_picked":["Reinforced Body+1","Buffer"],"picked":"Defragment+1","floor":40},{"not_picked":["Leap+1","Coolheaded"],"picked":"Stack+1","floor":41},{"not_picked":["Sweeping Beam","Recycle+1","Leap+1"],"picked":"SKIP","floor":46},{"not_picked":["Beam Cell+1","Hologram","Conserve Battery"],"picked":"SKIP","floor":48}],"player_experience":402796,"relics_obtained":[{"floor":6,"key":"Turnip"},{"floor":9,"key":"FossilizedHelix"},{"floor":11,"key":"Pantograph"},{"floor":13,"key":"Potion Belt"},{"floor":23,"key":"Kunai"},{"floor":26,"key":"Tiny Chest"},{"floor":28,"key":"Calipers"},{"floor":37,"key":"Blood Vial"},{"floor":40,"key":"MawBank"},{"floor":43,"key":"Pen Nib"},{"floor":45,"key":"Du-Vu Doll"},{"floor":46,"key":"Juzu Bracelet"}],"event_choices":[{"damage_healed":0,"gold_gain":75,"player_choice":"Gather Gold","damage_taken":11,"max_hp_gain":0,"max_hp_loss":0,"event_name":"World of Goop","floor":2,"gold_loss":0},{"damage_healed":0,"gold_gain":0,"player_choice":"Donut","damage_taken":0,"max_hp_gain":5,"max_hp_loss":0,"event_name":"Big Fish","floor":3,"gold_loss":0},{"damage_healed":20,"gold_gain":0,"player_choice":"Healed","damage_taken":0,"max_hp_gain":0,"max_hp_loss":0,"event_name":"The Cleric","floor":5,"gold_loss":35},{"damage_healed":0,"gold_gain":0,"player_choice":"Got Potions","damage_taken":0,"max_hp_gain":0,"max_hp_loss":0,"event_name":"Lab","floor":20,"gold_loss":0},{"damage_healed":0,"gold_gain":0,"player_choice":"Inject Mutagens","damage_taken":0,"relics_obtained":["MutagenicStrength"],"max_hp_gain":0,"max_hp_loss":0,"event_name":"Drug Dealer","floor":30,"gold_loss":0},{"damage_healed":0,"gold_gain":0,"player_choice":"Ignored","damage_taken":0,"max_hp_gain":0,"max_hp_loss":0,"event_name":"Tomb of Lord Red Mask","floor":36,"gold_loss":0},{"damage_healed":0,"gold_gain":0,"player_choice":"Fight","damage_taken":0,"max_hp_gain":0,"max_hp_loss":0,"event_name":"Mysterious Sphere","floor":45,"gold_loss":0}],"is_beta":false,"boss_relics":[{"not_picked":["Tiny House","Runic Pyramid"],"picked":"Astrolabe"},{"not_picked":["Orrery","Coffee Dripper"],"picked":"Philosopher\u0027s Stone"}],"items_purged_floors":[47],"is_endless":false,"potions_floor_spawned":[6,11,12,14,16,23,28,31,40,45,46],"ascension_level":11}