{"gold_per_floor":[109,284,284,53,69,103,103,114,114,146,165,198,198,210,210,309,309,322,322,302,286,302,302,331,348,348,422,522,70,87,102,102,205,205,220,220,220,14,14,48,48,48,48,78,28,41,54,87,87,87],"floor_reached":51,"playtime":3140,"items_purged":["Doubt","Writhe","Pain"],"score":1220,"play_id":"06ce1f71-323a-4689-a7ee-92a081728a08","local_time":"20190920224033","is_ascension_mode":true,"campfire_choices":[{"data":"Bludgeon","floor":13,"key":"SMITH"},{"data":"Bash","floor":15,"key":"SMITH"},{"data":"Flame Barrier","floor":23,"key":"SMITH"},{"data":"Corruption","floor":32,"key":"SMITH"},{"data":"Burning Pact","floor":41,"key":"SMITH"},{"floor":49,"key":"REST"}],"neow_cost":"TEN_PERCENT_HP_LOSS","seed_source_timestamp":50598057563700,"circlet_count":0,"master_deck":["Strike_R","Strike_R","Strike_R","Strike_R","Strike_R","Defend_R","Defend_R","Defend_R","Defend_R","Bash+1","Uppercut+1","Shrug It Off","Flame Barrier+1","Cleave","Bludgeon+1","Corruption+1","Dropkick","Clothesline","Armaments+1","Doubt","Shrug It Off","Shrug It Off","Inflame","Havoc","Immolate","Burning Pact+1","Madness","Madness","Dramatic Entrance","Shockwave+1","Decay","Impervious","Spot Weakness+1","Infernal Blade+1"],"relics":["Burning Blood","Torii","Red Skull","Incense Burner","Darkstone Periapt","Ginger","Blood Vial","Cursed Key","Strawberry","Blue Candle","Bottled Tornado","Paper Frog","Gambling Chip","Shuriken","Dead Branch","Mark of Pain","Strange Spoon","Smiling Mask","WarpedTongs","Art of War","Mercury Hourglass","Happy Flower"],"potions_floor_usage":[20,21,24,31,48,50,50],"damage_taken":[{"damage":0,"enemies":"Small Slimes","floor":1,"turns":3},{"damage":2,"enemies":"2 Louse","floor":5,"turns":3},{"damage":20,"enemies":"Gremlin Nob","floor":6,"turns":4},{"damage":1,"enemies":"Jaw Worm","floor":8,"turns":4},{"damage":22,"enemies":"Lagavulin","floor":10,"turns":7},{"damage":1,"enemies":"Looter","floor":11,"turns":2},{"damage":24,"enemies":"Gremlin Nob","floor":12,"turns":4},{"damage":1,"enemies":"2 Fungi Beasts","floor":14,"turns":4},{"damage":10,"enemies":"Slime Boss","floor":16,"turns":6},{"damage":19,"enemies":"3 Byrds","floor":18,"turns":5},{"damage":2,"enemies":"2 Thieves","floor":21,"turns":4},{"damage":34,"enemies":"3 Cultists","floor":22,"turns":6},{"damage":20,"enemies":"Slavers","floor":24,"turns":6},{"damage":13,"enemies":"Centurion and Healer","floor":25,"turns":6},{"damage":1,"enemies":"Colosseum Slavers","floor":28,"turns":3},{"damage":17,"enemies":"Colosseum Nobs","floor":28,"turns":5},{"damage":2,"enemies":"Chosen and Byrds","floor":30,"turns":3},{"damage":0,"enemies":"Snake Plant","floor":31,"turns":2},{"damage":1,"enemies":"Collector","floor":33,"turns":6},{"damage":1,"enemies":"3 Darklings","floor":35,"turns":4},{"damage":14,"enemies":"Giant Head","floor":40,"turns":3},{"damage":24,"enemies":"Reptomancer","floor":44,"turns":4},{"damage":0,"enemies":"3 Shapes","floor":46,"turns":2},{"damage":0,"enemies":"Spire Growth","floor":47,"turns":3},{"damage":21,"enemies":"Giant Head","floor":48,"turns":6},{"damage":27,"enemies":"Donu and Deca","floor":50,"turns":5}],"seed_played":"1942627183886275719","potions_obtained":[{"floor":6,"key":"Dexterity Potion"},{"floor":10,"key":"SpeedPotion"},{"floor":12,"key":"SkillPotion"},{"floor":14,"key":"EssenceOfSteel"},{"floor":20,"key":"Fruit Juice"},{"floor":30,"key":"SkillPotion"},{"floor":31,"key":"Strength Potion"},{"floor":33,"key":"AttackPotion"},{"floor":40,"key":"Dexterity Potion"},{"floor":48,"key":"SpeedPotion"}],"is_trial":false,"path_per_floor":["M","?","?","$","M","E","$","M","T","E","M","E","R","M","R","B",null,"M","?","?","M","M","R","E","M","T","T","?","$","M","M","R","B",null,"M","?","?","$","?","E","R","?","T","E","$","M","M","E","R","B",null],"character_chosen":"IRONCLAD","items_purchased":["Red Skull","Dead Branch","Shrug It Off","Strange Spoon"],"campfire_rested":1,"item_purchase_floors":[4,29,29,38],"current_hp_per_floor":[72,72,72,72,72,58,58,63,63,47,52,34,34,41,41,39,64,53,60,65,71,45,45,33,28,34,40,38,38,44,52,52,59,87,94,82,82,82,82,76,76,82,88,72,72,80,88,75,107,87],"gold":87,"neow_bonus":"ONE_RARE_RELIC","is_prod":false,"is_daily":false,"chose_seed":false,"campfire_upgraded":5,"win_rate":0,"timestamp":1569012033,"path_taken":["M","?","?","$","M","E","?","M","T","E","M","E","R","M","R","BOSS","M","?","?","?","M","R","E","M","T","?","?","$","M","M","R","BOSS","M","?","?","$","?","E","R","?","T","E","$","M","M","E","R","BOSS"],"build_version":"2019-07-17","purchased_purges":3,"victory":true,"max_hp_per_floor":[72,72,72,72,72,72,72,72,72,72,72,72,72,72,72,72,72,72,79,84,84,84,84,84,84,90,96,96,96,96,96,96,96,96,96,96,96,96,96,96,96,102,108,108,108,108,108,108,108,108],"card_choices":[{"not_picked":["Body Slam","Heavy Blade"],"picked":"Uppercut","floor":1},{"not_picked":["Warcry","Cleave"],"picked":"Shrug It Off","floor":5},{"not_picked":["Twin Strike","Perfected Strike"],"picked":"Flame Barrier","floor":6},{"not_picked":["Armaments","Thunderclap"],"picked":"Cleave","floor":8},{"not_picked":["True Grit","Twin Strike"],"picked":"Bludgeon","floor":10},{"not_picked":["Intimidate","Sever Soul","Armaments"],"picked":"SKIP","floor":11},{"not_picked":["Clothesline","Entrench"],"picked":"Corruption","floor":12},{"not_picked":["Thunderclap","Perfected Strike"],"picked":"Dropkick","floor":14},{"not_picked":["Twin Strike","Wild Strike"],"picked":"Clothesline","floor":18},{"not_picked":["Thunderclap","Heavy Blade","Pommel Strike"],"picked":"SKIP","floor":21},{"not_picked":["Pommel Strike","Corruption+1"],"picked":"Armaments+1","floor":22},{"not_picked":["Sentinel","Pommel Strike","Hemokinesis"],"picked":"SKIP","floor":24},{"not_picked":["Perfected Strike","Power Through","Flex"],"picked":"SKIP","floor":25},{"not_picked":["Whirlwind","Headbutt+1"],"picked":"Shrug It Off","floor":28},{"not_picked":["Thunderclap","Armaments"],"picked":"Inflame","floor":30},{"not_picked":["Combust+1","Headbutt+1"],"picked":"Havoc","floor":31},{"not_picked":["Brutality","Limit Break"],"picked":"Immolate","floor":33},{"not_picked":["Twin Strike+1","Armaments"],"picked":"Burning Pact","floor":35},{"not_picked":["Magnetism","Finesse"],"picked":"Dramatic Entrance","floor":39},{"not_picked":["Thunderclap","Pommel Strike+1"],"picked":"Shockwave+1","floor":40},{"not_picked":["Havoc","Headbutt"],"picked":"Impervious","floor":44},{"not_picked":["Clothesline","Power Through+1"],"picked":"Spot Weakness+1","floor":46},{"not_picked":["Iron Wave","Sword Boomerang","Flex+1"],"picked":"SKIP","floor":47},{"not_picked":["Carnage","Pummel"],"picked":"Infernal Blade+1","floor":48}],"player_experience":197384,"relics_obtained":[{"floor":6,"key":"Incense Burner"},{"floor":9,"key":"Darkstone Periapt"},{"floor":10,"key":"Ginger"},{"floor":12,"key":"Blood Vial"},{"floor":24,"key":"Blue Candle"},{"floor":26,"key":"Bottled Tornado"},{"floor":27,"key":"Paper Frog"},{"floor":28,"key":"Gambling Chip"},{"floor":28,"key":"Shuriken"},{"floor":40,"key":"Smiling Mask"},{"floor":43,"key":"Art of War"},{"floor":44,"key":"Mercury Hourglass"},{"floor":48,"key":"Happy Flower"}],"event_choices":[{"damage_healed":0,"gold_gain":175,"player_choice":"AGREE","damage_taken":0,"max_hp_gain":0,"max_hp_loss":0,"event_name":"Liars Game","floor":2,"gold_loss":0,"cards_obtained":["Doubt"]},{"damage_healed":0,"gold_gain":0,"player_choice":"Grow","damage_taken":0,"max_hp_gain":0,"max_hp_loss":0,"event_name":"Living Wall","floor":3,"gold_loss":0,"cards_upgraded":["Uppercut"]},{"damage_healed":0,"gold_gain":0,"player_choice":"Opened","damage_taken":0,"relics_obtained":["Strawberry"],"max_hp_gain":0,"max_hp_loss":0,"event_name":"The Mausoleum","floor":19,"gold_loss":0},{"damage_healed":0,"gold_gain":0,"player_choice":"Bought 1 Potion","damage_taken":0,"max_hp_gain":0,"max_hp_loss":0,"event_name":"The Woman in Blue","floor":20,"gold_loss":0},{"damage_healed":0,"gold_gain":0,"player_choice":"Fight","damage_taken":0,"max_hp_gain":0,"max_hp_loss":0,"event_name":"Colosseum","floor":28,"gold_loss":0},{"damage_healed":0,"gold_gain":0,"player_choice":"Fought Nobs","damage_taken":0,"max_hp_gain":0,"max_hp_loss":0,"event_name":"Colosseum","floor":28,"gold_loss":0},{"damage_healed":0,"gold_gain":0,"player_choice":"Embrace Madness","damage_taken":12,"max_hp_gain":0,"max_hp_loss":0,"event_name":"Winding Halls","floor":36,"gold_loss":0,"cards_obtained":["Madness","Madness"]},{"damage_healed":0,"gold_gain":0,"player_choice":"Ignored","damage_taken":0,"max_hp_gain":0,"max_hp_loss":0,"event_name":"Tomb of Lord Red Mask","floor":37,"gold_loss":0},{"damage_healed":0,"gold_gain":0,"player_choice":"Memory 1","damage_taken":0,"max_hp_gain":0,"max_hp_loss":0,"event_name":"SensoryStone","floor":39,"gold_loss":0},{"damage_healed":0,"gold_gain":0,"player_choice":"Rummage","damage_taken":0,"relics_obtained":["WarpedTongs"],"max_hp_gain":0,"max_hp_loss":0,"event_name":"Accursed Blacksmith","floor":42,"gold_loss":0,"cards_obtained":["Pain"]}],"is_beta":false,"boss_relics":[{"not_picked":["Black Star","Runic Cube"],"picked":"Cursed Key"},{"not_picked":["Coffee Dripper","Snecko Eye"],"picked":"Mark of Pain"}],"items_purged_floors":[4,29,45],"is_endless":false,"potions_floor_spawned":[6,10,12,14,18,30,31,33,40,47,48],"ascension_level":7}