{"gold_per_floor":[111,126,138,138,17,17,37,65,92,111,111,128,148,182,182,255,255,268,268,268,285,295,328,328,357,357,392,392,31,50,61,61,136,136,147,247,29,0,10,10,36,54,103,134,134,134,59,79,79,79],"floor_reached":50,"playtime":2945,"items_purged":["Defend_G"],"score":1194,"play_id":"62df41a4-679d-4599-8c31-55fb407cfe04","local_time":"20190817105241","is_ascension_mode":true,"campfire_choices":[{"data":"Footwork","floor":6.0,"key":"SMITH"},{"floor":11.0,"key":"REST"},{"data":"All Out Attack","floor":15.0,"key":"SMITH"},{"floor":24.0,"key":"REST"},{"floor":32.0,"key":"REST"},{"data":"1","floor":40.0,"key":"LIFT"},{"floor":49.0,"key":"REST"}],"neow_cost":"NONE","seed_source_timestamp":0,"circlet_count":0,"master_deck":["AscendersBane","Strike_G+1","Defend_G","Defend_G","Defend_G","Defend_G","Survivor","Neutralize+1","Footwork+1","Leg Sweep","Cloak And Dagger","All Out Attack+1","Infinite Blades","Wraith Form v2","Flechettes+1","A Thousand Cuts+1","Finisher+1","Accuracy","Infinite Blades","Dash","Cloak And Dagger","Footwork","Backflip"],"special_seed":0,"relics":["Busted Crown","Vajra","Oddly Smooth Stone","Anchor","Astrolabe","Pocketwatch","Whetstone","Girya","Bronze Scales","Sling","WristBlade","Torii","ClockworkSouvenir","Red Mask","Gremlin Horn","Bag of Marbles","Happy Flower"],"potions_floor_usage":[],"damage_taken":[{"damage":0.0,"enemies":"2 Louse","floor":1.0,"turns":2.0},{"damage":4.0,"enemies":"Jaw Worm","floor":2.0,"turns":5.0},{"damage":0.0,"enemies":"Small Slimes","floor":3.0,"turns":4.0},{"damage":3.0,"enemies":"Exordium Wildlife","floor":7.0,"turns":11.0},{"damage":32.0,"enemies":"3 Sentries","floor":8.0,"turns":20.0},{"damage":0.0,"enemies":"Looter","floor":10.0,"turns":4.0},{"damage":0.0,"enemies":"3 Louse","floor":12.0,"turns":4.0},{"damage":0.0,"enemies":"2 Fungi Beasts","floor":13.0,"turns":3.0},{"damage":1.0,"enemies":"Lagavulin","floor":14.0,"turns":11.0},{"damage":11.0,"enemies":"The Guardian","floor":16.0,"turns":17.0},{"damage":4.0,"enemies":"Spheric Guardian","floor":18.0,"turns":4.0},{"damage":7.0,"enemies":"Shell Parasite","floor":21.0,"turns":7.0},{"damage":0.0,"enemies":"Centurion and Healer","floor":22.0,"turns":7.0},{"damage":25.0,"enemies":"Gremlin Leader","floor":23.0,"turns":7.0},{"damage":30.0,"enemies":"Slavers","floor":25.0,"turns":6.0},{"damage":13.0,"enemies":"Gremlin Leader","floor":27.0,"turns":7.0},{"damage":1.0,"enemies":"Snake Plant","floor":30.0,"turns":5.0},{"damage":16.0,"enemies":"Sentry and Sphere","floor":31.0,"turns":6.0},{"damage":24.0,"enemies":"Automaton","floor":33.0,"turns":13.0},{"damage":0.0,"enemies":"3 Darklings","floor":35.0,"turns":7.0},{"damage":6.0,"enemies":"Mind Bloom Boss Battle","floor":36.0,"turns":6.0},{"damage":0.0,"enemies":"Orb Walker","floor":39.0,"turns":3.0},{"damage":0.0,"enemies":"Nemesis","floor":41.0,"turns":7.0},{"damage":0.0,"enemies":"3 Darklings","floor":42.0,"turns":5.0},{"damage":9.0,"enemies":"Reptomancer","floor":44.0,"turns":5.0},{"damage":2.0,"enemies":"Spire Growth","floor":48.0,"turns":5.0},{"damage":0,"enemies":"Awakened One","floor":50,"turns":1}],"seed_played":"-3503999097311611207","potions_obtained":[{"floor":7.0,"key":"Swift Potion"},{"floor":8.0,"key":"SpeedPotion"},{"floor":10.0,"key":"PowerPotion"},{"floor":14.0,"key":"Explosive Potion"},{"floor":21.0,"key":"Regen Potion"},{"floor":22.0,"key":"Fire Potion"},{"floor":25.0,"key":"PowerPotion"},{"floor":35.0,"key":"AttackPotion"}],"is_trial":false,"path_per_floor":["M","M","M","?","$","R","M","E","T","M","R","M","M","E","R","B",null,"M","?","?","M","M","E","R","E","T","E","?","$","M","M","R","B",null,"M","?","$","?","M","R","E","M","T","E","$","?","$","M","R","B"],"character_chosen":"THE_SILENT","items_purchased":["Footwork","Leg Sweep","Sling","Footwork","Dexterity Potion","ClockworkSouvenir"],"campfire_rested":4,"item_purchase_floors":[5,5,29,29,29,37],"current_hp_per_floor":[59,55,55,48,48,48,45,13,13,13,32,32,32,31,31,20,55,51,51,51,44,59,34,53,23,23,10,23,23,22,6,25,1,50,50,44,44,44,44,44,44,44,44,35,35,35,35,33,52,52],"gold":79,"neow_bonus":"BOSS_RELIC","is_prod":false,"is_daily":false,"chose_seed":false,"campfire_upgraded":2,"win_rate":0,"timestamp":1566064361,"path_taken":["M","M","M","?","$","R","M","E","T","M","R","M","M","E","R","BOSS","M","?","?","M","M","E","R","E","T","E","?","$","M","?","R","BOSS","M","?","$","?","M","R","E","M","T","E","$","?","$","?","R","BOSS"],"build_version":"2019-07-17","purchased_purges":1,"victory":false,"max_hp_per_floor":[66,66,66,66,66,66,66,66,66,66,66,66,66,66,66,66,66,66,66,66,66,66,66,66,66,66,66,66,66,66,66,66,66,66,66,66,66,66,66,66,66,66,66,66,66,66,66,66,66,66],"card_choices":[{"not_picked":["Underhanded Strike"],"picked":"SKIP","floor":1.0},{"not_picked":["Finisher"],"picked":"SKIP","floor":2.0},{"not_picked":["Concentrate"],"picked":"SKIP","floor":3.0},{"not_picked":["Calculated Gamble"],"picked":"SKIP","floor":7.0},{"not_picked":[],"picked":"Cloak And Dagger","floor":8.0},{"not_picked":[],"picked":"All Out Attack","floor":10.0},{"not_picked":["Sucker Punch"],"picked":"SKIP","floor":12.0},{"not_picked":["Backstab"],"picked":"SKIP","floor":13.0},{"not_picked":[],"picked":"Infinite Blades","floor":14.0},{"not_picked":[],"picked":"Wraith Form v2","floor":16.0},{"not_picked":[],"picked":"Accuracy","floor":18.0},{"not_picked":["Expertise"],"picked":"SKIP","floor":21.0},{"not_picked":[],"picked":"Infinite Blades","floor":22.0},{"not_picked":[],"picked":"Dash","floor":23.0},{"not_picked":[],"picked":"Cloak And Dagger","floor":25.0},{"not_picked":["Deflect"],"picked":"SKIP","floor":27.0},{"not_picked":["Prepared"],"picked":"SKIP","floor":30.0},{"not_picked":[],"picked":"Backflip","floor":31.0},{"not_picked":["Underhanded Strike+1"],"picked":"SKIP","floor":35.0},{"not_picked":["Accuracy"],"picked":"SKIP","floor":39.0},{"not_picked":["All Out Attack"],"picked":"SKIP","floor":41.0},{"not_picked":["Noxious Fumes"],"picked":"SKIP","floor":42.0},{"not_picked":["Deflect+1"],"picked":"SKIP","floor":44.0},{"not_picked":["Quick Slash"],"picked":"SKIP","floor":48.0}],"player_experience":196206,"relics_obtained":[{"floor":8.0,"key":"Vajra"},{"floor":9.0,"key":"Oddly Smooth Stone"},{"floor":14.0,"key":"Anchor"},{"floor":23.0,"key":"Pocketwatch"},{"floor":25.0,"key":"Whetstone"},{"floor":26.0,"key":"Girya"},{"floor":27.0,"key":"Bronze Scales"},{"floor":36.0,"key":"Torii"},{"floor":41.0,"key":"Gremlin Horn"},{"floor":43.0,"key":"Bag of Marbles"},{"floor":44.0,"key":"Happy Flower"}],"event_choices":[{"cards_removed":["Strike_G"],"damage_healed":0.0,"max_hp_gain":0.0,"max_hp_loss":0.0,"gold_gain":0.0,"event_name":"Golden Wing","player_choice":"Card Removal","floor":4.0,"gold_loss":0.0,"damage_taken":7.0},{"damage_healed":0.0,"max_hp_gain":0.0,"max_hp_loss":0.0,"gold_gain":0.0,"event_name":"Vampires","player_choice":"Ignored","floor":19.0,"gold_loss":0.0,"damage_taken":0.0},{"damage_healed":0.0,"max_hp_gain":0.0,"max_hp_loss":0.0,"gold_gain":0.0,"event_name":"Cursed Tome","player_choice":"Ignored","floor":20.0,"gold_loss":0.0,"damage_taken":0.0},{"damage_healed":13.0,"max_hp_gain":0.0,"max_hp_loss":0.0,"gold_gain":0.0,"event_name":"The Library","player_choice":"Heal","floor":28.0,"gold_loss":0.0,"damage_taken":0.0},{"damage_healed":0.0,"max_hp_gain":0.0,"max_hp_loss":0.0,"gold_gain":0.0,"event_name":"MindBloom","player_choice":"Fight","floor":36.0,"gold_loss":0.0,"damage_taken":0.0},{"damage_healed":0.0,"max_hp_gain":0.0,"max_hp_loss":0.0,"gold_gain":0.0,"event_name":"Tomb of Lord Red Mask","player_choice":"Paid","floor":38.0,"gold_loss":29.0,"damage_taken":0.0,"relics_obtained":["Red Mask"]},{"damage_healed":0.0,"max_hp_gain":0.0,"max_hp_loss":0.0,"gold_gain":0.0,"event_name":"SecretPortal","player_choice":"Ignored","floor":46.0,"gold_loss":0.0,"damage_taken":0.0}],"is_beta":false,"boss_relics":[{"not_picked":["Ectoplasm","Calling Bell"],"picked":"Astrolabe"},{"not_picked":["HoveringKite","Pandora\u0027s Box"],"picked":"WristBlade"}],"items_purged_floors":[47],"is_endless":false,"potions_floor_spawned":[7,8,10,13,14,21,22,25,35,42],"killed_by":"Awakened One","ascension_level":20}