{"gold_per_floor":[117,137,148,167,184,184,217,217,263,278,292,308,308,325,325,325],"floor_reached":16,"playtime":956,"items_purged":[],"score":140,"play_id":"d8ee0398-5cb6-4c06-af9b-2a893c895d55","local_time":"20190701193501","is_ascension_mode":true,"campfire_choices":[{"floor":6.0,"key":"REST"},{"floor":8.0,"key":"REST"},{"floor":15.0,"key":"REST"}],"neow_cost":"NONE","seed_source_timestamp":556272919010156,"circlet_count":0,"master_deck":["Defend_G","Defend_G","Defend_G","Defend_G","Defend_G","Strike_G","Strike_G","Strike_G","Strike_G","Strike_G","Survivor","Neutralize","PiercingWail","Caltrops","Backflip+1","Dagger Throw","Dodge and Roll","Catalyst"],"special_seed":0,"relics":["Ring of the Snake","Mercury Hourglass","Orichalcum"],"potions_floor_usage":[16],"damage_taken":[{"damage":0.0,"enemies":"Cultist","floor":1.0,"turns":5.0},{"damage":21.0,"enemies":"Jaw Worm","floor":2.0,"turns":7.0},{"damage":1.0,"enemies":"2 Louse","floor":3.0,"turns":4.0},{"damage":9.0,"enemies":"2 Fungi Beasts","floor":4.0,"turns":5.0},{"damage":5.0,"enemies":"Lots of Slimes","floor":5.0,"turns":5.0},{"damage":44.0,"enemies":"3 Sentries","floor":7.0,"turns":13.0},{"damage":20.0,"enemies":"Red Slaver","floor":10.0,"turns":4.0},{"damage":7.0,"enemies":"Exordium Thugs","floor":11.0,"turns":6.0},{"damage":5.0,"enemies":"Exordium Wildlife","floor":12.0,"turns":5.0},{"damage":0.0,"enemies":"Large Slime","floor":14.0,"turns":6.0},{"damage":44,"enemies":"Slime Boss","floor":16,"turns":5}],"seed_played":"6298808641352396583","potions_obtained":[{"floor":2.0,"key":"FearPotion"},{"floor":5.0,"key":"FearPotion"},{"floor":11.0,"key":"EssenceOfSteel"},{"floor":14.0,"key":"Poison Potion"}],"is_trial":false,"path_per_floor":["M","M","M","M","M","R","E","R","T","M","M","M","?","M","R","B"],"character_chosen":"THE_SILENT","items_purchased":[],"campfire_rested":3,"item_purchase_floors":[],"current_hp_per_floor":[70,49,48,39,34,57,13,36,36,16,9,4,4,4,27,0],"gold":325,"neow_bonus":"TEN_PERCENT_HP_BONUS","is_prod":false,"is_daily":false,"chose_seed":false,"campfire_upgraded":0,"win_rate":0,"timestamp":1562034901,"path_taken":["M","M","M","M","M","R","E","R","T","?","?","M","?","M","R","BOSS"],"build_version":"2019-01-23","purchased_purges":0,"victory":false,"max_hp_per_floor":[77,77,77,77,77,77,77,77,77,77,77,77,77,77,77,77],"card_choices":[{"not_picked":["Bane","Endless Agony","Blade Dance"],"picked":"SKIP","floor":1.0},{"not_picked":["Poisoned Stab","Flying Knee"],"picked":"PiercingWail","floor":2.0},{"not_picked":["Blur","Quick Slash"],"picked":"Caltrops","floor":3.0},{"not_picked":["Poisoned Stab","Deadly Poison"],"picked":"Backflip","floor":4.0},{"not_picked":["Caltrops","Outmaneuver","Endless Agony"],"picked":"SKIP","floor":5.0},{"not_picked":["Phantasmal Killer","Choke","Dagger Spray"],"picked":"SKIP","floor":7.0},{"not_picked":["Poisoned Stab","Prepared"],"picked":"Dagger Throw","floor":10.0},{"not_picked":["Bane","Finisher"],"picked":"Dodge and Roll","floor":11.0},{"not_picked":["Blade Dance","Accuracy","Reflex"],"picked":"SKIP","floor":12.0},{"not_picked":["Flying Knee","Outmaneuver"],"picked":"Catalyst","floor":14.0}],"player_experience":105516,"relics_obtained":[{"floor":7.0,"key":"Mercury Hourglass"},{"floor":9.0,"key":"Orichalcum"}],"event_choices":[{"damage_healed":0.0,"max_hp_gain":0.0,"max_hp_loss":0.0,"gold_gain":0.0,"event_name":"Living Wall","player_choice":"Grow","floor":13.0,"gold_loss":0.0,"damage_taken":0.0,"cards_upgraded":["Backflip"]}],"is_beta":false,"boss_relics":[],"items_purged_floors":[],"is_endless":false,"potions_floor_spawned":[2,5,11,14],"killed_by":"Slime Boss","ascension_level":6}