{"gold_per_floor":[113,113,125,142,96,127,127,127,150,183,236,278,290,314,326,441,453,480,502,104,104,104,104,122,150,173,193,213,213,242,259,259,259],"floor_reached":33,"playtime":1456,"items_purged":[],"score":446,"play_id":"504be1c8-a5eb-40b0-aea8-0578795d1b76","local_time":"20190922211022","is_ascension_mode":true,"campfire_choices":[{"data":"Chaos","floor":8,"key":"SMITH"},{"floor":13,"key":"REST"},{"data":"Multi-Cast","floor":15,"key":"SMITH"},{"floor":23,"key":"REST"},{"floor":29,"key":"REST"},{"floor":32,"key":"REST"}],"neow_cost":"NONE","seed_source_timestamp":219680657692000,"circlet_count":0,"master_deck":["Strike_B","Strike_B","Strike_B","Strike_B","Defend_B","Defend_B+1","Defend_B","Defend_B","Zap","Dualcast+1","Ball Lightning","Sweeping Beam","Steam","Conserve Battery","Chaos+1","Rebound","Multi-Cast+1","Electrodynamics","Compile Driver","Echo Form","White Noise+1","Consume","Glacier","Loop","Cold Snap"],"relics":["Cracked Core","Lantern","Vajra","War Paint","MawBank","Anchor","Nuclear Battery","Letter Opener","Regal Pillow","Nloth\u0027s Gift","Kunai","PreservedInsect","Ancient Tea Set"],"potions_floor_usage":[6,10,25,25,28,28,30],"damage_taken":[{"damage":1,"enemies":"Cultist","floor":1,"turns":3},{"damage":4,"enemies":"Jaw Worm","floor":3,"turns":3},{"damage":7,"enemies":"Small Slimes","floor":4,"turns":2},{"damage":20,"enemies":"Gremlin Nob","floor":6,"turns":3},{"damage":0,"enemies":"Lagavulin","floor":10,"turns":5},{"damage":18,"enemies":"Gremlin Nob","floor":12,"turns":4},{"damage":0,"enemies":"Exordium Wildlife","floor":14,"turns":3},{"damage":24,"enemies":"Slime Boss","floor":16,"turns":8},{"damage":0,"enemies":"Spheric Guardian","floor":18,"turns":2},{"damage":19,"enemies":"Shell Parasite","floor":19,"turns":4},{"damage":0,"enemies":"Snake Plant","floor":24,"turns":3},{"damage":18,"enemies":"Slavers","floor":25,"turns":5},{"damage":32,"enemies":"Cultist and Chosen","floor":27,"turns":5},{"damage":10,"enemies":"Sentry and Sphere","floor":28,"turns":4},{"damage":16,"enemies":"Book of Stabbing","floor":30,"turns":3},{"damage":27,"enemies":"Snecko","floor":31,"turns":4},{"damage":46,"enemies":"Collector","floor":33,"turns":5}],"seed_played":"7814002511591957147","potions_obtained":[{"floor":1,"key":"AttackPotion"},{"floor":6,"key":"Block Potion"},{"floor":12,"key":"Dexterity Potion"},{"floor":18,"key":"Block Potion"},{"floor":19,"key":"Swift Potion"},{"floor":25,"key":"Poison Potion"},{"floor":27,"key":"Fire Potion"}],"is_trial":false,"path_per_floor":["M","$","M","M","$","E","$","R","T","E","T","E","R","M","R","B",null,"M","M","$","?","?","R","M","E","T","M","M","R","E","M","R","B"],"character_chosen":"DEFECT","items_purchased":["Conserve Battery","Letter Opener","Regal Pillow"],"campfire_rested":4,"item_purchase_floors":[5,20,20],"current_hp_per_floor":[67,67,63,56,56,36,36,36,36,36,36,18,40,40,40,16,60,60,41,41,27,27,66,66,48,48,16,6,45,29,2,41,0],"gold":259,"neow_bonus":"RANDOM_COMMON_RELIC","is_prod":false,"is_daily":false,"chose_seed":false,"campfire_upgraded":2,"win_rate":0,"timestamp":1569179422,"path_taken":["M","?","M","?","$","E","?","R","T","E","?","E","R","M","R","BOSS","M","M","$","?","?","R","M","E","T","M","M","R","E","?","R","BOSS"],"build_version":"2019-07-17","purchased_purges":0,"victory":false,"max_hp_per_floor":[75,75,75,75,75,75,75,75,75,75,75,75,75,75,75,75,75,75,75,75,80,80,80,80,80,80,80,80,80,80,80,80,80],"card_choices":[{"not_picked":["Consume","Static Discharge"],"picked":"Ball Lightning","floor":1},{"not_picked":["Aggregate","Scrape"],"picked":"Sweeping Beam","floor":3},{"not_picked":["Barrage","Turbo"],"picked":"Steam","floor":4},{"not_picked":["Undo","Loop"],"picked":"Chaos","floor":6},{"not_picked":["Lockon","Coolheaded","Barrage"],"picked":"SKIP","floor":10},{"not_picked":["Streamline","Melter"],"picked":"Rebound","floor":12},{"not_picked":["Steam","Redo"],"picked":"Multi-Cast","floor":14},{"not_picked":["Machine Learning","Rainbow"],"picked":"Electrodynamics","floor":16},{"not_picked":["Steam","Ball Lightning","Gash+1"],"picked":"SKIP","floor":18},{"not_picked":["Turbo","Coolheaded+1"],"picked":"Compile Driver","floor":19},{"not_picked":["Multi-Cast","Beam Cell"],"picked":"Echo Form","floor":24},{"not_picked":["Meteor Strike","Beam Cell"],"picked":"White Noise+1","floor":25},{"not_picked":["Compile Driver","Go for the Eyes"],"picked":"Consume","floor":27},{"not_picked":["Turbo","Compile Driver"],"picked":"Glacier","floor":28},{"not_picked":["Glacier","Skim"],"picked":"Loop","floor":30},{"not_picked":["Stack","Streamline"],"picked":"Cold Snap","floor":31}],"player_experience":228979,"relics_obtained":[{"floor":6,"key":"Lantern"},{"floor":9,"key":"Vajra"},{"floor":10,"key":"War Paint"},{"floor":11,"key":"MawBank"},{"floor":12,"key":"Anchor"},{"floor":25,"key":"Kunai"},{"floor":26,"key":"PreservedInsect"},{"floor":30,"key":"Ancient Tea Set"}],"event_choices":[{"damage_healed":0,"gold_gain":0,"player_choice":"Shed Blood","damage_taken":19,"max_hp_gain":5,"max_hp_loss":0,"event_name":"Forgotten Altar","floor":21,"gold_loss":0},{"damage_healed":0,"gold_gain":0,"player_choice":"Traded Relic","damage_taken":0,"relics_obtained":["Nloth\u0027s Gift"],"max_hp_gain":0,"max_hp_loss":0,"event_name":"N\u0027loth","floor":22,"relics_lost":["Boot"],"gold_loss":0}],"is_beta":false,"boss_relics":[{"not_picked":["Sozu","Busted Crown"],"picked":"Nuclear Battery"}],"items_purged_floors":[],"is_endless":false,"potions_floor_spawned":[1,6,10,12,18,19,25,27],"killed_by":"Collector","ascension_level":7}