{"gold_per_floor":[115,65,80,96,96,122,122,134,134,98,173,7,7,27,27,27],"floor_reached":16,"playtime":1045,"items_purged":[],"score":100,"play_id":"f4fb9e0e-0db7-4a7c-af40-a59efd69e4e3","local_time":"20191010075928","is_ascension_mode":false,"campfire_choices":[{"floor":7,"key":"REST"},{"floor":15,"key":"REST"}],"neow_cost":"TEN_PERCENT_HP_LOSS","seed_source_timestamp":2103720895701422,"circlet_count":0,"master_deck":["Strike_R","Strike_R","Strike_R","Strike_R","Defend_R","Defend_R","Defend_R","Bash","Dual Wield","Heavy Blade","Pommel Strike","Power Through","Burning Pact","Perfected Strike","Whirlwind","Dropkick","Purity","Thunderclap"],"relics":["Burning Blood","Charon\u0027s Ashes","Pen Nib","Juzu Bracelet","Golden Idol"],"potions_floor_usage":[6,16],"damage_taken":[{"damage":9,"enemies":"Cultist","floor":1,"turns":5},{"damage":6,"enemies":"Jaw Worm","floor":3,"turns":3},{"damage":10,"enemies":"Small Slimes","floor":4,"turns":4},{"damage":78,"enemies":"Lagavulin","floor":6,"turns":10},{"damage":2,"enemies":"2 Fungi Beasts","floor":8,"turns":4},{"damage":0,"enemies":"Red Slaver","floor":14,"turns":2},{"damage":49,"enemies":"Hexaghost","floor":16,"turns":9}],"seed_played":"5210067444764712946","potions_obtained":[{"floor":3,"key":"Regen Potion"},{"floor":6,"key":"Strength Potion"},{"floor":8,"key":"SmokeBomb"}],"is_trial":false,"path_per_floor":["M","?","M","M","?","E","R","M","T","$","?","$","?","M","R","B"],"character_chosen":"IRONCLAD","items_purchased":["Whirlwind","Dropkick","Purity"],"campfire_rested":2,"item_purchase_floors":[10,12,12],"current_hp_per_floor":[69,69,69,65,65,8,29,33,33,33,22,22,22,28,48,0],"gold":27,"neow_bonus":"ONE_RARE_RELIC","is_prod":false,"is_daily":false,"chose_seed":false,"campfire_upgraded":0,"win_rate":0.0,"timestamp":1570690768,"path_taken":["M","?","M","M","?","E","R","M","T","$","?","$","?","M","R","BOSS"],"build_version":"2019-09-09v2","purchased_purges":0,"victory":false,"max_hp_per_floor":[72,72,72,72,72,72,72,72,72,72,72,72,67,67,67,67],"card_choices":[{"not_picked":["Shrug It Off","Iron Wave"],"picked":"Dual Wield","floor":1},{"not_picked":["Iron Wave","Cleave"],"picked":"Heavy Blade","floor":3},{"not_picked":["Ghostly Armor","Bloodletting"],"picked":"Pommel Strike","floor":4},{"not_picked":["Carnage","Flex"],"picked":"Burning Pact","floor":6},{"not_picked":["Heavy Blade","Sword Boomerang"],"picked":"Perfected Strike","floor":8},{"not_picked":["Armaments","Headbutt"],"picked":"Thunderclap","floor":14}],"player_experience":5386,"relics_obtained":[{"floor":6,"key":"Pen Nib"},{"floor":9,"key":"Juzu Bracelet"}],"event_choices":[{"cards_removed":["Defend_R"],"damage_healed":0,"gold_gain":0,"player_choice":"Card Removal","damage_taken":0,"max_hp_gain":0,"max_hp_loss":0,"event_name":"The Cleric","floor":2,"gold_loss":50},{"damage_healed":0,"gold_gain":0,"cards_transformed":["Strike_R"],"player_choice":"Change","damage_taken":0,"max_hp_gain":0,"max_hp_loss":0,"event_name":"Living Wall","floor":5,"gold_loss":0,"cards_obtained":["Power Through"]},{"damage_healed":0,"gold_gain":75,"player_choice":"Gather Gold","damage_taken":11,"max_hp_gain":0,"max_hp_loss":0,"event_name":"World of Goop","floor":11,"gold_loss":0},{"damage_healed":0,"gold_gain":0,"player_choice":"Lose Max HP","damage_taken":0,"relics_obtained":["Golden Idol"],"max_hp_gain":0,"max_hp_loss":5,"event_name":"Golden Idol","floor":13,"gold_loss":0}],"is_beta":true,"boss_relics":[],"items_purged_floors":[],"is_endless":false,"potions_floor_spawned":[3,6,8],"killed_by":"Hexaghost","ascension_level":0}