{"gold_per_floor":[99,99,24,38,56,85,85,117,162,174,174],"floor_reached":11,"playtime":644,"items_purged":["Defend_B"],"score":91,"play_id":"3449cf65-081c-44c6-95ce-7c89badbfe9a","local_time":"20190913224950","is_ascension_mode":true,"campfire_choices":[{"data":"Hello World","floor":7,"key":"SMITH"}],"neow_cost":"NONE","seed_source_timestamp":126391645213200,"circlet_count":0,"master_deck":["Strike_B","Strike_B","Strike_B","Strike_B","Defend_B","Defend_B","Defend_B","Zap","Dualcast","Conserve Battery","FTL","Hello World","Hello World+1","Skim","Conserve Battery"],"relics":["Cracked Core","Gremlin Horn","Regal Pillow","PreservedInsect"],"potions_floor_usage":[],"damage_taken":[{"damage":5,"enemies":"Small Slimes","floor":1,"turns":4},{"damage":7,"enemies":"Jaw Worm","floor":4,"turns":3},{"damage":0,"enemies":"2 Louse","floor":5,"turns":2},{"damage":31,"enemies":"3 Sentries","floor":6,"turns":10},{"damage":18,"enemies":"Lagavulin","floor":8,"turns":7},{"damage":7,"enemies":"Exordium Wildlife","floor":10,"turns":3},{"damage":15,"enemies":"Exordium Thugs","floor":11,"turns":3}],"seed_played":"-7241745804163185633","potions_obtained":[{"floor":4,"key":"Ancient Potion"},{"floor":6,"key":"EssenceOfSteel"},{"floor":10,"key":"Ancient Potion"}],"is_trial":false,"path_per_floor":["M","?","$","M","M","E","R","E","T","M","M"],"character_chosen":"DEFECT","items_purchased":[],"campfire_rested":0,"item_purchase_floors":[],"current_hp_per_floor":[77,77,77,70,70,39,39,21,21,14,0],"gold":174,"neow_bonus":"TEN_PERCENT_HP_BONUS","is_prod":false,"is_daily":false,"chose_seed":false,"campfire_upgraded":1,"win_rate":0,"timestamp":1568407790,"path_taken":["M","?","$","M","M","E","R","E","T","M","M"],"build_version":"2019-07-17","purchased_purges":1,"victory":false,"max_hp_per_floor":[82,82,82,82,82,82,82,82,82,82,82],"card_choices":[{"not_picked":["Coolheaded","Chaos"],"picked":"Conserve Battery","floor":1},{"not_picked":["Sweeping Beam","Coolheaded"],"picked":"FTL","floor":4},{"not_picked":["Recycle","Sweeping Beam"],"picked":"Hello World","floor":5},{"not_picked":["Go for the Eyes","Reprogram"],"picked":"Hello World","floor":6},{"not_picked":["Leap","Turbo"],"picked":"Skim","floor":8},{"not_picked":["Rainbow","Turbo"],"picked":"Conserve Battery","floor":10}],"player_experience":102875,"relics_obtained":[{"floor":6,"key":"Gremlin Horn"},{"floor":8,"key":"Regal Pillow"},{"floor":9,"key":"PreservedInsect"}],"event_choices":[{"damage_healed":0,"gold_gain":0,"player_choice":"Ignored","damage_taken":0,"max_hp_gain":0,"max_hp_loss":0,"event_name":"Liars Game","floor":2,"gold_loss":0}],"is_beta":false,"boss_relics":[],"items_purged_floors":[3],"is_endless":false,"potions_floor_spawned":[4,6,10],"killed_by":"Exordium Thugs","ascension_level":2}