{"gold_per_floor":[114,127,141,159,159,159,178,209,209,239,239,75,94,110,110,184,184,198,210,210,210,210],"floor_reached":22,"playtime":885,"items_purged":["Strike_R"],"score":446,"play_id":"85b6f2a6-3b61-474f-bc89-7802340fcf03","local_time":"20191014122320","is_ascension_mode":true,"campfire_choices":[{"data":"Armaments","floor":6,"key":"SMITH"},{"floor":11,"key":"REST"},{"data":"Limit Break","floor":15,"key":"SMITH"}],"neow_cost":"NONE","seed_source_timestamp":328156680198500,"circlet_count":0,"master_deck":["AscendersBane","Strike_R+1","Strike_R+1","Strike_R+1","Strike_R+1","Defend_R+1","Defend_R+1","Defend_R+1","Defend_R+1","Bash","Sword Boomerang","Battle Trance","Armaments+1","Headbutt","Shrug It Off","Limit Break+1","Seeing Red","Spot Weakness","Shockwave","Feed","Flex+1","Heavy Blade"],"relics":["Burning Blood","MealTicket","Question Card","Paper Frog","Black Star"],"potions_floor_usage":[8,8,16,19,22],"damage_taken":[{"damage":6,"enemies":"Small Slimes","floor":1,"turns":4},{"damage":1,"enemies":"2 Louse","floor":2,"turns":4},{"damage":1,"enemies":"Cultist","floor":3,"turns":4},{"damage":22,"enemies":"Exordium Wildlife","floor":4,"turns":7},{"damage":13,"enemies":"Lots of Slimes","floor":7,"turns":7},{"damage":27,"enemies":"Gremlin Nob","floor":8,"turns":4},{"damage":44,"enemies":"Lagavulin","floor":10,"turns":10},{"damage":0,"enemies":"Blue Slaver","floor":13,"turns":5},{"damage":3,"enemies":"Gremlin Gang","floor":14,"turns":4},{"damage":12,"enemies":"The Guardian","floor":16,"turns":12},{"damage":40,"enemies":"Spheric Guardian","floor":18,"turns":6},{"damage":35,"enemies":"Shell Parasite","floor":19,"turns":5},{"damage":15,"enemies":"Snake Plant","floor":22,"turns":2}],"seed_played":"-5224992642694602182","potions_obtained":[{"floor":3,"key":"Weak Potion"},{"floor":7,"key":"BloodPotion"},{"floor":10,"key":"Block Potion"},{"floor":13,"key":"GamblersBrew"},{"floor":16,"key":"Fire Potion"},{"floor":19,"key":"LiquidBronze"}],"is_trial":false,"path_per_floor":["M","M","M","M","?","R","M","E","T","E","R","$","M","M","R","B",null,"M","M","?","?","M"],"character_chosen":"IRONCLAD","items_purchased":["Spot Weakness"],"campfire_rested":1,"item_purchase_floors":[12],"current_hp_per_floor":[68,73,75,59,59,59,52,46,46,8,30,45,51,54,54,48,68,37,12,12,12,0],"gold":210,"neow_bonus":"THREE_CARDS","is_prod":false,"is_daily":false,"chose_seed":false,"campfire_upgraded":2,"win_rate":0,"timestamp":1571081000,"path_taken":["M","M","M","M","?","R","M","E","T","E","R","$","M","M","R","BOSS","M","M","?","?","M"],"build_version":"2019-10-11","purchased_purges":1,"victory":false,"max_hp_per_floor":[75,75,75,75,75,75,75,75,75,75,75,75,75,75,75,75,75,78,82,82,82,82],"card_choices":[{"not_picked":["Searing Blow","Twin Strike"],"picked":"Sword Boomerang","floor":0},{"not_picked":["Heavy Blade","Hemokinesis"],"picked":"Battle Trance","floor":1},{"not_picked":["Sword Boomerang","Thunderclap","Sentinel"],"picked":"SKIP","floor":2},{"not_picked":["Pummel","Clash"],"picked":"Armaments","floor":3},{"not_picked":["Iron Wave","Searing Blow"],"picked":"Headbutt","floor":4},{"not_picked":["Infernal Blade","Armaments"],"picked":"Shrug It Off","floor":7},{"not_picked":["Heavy Blade","Shrug It Off"],"picked":"Limit Break","floor":8},{"not_picked":["Sever Soul","Intimidate","Perfected Strike"],"picked":"Seeing Red","floor":10},{"not_picked":["Anger","Dropkick","Seeing Red"],"picked":"Shockwave","floor":13},{"not_picked":["Rupture","Pommel Strike","Headbutt","Bloodletting"],"picked":"SKIP","floor":14},{"not_picked":["Fiend Fire","Dark Embrace","Bludgeon"],"picked":"Feed","floor":16},{"not_picked":["Havoc","Cleave+1","Metallicize"],"picked":"Flex+1","floor":18},{"not_picked":["Iron Wave","Clothesline","Thunderclap"],"picked":"Heavy Blade","floor":19}],"player_experience":1563122,"relics_obtained":[{"floor":8,"key":"MealTicket"},{"floor":9,"key":"Question Card"},{"floor":10,"key":"Paper Frog"}],"event_choices":[{"damage_healed":0,"gold_gain":0,"player_choice":"Ignored","damage_taken":0,"max_hp_gain":0,"max_hp_loss":0,"event_name":"Liars Game","floor":5,"gold_loss":0},{"damage_healed":0,"gold_gain":0,"player_choice":"Simplicity","damage_taken":0,"max_hp_gain":0,"max_hp_loss":0,"event_name":"Back to Basics","floor":20,"gold_loss":0,"cards_upgraded":["Strike_R","Strike_R","Strike_R","Strike_R","Defend_R","Defend_R","Defend_R","Defend_R"]},{"damage_healed":0,"gold_gain":0,"player_choice":"Ignored","damage_taken":0,"max_hp_gain":0,"max_hp_loss":0,"event_name":"The Mausoleum","floor":21,"gold_loss":0}],"is_beta":true,"boss_relics":[{"not_picked":["Philosopher\u0027s Stone","Runic Cube"],"picked":"Black Star"}],"items_purged_floors":[12],"is_endless":false,"potions_floor_spawned":[3,7,10,13,16,19],"killed_by":"Snake Plant","ascension_level":20}