{"gold_per_floor":[15,31,44,44,44,44,82,82,109,144,164,164,195,211,211,305,305,305,265,265,265,265,265,25,25,25,25,25,25,25,25],"floor_reached":31,"playtime":988,"items_purged":["Strike_R"],"score":518,"play_id":"d988ef44-7587-4658-bfcc-88e582910487","local_time":"20191017181923","is_ascension_mode":true,"campfire_choices":[{"data":"Apotheosis","floor":6,"key":"SMITH"},{"floor":8,"key":"REST"},{"floor":12,"key":"REST"},{"data":"Combust","floor":15,"key":"SMITH"},{"floor":23,"key":"REST"},{"floor":29,"key":"REST"}],"neow_cost":"NO_GOLD","seed_source_timestamp":250651666524500,"circlet_count":0,"master_deck":["AscendersBane","Strike_R","Strike_R+1","Strike_R+1","Defend_R","Defend_R","Defend_R","Defend_R","Bash","Apotheosis+1","Shockwave","Combust+1","Immolate","Metallicize","Evolve","Spot Weakness","Rupture","Power Through","Pummel","Heavy Blade"],"relics":["Burning Blood","Golden Idol","Whetstone","Lantern","Bottled Tornado","Champion Belt","Ectoplasm","Bag of Preparation","Charon\u0027s Ashes","Letter Opener"],"potions_floor_usage":[10,11,21],"damage_taken":[{"damage":4,"enemies":"Small Slimes","floor":1,"turns":5},{"damage":8,"enemies":"Jaw Worm","floor":2,"turns":5},{"damage":0,"enemies":"Cultist","floor":3,"turns":4},{"damage":35,"enemies":"3 Sentries","floor":7,"turns":6},{"damage":18,"enemies":"Lagavulin","floor":10,"turns":8},{"damage":8,"enemies":"Exordium Thugs","floor":11,"turns":3},{"damage":18,"enemies":"3 Sentries","floor":13,"turns":3},{"damage":2,"enemies":"3 Louse","floor":14,"turns":3},{"damage":36,"enemies":"The Guardian","floor":16,"turns":14},{"damage":7,"enemies":"3 Byrds","floor":18,"turns":3},{"damage":12,"enemies":"2 Thieves","floor":19,"turns":2},{"damage":15,"enemies":"Sentry and Sphere","floor":20,"turns":4},{"damage":38,"enemies":"Snake Plant","floor":21,"turns":4},{"damage":3,"enemies":"3 Cultists","floor":25,"turns":4},{"damage":16,"enemies":"Snecko","floor":28,"turns":5},{"damage":11,"enemies":"Centurion and Healer","floor":30,"turns":3},{"damage":44,"enemies":"Slavers","floor":31,"turns":3}],"seed_played":"-5323597067897464246","potions_obtained":[{"floor":3,"key":"SpeedPotion"},{"floor":7,"key":"Weak Potion"},{"floor":14,"key":"ElixirPotion"},{"floor":16,"key":"AttackPotion"},{"floor":20,"key":"Strength Potion"},{"floor":30,"key":"SpeedPotion"}],"is_trial":false,"path_per_floor":["M","M","M","?","?","R","E","R","T","E","M","R","E","M","R","B",null,"M","M","M","M","?","R","$","M","T","T","M","R","M","E"],"character_chosen":"IRONCLAD","items_purchased":["Bag of Preparation"],"campfire_rested":4,"item_purchase_floors":[24],"current_hp_per_floor":[70,68,74,74,48,48,19,41,41,29,27,49,37,41,41,11,59,58,52,43,11,11,33,33,36,36,36,26,48,43,0],"gold":25,"neow_bonus":"RANDOM_COLORLESS_2","is_prod":false,"is_daily":false,"chose_seed":false,"campfire_upgraded":2,"win_rate":0,"timestamp":1571361563,"path_taken":["M","M","M","?","?","R","E","R","T","E","M","R","E","M","R","BOSS","M","M","M","M","?","R","$","M","T","?","M","R","?","E"],"build_version":"2019-10-17","purchased_purges":1,"victory":false,"max_hp_per_floor":[75,75,75,75,75,75,75,75,75,75,75,75,75,75,75,75,75,75,75,75,75,75,75,75,75,75,75,75,75,75,75],"card_choices":[{"not_picked":["Panache","Secret Technique"],"picked":"Apotheosis","floor":0},{"not_picked":["Corruption","Sentinel"],"picked":"Shockwave","floor":1},{"not_picked":["Perfected Strike","Sword Boomerang","Clash"],"picked":"SKIP","floor":2},{"not_picked":["Wild Strike","Body Slam"],"picked":"Combust","floor":3},{"not_picked":["Second Wind","Havoc","Cleave"],"picked":"SKIP","floor":7},{"not_picked":["Havoc","Flex"],"picked":"Immolate","floor":10},{"not_picked":["Wild Strike","Flex","Cleave"],"picked":"SKIP","floor":11},{"not_picked":["Infernal Blade","Uppercut","Fire Breathing"],"picked":"SKIP","floor":13},{"not_picked":["Heavy Blade","Reckless Charge"],"picked":"Metallicize","floor":14},{"not_picked":["Clash","Rampage"],"picked":"Evolve","floor":18},{"not_picked":["Pommel Strike","Flex"],"picked":"Spot Weakness","floor":19},{"not_picked":["Cleave","Anger"],"picked":"Rupture","floor":20},{"not_picked":["Dropkick","Uppercut","Wild Strike"],"picked":"SKIP","floor":21},{"not_picked":["Rupture","Armaments","Cleave"],"picked":"SKIP","floor":25},{"not_picked":["Flex","True Grit"],"picked":"Pummel","floor":28},{"not_picked":["Pummel","Twin Strike"],"picked":"Heavy Blade","floor":30}],"player_experience":1620241,"relics_obtained":[{"floor":7,"key":"Whetstone"},{"floor":9,"key":"Lantern"},{"floor":10,"key":"Bottled Tornado"},{"floor":13,"key":"Champion Belt"},{"floor":26,"key":"Charon\u0027s Ashes"},{"floor":27,"key":"Letter Opener"}],"event_choices":[{"cards_removed":["Strike_R"],"damage_healed":0,"gold_gain":0,"player_choice":"Forget","damage_taken":0,"max_hp_gain":0,"max_hp_loss":0,"event_name":"Living Wall","floor":4,"gold_loss":0},{"damage_healed":0,"gold_gain":0,"player_choice":"Take Damage","damage_taken":26,"relics_obtained":["Golden Idol"],"max_hp_gain":0,"max_hp_loss":0,"event_name":"Golden Idol","floor":5,"gold_loss":0},{"damage_healed":0,"gold_gain":0,"player_choice":"Read","damage_taken":0,"max_hp_gain":0,"max_hp_loss":0,"event_name":"The Library","floor":22,"gold_loss":0,"cards_obtained":["Power Through"]}],"is_beta":true,"boss_relics":[{"not_picked":["Black Blood","SlaversCollar"],"picked":"Ectoplasm"}],"items_purged_floors":[24],"is_endless":false,"potions_floor_spawned":[3,7,14,16,20,30],"killed_by":"Slavers","ascension_level":20}