{"gold_per_floor":[114,133,144,156,220,251,261,261,288,48,48,77,77,97,97,192,192,211,211,126,15,34,34,66,82,82,97,97,114,114,130,130,227,227,239,239,239,257,270,270,281,281,307,307,327,327],"floor_reached":46,"playtime":2722,"items_purged":[],"score":704,"play_id":"a483f1b3-23bb-40f1-af88-c4ea1d79ac76","local_time":"20191018084716","is_ascension_mode":true,"campfire_choices":[{"floor":8,"key":"REST"},{"floor":11,"key":"REST"},{"floor":13,"key":"REST"},{"data":"Creative AI","floor":15,"key":"SMITH"},{"data":"Fission","floor":23,"key":"SMITH"},{"floor":28,"key":"REST"},{"data":"Zap","floor":30,"key":"SMITH"},{"floor":32,"key":"REST"},{"floor":40,"key":"REST"},{"floor":42,"key":"REST"},{"floor":44,"key":"REST"}],"neow_cost":"NONE","seed_source_timestamp":632534970241600,"circlet_count":0,"master_deck":["AscendersBane","Strike_B","Strike_B","Strike_B","Strike_B","Defend_B","Defend_B","Defend_B","Defend_B","Zap+1","Dualcast","Go for the Eyes","Melter","Streamline","Auto Shields","Creative AI+1","Double Energy","Hologram","Leap","Cold Snap","Fission+1","Cold Snap","White Noise","Storm","Leap","Chaos","Steam+1","Biased Cognition","Undo+1","Streamline+1","Loop","Parasite"],"relics":["Cracked Core","Ancient Tea Set","Mummified Hand","Oddly Smooth Stone","Blood Vial","DataDisk","White Beast Statue","Pen Nib","Orichalcum","Strawberry","Velvet Choker","Boot"],"potions_floor_usage":[12,14,16,18,22,24,31,33,35,38,39,41,41,45,46],"damage_taken":[{"damage":1,"enemies":"Cultist","floor":1,"turns":4},{"damage":0,"enemies":"Small Slimes","floor":2,"turns":3},{"damage":2,"enemies":"Jaw Worm","floor":3,"turns":4},{"damage":24,"enemies":"Exordium Wildlife","floor":4,"turns":5},{"damage":20,"enemies":"Lagavulin","floor":6,"turns":7},{"damage":15,"enemies":"Large Slime","floor":7,"turns":5},{"damage":30,"enemies":"Gremlin Nob","floor":12,"turns":5},{"damage":0,"enemies":"Exordium Thugs","floor":14,"turns":3},{"damage":24,"enemies":"Slime Boss","floor":16,"turns":7},{"damage":2,"enemies":"Chosen","floor":18,"turns":5},{"damage":10,"enemies":"Shell Parasite","floor":22,"turns":8},{"damage":37,"enemies":"Book of Stabbing","floor":24,"turns":6},{"damage":20,"enemies":"Centurion and Healer","floor":25,"turns":4},{"damage":2,"enemies":"Shelled Parasite and Fungi","floor":27,"turns":7},{"damage":0,"enemies":"Sentry and Sphere","floor":29,"turns":3},{"damage":25,"enemies":"Snecko","floor":31,"turns":5},{"damage":8,"enemies":"Champ","floor":33,"turns":9},{"damage":45,"enemies":"3 Darklings","floor":35,"turns":7},{"damage":0,"enemies":"Orb Walker","floor":38,"turns":3},{"damage":18,"enemies":"Jaw Worm Horde","floor":39,"turns":5},{"damage":14,"enemies":"Writhing Mass","floor":41,"turns":5},{"damage":40,"enemies":"4 Shapes","floor":45,"turns":8},{"damage":39,"enemies":"Nemesis","floor":46,"turns":2}],"seed_played":"738671053888088638","potions_obtained":[{"floor":2,"key":"SteroidPotion"},{"floor":6,"key":"Dexterity Potion"},{"floor":7,"key":"Regen Potion"},{"floor":12,"key":"Block Potion"},{"floor":14,"key":"SkillPotion"},{"floor":16,"key":"PowerPotion"},{"floor":18,"key":"Poison Potion"},{"floor":22,"key":"GamblersBrew"},{"floor":24,"key":"Dexterity Potion"},{"floor":27,"key":"Swift Potion"},{"floor":31,"key":"AttackPotion"},{"floor":33,"key":"Swift Potion"},{"floor":35,"key":"SteroidPotion"},{"floor":38,"key":"PowerPotion"},{"floor":39,"key":"GamblersBrew"},{"floor":41,"key":"SkillPotion"},{"floor":45,"key":"PowerPotion"}],"is_trial":false,"path_per_floor":["M","M","M","M","?","E","M","R","T","$","R","E","R","M","R","B",null,"M","?","?","$","M","R","E","M","T","M","R","M","R","M","R","B",null,"M","?","?","M","M","R","M","R","T","R","M","E"],"character_chosen":"DEFECT","items_purchased":["Blood Vial","Hologram","Leap","White Noise","Storm"],"campfire_rested":8,"item_purchase_floors":[10,10,10,21,21],"current_hp_per_floor":[67,67,65,41,41,21,6,28,28,28,50,36,58,60,60,38,66,66,66,66,66,58,58,23,5,12,12,36,38,38,15,39,33,70,27,27,27,29,13,37,25,49,49,73,35,0],"gold":327,"neow_bonus":"RANDOM_COMMON_RELIC","is_prod":false,"is_daily":false,"chose_seed":false,"campfire_upgraded":3,"win_rate":0,"timestamp":1571381236,"path_taken":["M","M","?","M","?","E","M","R","T","?","R","E","R","M","R","BOSS","M","?","?","?","M","R","E","?","T","M","R","M","R","M","R","BOSS","M","?","?","?","M","R","M","R","T","R","M","E"],"build_version":"2019-07-17","purchased_purges":0,"victory":false,"max_hp_per_floor":[75,75,75,75,75,75,75,75,75,75,75,75,75,75,75,75,75,75,75,75,75,75,75,75,75,82,82,82,82,82,82,82,82,82,82,82,82,82,82,82,82,82,82,82,82,82],"card_choices":[{"not_picked":["Sweeping Beam","Conserve Battery"],"picked":"Go for the Eyes","floor":1},{"not_picked":["Gash","Go for the Eyes"],"picked":"Melter","floor":2},{"not_picked":["Steam","FTL"],"picked":"Streamline","floor":3},{"not_picked":["Tempest","Darkness"],"picked":"Auto Shields","floor":4},{"not_picked":["Streamline","Tempest"],"picked":"Creative AI","floor":6},{"not_picked":["Hologram","FTL"],"picked":"Double Energy","floor":7},{"not_picked":["Core Surge","Lockon"],"picked":"Cold Snap","floor":12},{"not_picked":["Reinforced Body","Turbo","Consume"],"picked":"SKIP","floor":14},{"not_picked":["Meteor Strike","Seek"],"picked":"Fission","floor":16},{"not_picked":["Stack","Force Field"],"picked":"Cold Snap","floor":18},{"not_picked":["Cold Snap+1","Aggregate"],"picked":"Leap","floor":22},{"not_picked":["Redo","Undo"],"picked":"Chaos","floor":24},{"not_picked":["Steam","Beam Cell","Cold Snap"],"picked":"SKIP","floor":25},{"not_picked":["Barrage","Tempest+1"],"picked":"Steam+1","floor":27},{"not_picked":["Force Field","Aggregate","Turbo+1"],"picked":"SKIP","floor":29},{"not_picked":["Rebound","Leap","Cold Snap"],"picked":"SKIP","floor":31},{"not_picked":["Thunder Strike","Meteor Strike"],"picked":"Biased Cognition","floor":33},{"not_picked":["Consume","Melter+1"],"picked":"Undo+1","floor":35},{"not_picked":["Steam","Turbo+1"],"picked":"Streamline+1","floor":38},{"not_picked":["Leap+1","Darkness"],"picked":"Loop","floor":39},{"not_picked":["Ball Lightning","FTL","Hologram+1"],"picked":"SKIP","floor":41},{"not_picked":["FTL","Barrage+1","Fission"],"picked":"SKIP","floor":45}],"player_experience":389751,"relics_obtained":[{"floor":6,"key":"Mummified Hand"},{"floor":9,"key":"Oddly Smooth Stone"},{"floor":12,"key":"DataDisk"},{"floor":24,"key":"Orichalcum"},{"floor":26,"key":"Strawberry"},{"floor":43,"key":"Boot"}],"event_choices":[{"damage_healed":0,"gold_gain":64,"player_choice":"Gained Gold","damage_taken":0,"max_hp_gain":0,"max_hp_loss":0,"event_name":"Golden Wing","floor":5,"gold_loss":0},{"damage_healed":0,"gold_gain":0,"player_choice":"Ignored","damage_taken":0,"max_hp_gain":0,"max_hp_loss":0,"event_name":"Ghosts","floor":19,"gold_loss":0},{"damage_healed":0,"gold_gain":0,"player_choice":"Obtained Relic","damage_taken":0,"relics_obtained":["Pen Nib"],"max_hp_gain":0,"max_hp_loss":0,"event_name":"Addict","floor":20,"gold_loss":85},{"damage_healed":0,"gold_gain":0,"player_choice":"Memory 1","damage_taken":0,"max_hp_gain":0,"max_hp_loss":0,"event_name":"SensoryStone","floor":36,"gold_loss":0},{"damage_healed":0,"gold_gain":0,"player_choice":"Got Potions","damage_taken":0,"max_hp_gain":0,"max_hp_loss":0,"event_name":"Lab","floor":37,"gold_loss":0}],"is_beta":false,"boss_relics":[{"not_picked":["Lizard Tail","Coffee Dripper"],"picked":"White Beast Statue"},{"not_picked":["Sozu","Black Star"],"picked":"Velvet Choker"}],"items_purged_floors":[],"is_endless":false,"potions_floor_spawned":[2,6,7,12,14,16,18,22,24,25,27,29,31,33,35,38,39,41,45],"killed_by":"Nemesis","ascension_level":11}