{"gold_per_floor":[213,229,39,49,64,64,91,101,101,101,132,150,44,62,62,138,138,157,157,107,17,35,35,46,61,86,86,117,117,127,160,160,237,287,307,355,368,418,429,455,455,468,520,555,555,581,581,20,20,20,20],"floor_reached":52,"playtime":2184,"items_purged":["Strike_R","Strike_R","Anger","Strike_R"],"score":2134,"play_id":"b8112fd9-6813-4efd-bf71-8c7ba1c619ac","local_time":"20191019144904","is_ascension_mode":true,"campfire_choices":[{"data":"Bash","floor":6,"key":"SMITH"},{"data":"Fire Breathing","floor":10,"key":"SMITH"},{"data":"Armaments","floor":15,"key":"SMITH"},{"data":"Spot Weakness","floor":23,"key":"SMITH"},{"data":"True Grit","floor":27,"key":"SMITH"},{"data":"Feel No Pain","floor":29,"key":"SMITH"},{"data":"Spot Weakness","floor":32,"key":"SMITH"},{"data":"Dual Wield","floor":41,"key":"SMITH"},{"data":"Metallicize","floor":49,"key":"SMITH"}],"neow_cost":"NONE","seed_source_timestamp":409634522503200,"circlet_count":0,"master_deck":["AscendersBane","Strike_R","Defend_R","Defend_R","Defend_R","Defend_R+1","Bash+1","Wild Strike","Feel No Pain+1","Carnage","Fire Breathing+1","Reaper","Spot Weakness+1","Disarm+1","Armaments+1","True Grit+1","Fiend Fire","Heavy Blade+1","Corruption","Power Through+1","Burning Pact+1","Shrug It Off","Sentinel","Spot Weakness+1","Exhume","Burning Pact+1","Dual Wield+1","Metallicize+1","Discovery","Corruption"],"relics":["Burning Blood","Question Card","Sundial","Smiling Mask","Snecko Eye","War Paint","Calipers","Mercury Hourglass","Tiny House","Thread and Needle","Bottled Tornado","Regal Pillow","Bag of Preparation","Vajra","Strawberry","ClockworkSouvenir"],"potions_floor_usage":[5,12,14,14,16,31,35,37,37,44,50,51],"damage_taken":[{"damage":1,"enemies":"Cultist","floor":1,"turns":3},{"damage":9,"enemies":"Jaw Worm","floor":2,"turns":4},{"damage":0,"enemies":"2 Louse","floor":4,"turns":2},{"damage":9,"enemies":"Gremlin Gang","floor":5,"turns":3},{"damage":35,"enemies":"Lagavulin","floor":7,"turns":7},{"damage":11,"enemies":"2 Fungi Beasts","floor":8,"turns":3},{"damage":17,"enemies":"3 Sentries","floor":11,"turns":5},{"damage":18,"enemies":"Large Slime","floor":12,"turns":5},{"damage":14,"enemies":"Exordium Thugs","floor":14,"turns":4},{"damage":25,"enemies":"Hexaghost","floor":16,"turns":9},{"damage":14,"enemies":"3 Byrds","floor":18,"turns":4},{"damage":38,"enemies":"2 Thieves","floor":22,"turns":4},{"damage":0,"enemies":"Sentry and Sphere","floor":24,"turns":4},{"damage":0,"enemies":"3 Cultists","floor":25,"turns":4},{"damage":13,"enemies":"Slavers","floor":28,"turns":5},{"damage":9,"enemies":"Shelled Parasite and Fungi","floor":30,"turns":4},{"damage":33,"enemies":"Book of Stabbing","floor":31,"turns":5},{"damage":14,"enemies":"Champ","floor":33,"turns":15},{"damage":16,"enemies":"Orb Walker","floor":35,"turns":4},{"damage":54,"enemies":"2 Orb Walkers","floor":36,"turns":4},{"damage":9,"enemies":"3 Darklings","floor":37,"turns":6},{"damage":38,"enemies":"Transient","floor":39,"turns":6},{"damage":0,"enemies":"Giant Head","floor":40,"turns":6},{"damage":8,"enemies":"Writhing Mass","floor":42,"turns":5},{"damage":0,"enemies":"Reptomancer","floor":44,"turns":1},{"damage":0,"enemies":"Nemesis","floor":46,"turns":9},{"damage":42,"enemies":"Awakened One","floor":50,"turns":7},{"damage":53,"enemies":"Time Eater","floor":51,"turns":12}],"seed_played":"-4042843757694764471","potions_obtained":[{"floor":4,"key":"DistilledChaos"},{"floor":8,"key":"Explosive Potion"},{"floor":11,"key":"Fruit Juice"},{"floor":12,"key":"BloodPotion"},{"floor":14,"key":"Swift Potion"},{"floor":18,"key":"Dexterity Potion"},{"floor":22,"key":"DistilledChaos"},{"floor":24,"key":"BloodPotion"},{"floor":33,"key":"FearPotion"},{"floor":36,"key":"Regen Potion"},{"floor":39,"key":"Explosive Potion"},{"floor":40,"key":"SneckoOil"},{"floor":46,"key":"Ancient Potion"}],"is_trial":false,"path_per_floor":["M","M","$","M","M","R","E","M","T","R","E","M","$","M","R","B",null,"M","?","$","$","M","R","M","M","T","R","E","R","M","E","R","B",null,"M","?","M","?","M","E","R","M","T","E","?","E","?","$","R","B","B",null],"character_chosen":"IRONCLAD","items_purchased":["Feel No Pain","Carnage","Armaments","Corruption","Discovery","Strawberry","ClockworkSouvenir","Corruption"],"campfire_rested":0,"item_purchase_floors":[3,3,13,21,48,48,48,48],"current_hp_per_floor":[73,70,70,75,72,72,49,52,52,52,41,34,34,42,42,31,68,67,67,67,67,51,51,61,80,80,80,73,73,80,80,80,80,85,75,43,85,85,83,85,85,85,85,85,81,81,81,88,88,72,63],"gold":20,"neow_bonus":"HUNDRED_GOLD","is_prod":false,"is_daily":false,"chose_seed":false,"campfire_upgraded":9,"win_rate":0,"timestamp":1571521744,"path_taken":["M","M","$","?","M","R","E","M","T","R","E","M","?","M","R","BOSS","M","?","?","$","?","R","M","M","T","R","E","R","M","E","R","BOSS","M","?","M","?","?","E","R","M","T","E","?","E","?","$","R","BOSS","BOSS"],"build_version":"2019-10-18","purchased_purges":4,"victory":true,"max_hp_per_floor":[75,75,75,75,75,75,75,75,75,75,75,80,80,80,80,80,80,80,80,80,80,80,80,80,80,80,80,80,80,80,80,80,80,85,85,85,85,85,85,85,85,85,85,85,81,81,81,88,88,88,88],"card_choices":[{"not_picked":["Havoc","Wild Strike"],"picked":"Anger","floor":1},{"not_picked":["Twin Strike","Flex"],"picked":"Wild Strike","floor":2},{"not_picked":["Iron Wave","Havoc"],"picked":"Fire Breathing","floor":4},{"not_picked":["Second Wind","Heavy Blade"],"picked":"Reaper","floor":5},{"not_picked":["Armaments","Rampage"],"picked":"Anger","floor":7},{"not_picked":["Perfected Strike","Twin Strike","Second Wind","Bloodletting"],"picked":"SKIP","floor":8},{"not_picked":["Perfected Strike","Reckless Charge","Rage"],"picked":"Spot Weakness","floor":11},{"not_picked":["Berserk","Dropkick","Uppercut"],"picked":"Disarm","floor":12},{"not_picked":["Wild Strike","Flex","Cleave"],"picked":"True Grit","floor":14},{"not_picked":["Bludgeon","Juggernaut","Exhume"],"picked":"Fiend Fire","floor":16},{"not_picked":["Shrug It Off","Rampage","Cleave"],"picked":"Heavy Blade+1","floor":18},{"not_picked":["Rampage","Thunderclap","Seeing Red"],"picked":"Power Through","floor":22},{"not_picked":["Cleave+1","Corruption","Fiend Fire"],"picked":"Burning Pact+1","floor":24},{"not_picked":["Pommel Strike","Sword Boomerang+1","Reckless Charge"],"picked":"Shrug It Off","floor":25},{"not_picked":["Sentinel","Flex","Headbutt","Warcry"],"picked":"SKIP","floor":28},{"not_picked":["Flex","Headbutt","Warcry"],"picked":"Sentinel","floor":28},{"not_picked":["Corruption","Havoc","Wild Strike+1","Pommel Strike"],"picked":"SKIP","floor":30},{"not_picked":["Twin Strike","Perfected Strike","Feel No Pain"],"picked":"Spot Weakness","floor":31},{"not_picked":["Reaper","Bludgeon","Berserk"],"picked":"Exhume","floor":33},{"not_picked":["Clash","Body Slam+1","Clothesline+1"],"picked":"Burning Pact+1","floor":35},{"not_picked":["Cleave+1","Clash","Combust","Bludgeon"],"picked":"SKIP","floor":37},{"not_picked":["Bloodletting","Cleave","Armaments","Searing Blow"],"picked":"SKIP","floor":39},{"not_picked":["Havoc+1","Blood for Blood+1","Hemokinesis+1"],"picked":"Dual Wield","floor":40},{"not_picked":["Anger+1","Clothesline","Twin Strike","Pommel Strike"],"picked":"SKIP","floor":42},{"not_picked":["Warcry","Whirlwind","Double Tap","Sword Boomerang+1"],"picked":"SKIP","floor":44},{"not_picked":["Cleave+1","Armaments","Uppercut"],"picked":"Metallicize","floor":46}],"player_experience":1663309,"relics_obtained":[{"floor":7,"key":"Question Card"},{"floor":9,"key":"Sundial"},{"floor":11,"key":"Smiling Mask"},{"floor":26,"key":"War Paint"},{"floor":28,"key":"Calipers"},{"floor":31,"key":"Mercury Hourglass"},{"floor":36,"key":"Thread and Needle"},{"floor":40,"key":"Bottled Tornado"},{"floor":43,"key":"Regal Pillow"},{"floor":44,"key":"Bag of Preparation"},{"floor":46,"key":"Vajra"}],"event_choices":[{"cards_removed":["Anger"],"damage_healed":0,"gold_gain":0,"player_choice":"Card Removal","damage_taken":0,"max_hp_gain":0,"max_hp_loss":0,"event_name":"Wheel of Change","floor":19,"gold_loss":0},{"damage_healed":0,"gold_gain":0,"player_choice":"Fight","damage_taken":0,"max_hp_gain":0,"max_hp_loss":0,"event_name":"Mysterious Sphere","floor":36,"gold_loss":0},{"damage_healed":0,"gold_gain":50,"player_choice":"Pray","damage_taken":0,"max_hp_gain":0,"max_hp_loss":0,"event_name":"Golden Shrine","floor":38,"gold_loss":0},{"damage_healed":0,"gold_gain":0,"player_choice":"Max HP","damage_taken":0,"max_hp_gain":0,"max_hp_loss":4,"event_name":"Winding Halls","floor":45,"gold_loss":0},{"cards_removed":["Strike_R"],"damage_healed":0,"gold_gain":0,"player_choice":"Removed Attack","damage_taken":0,"max_hp_gain":0,"max_hp_loss":0,"event_name":"Falling","floor":47,"gold_loss":0}],"is_beta":true,"boss_relics":[{"not_picked":["Astrolabe","Velvet Choker"],"picked":"Snecko Eye"},{"not_picked":["Busted Crown","Black Blood"],"picked":"Tiny House"}],"items_purged_floors":[3,13,20,48],"is_endless":false,"potions_floor_spawned":[4,8,11,12,14,18,22,24,30,33,36,39,40,46],"ascension_level":20}