{"gold_per_floor":[118,118,21,34,49,77,91,120,146,146,146,146,171,121,121,199,199,211,211,118,118,135,135,149,149,202,117,132,164,164,164,164,240,240,259,259,50,105,205,205,216,242,242,274,112,112,112,130,130,130,130],"floor_reached":52,"playtime":1685,"items_purged":["Strike_R","Strike_R","Strike_R+1","Anger"],"score":2034,"play_id":"93a7a023-7959-45b0-82d9-3e26d60d4468","local_time":"20191016163201","is_ascension_mode":true,"campfire_choices":[{"data":"Inflame","floor":12.0,"key":"SMITH"},{"data":"Limit Break","floor":15.0,"key":"SMITH"},{"data":"J.A.X.","floor":23.0,"key":"SMITH"},{"data":"Flame Barrier","floor":25.0,"key":"SMITH"},{"data":"Shockwave","floor":30.0,"key":"SMITH"},{"data":"Battle Trance","floor":32.0,"key":"SMITH"},{"data":"Battle Trance","floor":40.0,"key":"SMITH"},{"data":"Heavy Blade","floor":47,"key":"SMITH"},{"floor":49,"key":"REST"}],"neow_cost":"NONE","seed_source_timestamp":157089270577800,"circlet_count":0,"master_deck":["AscendersBane","Defend_R+1","Defend_R+1","Defend_R+1","Defend_R+1","Bash","Headbutt","Inflame+1","Anger","Battle Trance+1","Limit Break+1","Offering+1","Flame Barrier+1","J.A.X.+1","Shockwave+1","Seeing Red","Battle Trance+1","Seeing Red","Impervious","Pummel+1","Headbutt","Shrug It Off","Disarm+1","Heavy Blade+1","Exhume","Shrug It Off"],"special_seed":0,"relics":["Burning Blood","NeowsBlessing","WarpedTongs","CloakClasp","Regal Pillow","Juzu Bracelet","Smiling Mask","Empty Cage","Ancient Tea Set","Question Card","Lantern","Cursed Key","Nunchaku","Incense Burner","Centennial Puzzle","Happy Flower"],"potions_floor_usage":[44,50,51],"damage_taken":[{"damage":0.0,"enemies":"2 Louse","floor":1.0,"turns":1.0},{"damage":0.0,"enemies":"Cultist","floor":4.0,"turns":1.0},{"damage":0.0,"enemies":"Jaw Worm","floor":5.0,"turns":1.0},{"damage":9.0,"enemies":"Gremlin Nob","floor":6.0,"turns":3.0},{"damage":14.0,"enemies":"Large Slime","floor":7.0,"turns":4.0},{"damage":20.0,"enemies":"3 Sentries","floor":8.0,"turns":7.0},{"damage":14.0,"enemies":"Lagavulin","floor":13.0,"turns":4.0},{"damage":19.0,"enemies":"Hexaghost","floor":16.0,"turns":5.0},{"damage":6.0,"enemies":"Chosen","floor":18.0,"turns":3.0},{"damage":9.0,"enemies":"3 Byrds","floor":22.0,"turns":3.0},{"damage":9.0,"enemies":"3 Cultists","floor":24.0,"turns":3.0},{"damage":14.0,"enemies":"Centurion and Healer","floor":28.0,"turns":6.0},{"damage":19.0,"enemies":"Gremlin Leader","floor":29.0,"turns":3.0},{"damage":31.0,"enemies":"Champ","floor":33.0,"turns":8.0},{"damage":9.0,"enemies":"3 Shapes","floor":35.0,"turns":4.0},{"damage":14.0,"enemies":"2 Orb Walkers","floor":38.0,"turns":4.0},{"damage":9.0,"enemies":"Mind Bloom Boss Battle","floor":39.0,"turns":3.0},{"damage":16.0,"enemies":"Orb Walker","floor":41.0,"turns":5.0},{"damage":5.0,"enemies":"Giant Head","floor":42.0,"turns":4.0},{"damage":21,"enemies":"Nemesis","floor":44,"turns":5},{"damage":9,"enemies":"Sphere and 2 Shapes","floor":48,"turns":3},{"damage":16,"enemies":"Awakened One","floor":50,"turns":4},{"damage":43,"enemies":"Donu and Deca","floor":51,"turns":4}],"seed_played":"-2394703553157877411","potions_obtained":[{"floor":5.0,"key":"BloodPotion"},{"floor":6.0,"key":"Dexterity Potion"},{"floor":13.0,"key":"BloodPotion"},{"floor":22.0,"key":"LiquidMemories"},{"floor":24.0,"key":"SneckoOil"},{"floor":33.0,"key":"FearPotion"},{"floor":38.0,"key":"SkillPotion"},{"floor":41.0,"key":"BloodPotion"},{"floor":48,"key":"DistilledChaos"}],"is_trial":false,"path_per_floor":["M","?","$","M","M","E","M","E","T","?","?","R","E","$","R","B",null,"M","?","$","?","M","R","M","R","T","?","M","E","R","?","R","B",null,"M","?","$","?","?","R","M","E","T","E","$","?","R","M","R","B","B",null],"character_chosen":"IRONCLAD","items_purchased":["Inflame","Anger","Shockwave","Headbutt","Shrug It Off","BloodPotion","Shrug It Off","BloodPotion"],"campfire_rested":1,"item_purchase_floors":[3,3,20,37,37,37,45,45],"current_hp_per_floor":[74,74,74,75,75,72,64,65,65,58,63,63,55,55,55,42,71,71,71,71,71,68,68,80,80,80,80,72,59,59,59,59,34,69,66,66,66,74,71,71,61,62,62,63,63,63,63,60,80,70,49],"gold":130,"neow_bonus":"THREE_ENEMY_KILL","is_prod":false,"is_daily":false,"chose_seed":false,"campfire_upgraded":8,"win_rate":0,"timestamp":1571268721,"path_taken":["M","?","?","M","?","E","M","E","T","?","?","R","E","$","R","BOSS","M","?","$","?","M","R","M","R","T","?","M","E","R","?","R","BOSS","M","?","$","?","?","R","M","E","T","E","?","?","R","M","R","BOSS","BOSS"],"build_version":"2019-10-15","purchased_purges":4,"victory":true,"max_hp_per_floor":[75,75,75,75,75,75,75,75,75,75,80,80,80,80,80,80,80,80,80,80,80,80,80,80,80,80,80,80,80,80,80,80,80,80,80,80,80,80,80,80,80,80,80,80,80,80,80,80,80,80,80],"card_choices":[{"not_picked":["Sever Soul","Cleave"],"picked":"Headbutt","floor":1.0},{"not_picked":["Intimidate","Headbutt"],"picked":"Anger","floor":4.0},{"not_picked":["Corruption","Armaments"],"picked":"Battle Trance","floor":5.0},{"not_picked":["Sentinel","Seeing Red","Pummel"],"picked":"SKIP","floor":6.0},{"not_picked":["Hemokinesis","Pummel"],"picked":"Limit Break","floor":7.0},{"not_picked":["Shrug It Off","Warcry"],"picked":"Offering","floor":8.0},{"not_picked":["Sword Boomerang","Seeing Red"],"picked":"Flame Barrier","floor":13.0},{"not_picked":["Demon Form","Feed"],"picked":"Immolate","floor":16.0},{"not_picked":["Corruption","Clothesline","Perfected Strike"],"picked":"SKIP","floor":18.0},{"not_picked":["Rage","Twin Strike"],"picked":"Seeing Red","floor":22.0},{"not_picked":["Clothesline","Havoc+1"],"picked":"Battle Trance","floor":24.0},{"not_picked":["Perfected Strike","Twin Strike","Pommel Strike"],"picked":"Seeing Red","floor":28.0},{"not_picked":["Clash","Body Slam","Anger","Havoc"],"picked":"SKIP","floor":29.0},{"not_picked":["Double Tap","Fiend Fire","Bludgeon"],"picked":"Impervious","floor":33.0},{"not_picked":["Pommel Strike","Burning Pact","Intimidate"],"picked":"Pummel+1","floor":35.0},{"not_picked":["Carnage+1","Sword Boomerang","Heavy Blade"],"picked":"Disarm+1","floor":39.0},{"not_picked":["Iron Wave","Thunderclap+1","Shockwave","Burning Pact+1"],"picked":"SKIP","floor":41.0},{"not_picked":["Berserk","Immolate","Wild Strike"],"picked":"Heavy Blade","floor":42.0},{"not_picked":["Clothesline","Twin Strike+1","Perfected Strike"],"picked":"Exhume","floor":44},{"not_picked":["Clothesline","Iron Wave","Reckless Charge","Cleave"],"picked":"SKIP","floor":48}],"player_experience":1601070,"relics_obtained":[{"floor":6.0,"key":"CloakClasp"},{"floor":8.0,"key":"Regal Pillow"},{"floor":9.0,"key":"Juzu Bracelet"},{"floor":13.0,"key":"Smiling Mask"},{"floor":26.0,"key":"Ancient Tea Set"},{"floor":29.0,"key":"Lantern"},{"floor":38.0,"key":"Nunchaku"},{"floor":39.0,"key":"Incense Burner"},{"floor":42.0,"key":"Centennial Puzzle"},{"floor":44,"key":"Happy Flower"}],"event_choices":[{"damage_healed":0.0,"max_hp_gain":0.0,"max_hp_loss":0.0,"gold_gain":0.0,"event_name":"Accursed Blacksmith","player_choice":"Rummage","floor":2.0,"gold_loss":0.0,"damage_taken":0.0,"relics_obtained":["WarpedTongs"],"cards_obtained":["Pain"]},{"cards_removed":["Pain"],"damage_healed":0.0,"max_hp_gain":0.0,"max_hp_loss":0.0,"gold_gain":0.0,"event_name":"Golden Wing","player_choice":"Card Removal","floor":10.0,"gold_loss":0.0,"damage_taken":7.0},{"damage_healed":0.0,"max_hp_gain":5.0,"max_hp_loss":0.0,"gold_gain":0.0,"event_name":"Big Fish","player_choice":"Donut","floor":11.0,"gold_loss":0.0,"damage_taken":0.0},{"damage_healed":0.0,"max_hp_gain":0.0,"max_hp_loss":0.0,"gold_gain":0.0,"event_name":"Drug Dealer","player_choice":"Obtain J.A.X.","floor":19.0,"gold_loss":0.0,"damage_taken":0.0,"cards_obtained":["J.A.X."]},{"damage_healed":0.0,"max_hp_gain":0.0,"max_hp_loss":0.0,"gold_gain":0.0,"event_name":"Back to Basics","player_choice":"Simplicity","floor":21.0,"gold_loss":0.0,"damage_taken":0.0,"cards_upgraded":["Strike_R","Defend_R","Defend_R","Defend_R","Defend_R"]},{"damage_healed":0.0,"max_hp_gain":0.0,"max_hp_loss":0.0,"gold_gain":0.0,"event_name":"Addict","player_choice":"Obtained Relic","floor":27.0,"gold_loss":85.0,"damage_taken":0.0,"relics_obtained":["Question Card"]},{"damage_healed":0.0,"max_hp_gain":0.0,"max_hp_loss":0.0,"gold_gain":0.0,"event_name":"Ghosts","player_choice":"Ignored","floor":31.0,"gold_loss":0.0,"damage_taken":0.0},{"damage_healed":0.0,"max_hp_gain":0.0,"max_hp_loss":0.0,"gold_gain":0.0,"event_name":"Upgrade Shrine","player_choice":"Upgraded","floor":36.0,"gold_loss":0.0,"damage_taken":0.0,"cards_upgraded":["Offering"]},{"damage_healed":0.0,"max_hp_gain":0.0,"max_hp_loss":0.0,"gold_gain":0.0,"event_name":"Mysterious Sphere","player_choice":"Fight","floor":38.0,"gold_loss":0.0,"damage_taken":0.0},{"damage_healed":0.0,"max_hp_gain":0.0,"max_hp_loss":0.0,"gold_gain":0.0,"event_name":"MindBloom","player_choice":"Fight","floor":39.0,"gold_loss":0.0,"damage_taken":0.0},{"cards_removed":["Immolate"],"damage_healed":0,"gold_gain":0,"player_choice":"Removed Attack","damage_taken":0,"max_hp_gain":0,"max_hp_loss":0,"event_name":"Falling","floor":46,"gold_loss":0}],"is_beta":true,"boss_relics":[{"not_picked":["Velvet Choker","Black Star"],"picked":"Empty Cage"},{"not_picked":["SlaversCollar","Snecko Eye"],"picked":"Cursed Key"}],"items_purged_floors":[14,20,37,45],"is_endless":false,"potions_floor_spawned":[5,6,7,13,22,24,29,33,38,41,48],"ascension_level":20}