{"gold_per_floor":[112,123,133,153,253,253,287,305,305,305,333,333,333,351,351,430,430,445,370,71,87,98,98,11,22,48,48],"floor_reached":27,"playtime":854,"items_purged":[],"score":450,"play_id":"5198b668-cf7b-4a09-8684-b9713ff2ffc9","local_time":"20191001120442","is_ascension_mode":true,"campfire_choices":[{"data":"Rampage","floor":6,"key":"SMITH"},{"data":"True Grit","floor":10,"key":"SMITH"},{"data":"Carnage","floor":12,"key":"SMITH"},{"floor":15,"key":"REST"},{"data":"Dark Embrace","floor":23,"key":"SMITH"}],"neow_cost":"NONE","seed_source_timestamp":1251833667387900,"circlet_count":0,"master_deck":["AscendersBane","Strike_R","Strike_R","Strike_R","Strike_R","Defend_R","Defend_R","Defend_R","Defend_R","Bash","Rampage+1","Headbutt","Carnage+1","True Grit+1","Battle Trance","Burning Pact","Seeing Red","Shockwave","Dark Embrace+1","Corruption","Evolve","Feel No Pain"],"relics":["Burning Blood","CaptainsWheel","Meat on the Bone","Kunai","Mark of Pain","Bag of Preparation","Smiling Mask"],"potions_floor_usage":[7,7,18,22],"damage_taken":[{"damage":7,"enemies":"2 Louse","floor":1,"turns":3},{"damage":1,"enemies":"Cultist","floor":2,"turns":3},{"damage":7,"enemies":"Small Slimes","floor":3,"turns":3},{"damage":12,"enemies":"Looter","floor":4,"turns":3},{"damage":24,"enemies":"Gremlin Nob","floor":7,"turns":4},{"damage":23,"enemies":"3 Louse","floor":8,"turns":4},{"damage":30,"enemies":"3 Sentries","floor":11,"turns":8},{"damage":2,"enemies":"2 Fungi Beasts","floor":14,"turns":4},{"damage":22,"enemies":"The Guardian","floor":16,"turns":11},{"damage":11,"enemies":"Shell Parasite","floor":18,"turns":5},{"damage":7,"enemies":"Spheric Guardian","floor":21,"turns":4},{"damage":27,"enemies":"3 Cultists","floor":22,"turns":6},{"damage":8,"enemies":"Snecko","floor":25,"turns":5},{"damage":62,"enemies":"Gremlin Leader","floor":27,"turns":4}],"seed_played":"4265742589635531155","potions_obtained":[{"floor":1,"key":"LiquidBronze"},{"floor":2,"key":"Ancient Potion"},{"floor":4,"key":"Swift Potion"},{"floor":11,"key":"Explosive Potion"},{"floor":16,"key":"EssenceOfSteel"},{"floor":21,"key":"Ancient Potion"},{"floor":22,"key":"ElixirPotion"}],"is_trial":false,"path_per_floor":["M","M","M","M","?","R","E","M","T","R","E","R","?","M","R","B",null,"M","?","$","M","M","R","$","M","T","E"],"character_chosen":"IRONCLAD","items_purchased":["Evolve","Bag of Preparation","BloodPotion","Feel No Pain"],"campfire_rested":1,"item_purchase_floors":[20,20,20,24],"current_hp_per_floor":[74,79,78,72,72,72,54,37,37,37,25,25,14,30,54,50,74,69,69,69,68,63,63,63,61,61,0],"gold":48,"neow_bonus":"TEN_PERCENT_HP_BONUS","is_prod":false,"is_daily":false,"chose_seed":false,"campfire_upgraded":4,"win_rate":0,"timestamp":1569956682,"path_taken":["M","M","M","M","?","R","E","?","T","R","E","R","?","M","R","BOSS","M","?","$","M","M","R","$","M","T","E"],"build_version":"2019-09-27","purchased_purges":0,"victory":false,"max_hp_per_floor":[82,82,82,82,82,82,82,82,82,82,82,82,82,82,82,82,82,82,82,82,82,82,82,82,82,82,82],"card_choices":[{"not_picked":["Reckless Charge","Pommel Strike"],"picked":"Rampage","floor":1},{"not_picked":["Armaments","Dropkick"],"picked":"Headbutt","floor":2},{"not_picked":["Reckless Charge","Dropkick"],"picked":"Carnage","floor":3},{"not_picked":["Clash","Warcry"],"picked":"True Grit","floor":4},{"not_picked":["Ghostly Armor","Pummel"],"picked":"Battle Trance","floor":7},{"not_picked":["Corruption","Sword Boomerang"],"picked":"Burning Pact","floor":8},{"not_picked":["Combust","True Grit"],"picked":"Seeing Red","floor":11},{"not_picked":["Reaper","Body Slam"],"picked":"Shockwave","floor":14},{"not_picked":["Exhume","Feed"],"picked":"Dark Embrace","floor":16},{"not_picked":["Inflame","Pommel Strike"],"picked":"Corruption","floor":18},{"not_picked":["Searing Blow","Sword Boomerang","Heavy Blade"],"picked":"SKIP","floor":21},{"not_picked":["Heavy Blade","Clothesline","Hemokinesis"],"picked":"SKIP","floor":22},{"not_picked":["Corruption+1","Cleave","Pommel Strike+1"],"picked":"SKIP","floor":25}],"player_experience":1181038,"relics_obtained":[{"floor":7,"key":"CaptainsWheel"},{"floor":9,"key":"Meat on the Bone"},{"floor":11,"key":"Kunai"},{"floor":26,"key":"Smiling Mask"}],"event_choices":[{"damage_healed":0,"gold_gain":100,"player_choice":"Gold","damage_taken":0,"max_hp_gain":0,"max_hp_loss":0,"event_name":"Wheel of Change","floor":5,"gold_loss":0},{"damage_healed":0,"gold_gain":0,"player_choice":"Fled","damage_taken":11,"max_hp_gain":0,"max_hp_loss":0,"event_name":"Scrap Ooze","floor":13,"gold_loss":0},{"cards_removed":["Strike_R"],"damage_healed":0,"gold_gain":0,"player_choice":"Gave Gold","damage_taken":0,"max_hp_gain":0,"max_hp_loss":0,"event_name":"Beggar","floor":19,"gold_loss":75}],"is_beta":true,"boss_relics":[{"not_picked":["Cursed Key","Astrolabe"],"picked":"Mark of Pain"}],"items_purged_floors":[],"is_endless":false,"potions_floor_spawned":[1,2,4,11,16,21,22,25],"killed_by":"Gremlin Leader","ascension_level":20}