{"gold_per_floor":[110,120,131,142,154,179,179,34,61,61,125,167,54,3,3,105,105,87,102,102,112,128,128],"floor_reached":23,"playtime":1286,"items_purged":["Strike_R","Strike_R"],"score":203,"play_id":"3bf58fcc-77c1-4dff-a268-5776b3c1b523","local_time":"20190918012434","is_ascension_mode":false,"campfire_choices":[{"data":"Cleave","floor":7,"key":"SMITH"},{"data":"Clothesline","floor":10,"key":"SMITH"},{"data":"Armaments","floor":15,"key":"SMITH"}],"neow_cost":"NONE","seed_source_timestamp":480629306614900,"circlet_count":0,"master_deck":["Strike_R","Strike_R","Strike_R","Defend_R","Defend_R","Defend_R","Defend_R","Bash","Pommel Strike","Anger","Headbutt","Cleave+1","Flex","Clothesline+1","Armaments+1","Flex","Iron Wave","True Grit+1"],"relics":["Burning Blood","Red Skull","Omamori","Orichalcum","MawBank","Ancient Tea Set","Nunchaku","Philosopher\u0027s Stone"],"potions_floor_usage":[6,11,16,22,23],"damage_taken":[{"damage":6,"enemies":"Cultist","floor":1,"turns":3},{"damage":15,"enemies":"Jaw Worm","floor":2,"turns":4},{"damage":5,"enemies":"2 Louse","floor":3,"turns":2},{"damage":13,"enemies":"Red Slaver","floor":4,"turns":2},{"damage":18,"enemies":"Lots of Slimes","floor":5,"turns":3},{"damage":17,"enemies":"3 Sentries","floor":6,"turns":6},{"damage":21,"enemies":"3 Sentries","floor":11,"turns":4},{"damage":10,"enemies":"Lagavulin","floor":12,"turns":5},{"damage":5,"enemies":"Hexaghost","floor":16,"turns":7},{"damage":17,"enemies":"2 Thieves","floor":18,"turns":4},{"damage":10,"enemies":"Shell Parasite","floor":19,"turns":5},{"damage":19,"enemies":"3 Cultists","floor":21,"turns":6},{"damage":38,"enemies":"Snake Plant","floor":22,"turns":3},{"damage":21,"enemies":"Slavers","floor":23,"turns":1}],"seed_played":"2983782026085497996","potions_obtained":[{"floor":1,"key":"LiquidBronze"},{"floor":3,"key":"Swift Potion"},{"floor":5,"key":"Strength Potion"},{"floor":16,"key":"LiquidBronze"},{"floor":18,"key":"Swift Potion"},{"floor":19,"key":"Poison Potion"},{"floor":20,"key":"Strength Potion"},{"floor":20,"key":"GamblersBrew"}],"is_trial":false,"path_per_floor":["M","M","M","M","M","E","R","$","T","R","?","E","$","?","R","B",null,"M","M","?","M","M","E"],"character_chosen":"IRONCLAD","items_purchased":["Flex","Clothesline","Armaments"],"campfire_rested":0,"item_purchase_floors":[8,8,13],"current_hp_per_floor":[80,71,72,65,53,42,42,42,42,42,27,23,23,23,23,24,80,69,65,65,52,20,0],"gold":128,"neow_bonus":"RANDOM_COMMON_RELIC","is_prod":false,"is_daily":false,"chose_seed":false,"campfire_upgraded":3,"win_rate":0,"timestamp":1568762674,"path_taken":["M","?","?","M","M","E","R","$","T","R","?","E","$","?","R","BOSS","M","M","?","M","M","E"],"build_version":"2019-07-17","purchased_purges":2,"victory":false,"max_hp_per_floor":[80,80,80,80,80,80,80,80,80,80,80,80,80,80,80,80,80,80,80,80,80,80,80],"card_choices":[{"not_picked":["Sever Soul","Shockwave"],"picked":"Pommel Strike","floor":1},{"not_picked":["Carnage","Clash"],"picked":"Anger","floor":2},{"not_picked":["Fire Breathing","Warcry"],"picked":"Headbutt","floor":3},{"not_picked":["Twin Strike","Rage"],"picked":"Cleave","floor":4},{"not_picked":["Heavy Blade","Thunderclap","Pommel Strike"],"picked":"SKIP","floor":5},{"not_picked":["Thunderclap","Spot Weakness","Brutality"],"picked":"SKIP","floor":6},{"not_picked":["Metallicize","Heavy Blade","Twin Strike"],"picked":"SKIP","floor":12},{"not_picked":["Anger","Cleave"],"picked":"Flex","floor":18},{"not_picked":["Havoc+1","Sentinel+1"],"picked":"Iron Wave","floor":19},{"not_picked":["Ghostly Armor","Pummel","Disarm"],"picked":"SKIP","floor":21},{"not_picked":["Wild Strike","Flex"],"picked":"True Grit+1","floor":22}],"player_experience":171459,"relics_obtained":[{"floor":6,"key":"Omamori"},{"floor":9,"key":"Orichalcum"},{"floor":11,"key":"MawBank"},{"floor":12,"key":"Ancient Tea Set"}],"event_choices":[{"damage_healed":0,"gold_gain":0,"player_choice":"Searched \u00271\u0027 times","damage_taken":0,"max_hp_gain":0,"max_hp_loss":0,"event_name":"Dead Adventurer","floor":11,"gold_loss":0},{"damage_healed":0,"gold_gain":0,"player_choice":"Paid Gold","damage_taken":0,"relics_obtained":["Nunchaku"],"max_hp_gain":0,"max_hp_loss":0,"event_name":"WeMeetAgain","floor":14,"gold_loss":51},{"damage_healed":0,"gold_gain":0,"player_choice":"Got Potions","damage_taken":0,"max_hp_gain":0,"max_hp_loss":0,"event_name":"Lab","floor":20,"gold_loss":0}],"is_beta":false,"boss_relics":[{"not_picked":["Black Star","White Beast Statue"],"picked":"Philosopher\u0027s Stone"}],"items_purged_floors":[8,13],"is_endless":false,"potions_floor_spawned":[1,3,5,16,18,19],"killed_by":"Slavers","ascension_level":0}