{"gold_per_floor":[115,135,149,159,75,75,109,109,135,169,185,185,185,45,45,145,145,155,155,8,25,25,52,52,52,52,78,78,10,10,24,24,126,126,138,138,158,175,220,248,248,275,275,275,288,288,288,300,300,300],"floor_reached":50,"playtime":5664,"items_purged":["Strike_G"],"score":653,"play_id":"4f1d5157-ccf3-4fdc-91f3-1a1e7245f527","local_time":"20191013160040","is_ascension_mode":true,"campfire_choices":[{"data":"Deflect","floor":6,"key":"SMITH"},{"data":"Deflect","floor":8,"key":"SMITH"},{"data":"Neutralize","floor":12,"key":"SMITH"},{"data":"Escape Plan","floor":15,"key":"SMITH"},{"data":"After Image","floor":24,"key":"SMITH"},{"floor":28,"key":"REST"},{"data":"Storm of Steel","floor":30,"key":"SMITH"},{"data":"Burst","floor":32,"key":"SMITH"},{"floor":41,"key":"REST"},{"floor":47,"key":"REST"},{"floor":49,"key":"RECALL"}],"neow_cost":"NONE","seed_source_timestamp":2387173342513420,"circlet_count":0,"master_deck":["Strike_G","Strike_G","Strike_G","Strike_G","Defend_G+1","Defend_G","Defend_G+1","Defend_G","Defend_G","Survivor","Neutralize+1","Acrobatics","Poisoned Stab","Deflect+1","Poisoned Stab","Deflect+1","Poisoned Stab","Infinite Blades","Escape Plan+1","A Thousand Cuts+1","Cloak And Dagger+1","Dodge and Roll","Backflip","Acrobatics","Writhe","After Image+1","Leg Sweep","Storm of Steel+1","Burst+1","Corpse Explosion","Madness","Madness","Deflect","Die Die Die","Bouncing Flask","Terror+1","Malaise","Blur+1","Deep Breath","Cloak And Dagger+1","Caltrops+1"],"relics":["Ring of the Snake","Happy Flower","Vajra","War Paint","Ninja Scroll","Philosopher\u0027s Stone","Ginger","Dream Catcher","Bottled Lightning","Lantern","Runic Pyramid","Calipers","Bag of Preparation","InkBottle"],"potions_floor_usage":[23,23,27,33,33,39,50,50],"damage_taken":[{"damage":1,"enemies":"2 Louse","floor":1,"turns":3},{"damage":1,"enemies":"Cultist","floor":2,"turns":4},{"damage":0,"enemies":"Jaw Worm","floor":3,"turns":4},{"damage":17,"enemies":"Exordium Thugs","floor":4,"turns":8},{"damage":21,"enemies":"Lagavulin","floor":7,"turns":7},{"damage":8,"enemies":"3 Sentries","floor":10,"turns":10},{"damage":0,"enemies":"Gremlin Gang","floor":11,"turns":3},{"damage":25,"enemies":"Slime Boss","floor":16,"turns":10},{"damage":24,"enemies":"3 Byrds","floor":18,"turns":3},{"damage":3,"enemies":"Spheric Guardian","floor":21,"turns":4},{"damage":1,"enemies":"Book of Stabbing","floor":23,"turns":5},{"damage":18,"enemies":"Slavers","floor":27,"turns":7},{"damage":4,"enemies":"Shelled Parasite and Fungi","floor":31,"turns":6},{"damage":28,"enemies":"Champ","floor":33,"turns":10},{"damage":0,"enemies":"3 Shapes","floor":35,"turns":3},{"damage":2,"enemies":"Orb Walker","floor":37,"turns":3},{"damage":21,"enemies":"3 Darklings","floor":38,"turns":4},{"damage":12,"enemies":"2 Orb Walkers","floor":39,"turns":3},{"damage":23,"enemies":"Giant Head","floor":40,"turns":8},{"damage":0,"enemies":"Nemesis","floor":42,"turns":9},{"damage":24,"enemies":"Transient","floor":45,"turns":5},{"damage":15,"enemies":"4 Shapes","floor":48,"turns":2},{"damage":42,"enemies":"Time Eater","floor":50,"turns":12}],"seed_played":"-4808221827188587405","potions_obtained":[{"floor":10,"key":"Dexterity Potion"},{"floor":11,"key":"Explosive Potion"},{"floor":13,"key":"Fire Potion"},{"floor":13,"key":"Ancient Potion"},{"floor":13,"key":"Strength Potion"},{"floor":16,"key":"SkillPotion"},{"floor":23,"key":"Swift Potion"},{"floor":27,"key":"Strength Potion"},{"floor":35,"key":"DuplicationPotion"},{"floor":40,"key":"Weak Potion"},{"floor":42,"key":"Swift Potion"},{"floor":48,"key":"Regen Potion"}],"is_trial":false,"path_per_floor":["M","M","M","M","?","R","E","R","T","E","M","R","?","$","R","B",null,"M","?","$","M","?","E","R","?","T","E","R","$","R","M","R","B",null,"M","?","M","M","?","E","R","E","T","?","M","?","R","M","R","B"],"character_chosen":"THE_SILENT","items_purchased":["Escape Plan","Finisher","Dodge and Roll","Backflip","Storm of Steel"],"campfire_rested":3,"item_purchase_floors":[14,14,20,20,29],"current_hp_per_floor":[76,75,75,58,58,58,37,37,37,29,29,29,29,29,29,4,77,53,53,53,50,50,49,49,35,35,17,41,41,41,37,37,9,82,82,72,70,49,37,14,38,38,38,38,14,14,38,23,23,0],"gold":300,"neow_bonus":"TEN_PERCENT_HP_BONUS","is_prod":false,"is_daily":false,"chose_seed":false,"campfire_upgraded":7,"win_rate":0,"timestamp":1570978840,"path_taken":["M","M","M","M","?","R","E","R","T","E","?","R","?","$","R","BOSS","M","?","?","?","?","E","R","?","T","E","R","?","R","M","R","BOSS","M","?","M","M","?","E","R","E","T","?","M","?","R","M","R","BOSS"],"build_version":"2019-09-09v2","purchased_purges":1,"victory":false,"max_hp_per_floor":[77,77,77,77,77,77,77,77,77,77,77,77,77,77,77,77,77,77,77,77,77,77,77,77,82,82,82,82,82,82,82,82,82,82,82,82,82,82,82,82,82,82,82,82,82,82,82,82,82,82],"card_choices":[{"not_picked":["Poisoned Stab","Bane"],"picked":"Acrobatics","floor":1},{"not_picked":["Terror","Calculated Gamble"],"picked":"Poisoned Stab","floor":2},{"not_picked":["Blade Dance","Masterful Stab"],"picked":"Deflect","floor":3},{"not_picked":["Quick Slash","Caltrops"],"picked":"Poisoned Stab","floor":4},{"not_picked":["Dagger Throw","Poisoned Stab"],"picked":"Deflect","floor":7},{"not_picked":["Masterful Stab","Outmaneuver"],"picked":"Poisoned Stab","floor":10},{"not_picked":["Quick Slash","Acrobatics"],"picked":"Infinite Blades","floor":11},{"not_picked":["Die Die Die","Unload"],"picked":"A Thousand Cuts","floor":16},{"not_picked":["Flying Knee","Flechettes"],"picked":"Cloak And Dagger+1","floor":18},{"not_picked":["Tactician","Poisoned Stab"],"picked":"Acrobatics","floor":21},{"not_picked":["Dagger Spray","Noxious Fumes"],"picked":"After Image","floor":23},{"not_picked":["Dagger Throw+1","Poisoned Stab","Quick Slash"],"picked":"SKIP","floor":27},{"not_picked":["Dodge and Roll","Quick Slash"],"picked":"Leg Sweep","floor":28},{"not_picked":["Caltrops","Quick Slash"],"picked":"Burst","floor":31},{"not_picked":["Phantasmal Killer","Glass Knife"],"picked":"Corpse Explosion","floor":33},{"not_picked":["Deadly Poison","Slice+1","Dagger Throw+1"],"picked":"SKIP","floor":35},{"not_picked":["Cloak And Dagger","Dodge and Roll"],"picked":"Deflect","floor":37},{"not_picked":["Quick Slash","Outmaneuver"],"picked":"Die Die Die","floor":38},{"not_picked":["Poisoned Stab","Finisher+1"],"picked":"Bouncing Flask","floor":39},{"not_picked":["Eviscerate","Slice"],"picked":"Terror+1","floor":40},{"not_picked":["Slice","Sucker Punch+1"],"picked":"Malaise","floor":42},{"not_picked":["Cloak And Dagger+1","Slice"],"picked":"Blur+1","floor":45},{"not_picked":["Bandage Up","Chrysalis"],"picked":"Deep Breath","floor":46},{"not_picked":["Flying Knee","Deadly Poison+1"],"picked":"Cloak And Dagger+1","floor":47},{"not_picked":["Deadly Poison+1","Bane+1"],"picked":"Caltrops+1","floor":48}],"player_experience":155297,"relics_obtained":[{"floor":7,"key":"Vajra"},{"floor":9,"key":"War Paint"},{"floor":10,"key":"Ninja Scroll"},{"floor":23,"key":"Dream Catcher"},{"floor":26,"key":"Bottled Lightning"},{"floor":27,"key":"Lantern"},{"floor":39,"key":"Calipers"},{"floor":40,"key":"Bag of Preparation"},{"floor":42,"key":"InkBottle"}],"event_choices":[{"damage_healed":0,"gold_gain":0,"player_choice":"Paid Gold","damage_taken":0,"relics_obtained":["Happy Flower"],"max_hp_gain":0,"max_hp_loss":0,"event_name":"WeMeetAgain","floor":5,"gold_loss":84},{"damage_healed":0,"gold_gain":0,"player_choice":"Got Potions","damage_taken":0,"max_hp_gain":0,"max_hp_loss":0,"event_name":"Lab","floor":13,"gold_loss":0},{"damage_healed":0,"gold_gain":0,"player_choice":"Forge","damage_taken":0,"max_hp_gain":0,"max_hp_loss":0,"event_name":"Accursed Blacksmith","floor":19,"gold_loss":0,"cards_upgraded":["A Thousand Cuts"]},{"damage_healed":0,"gold_gain":0,"player_choice":"Opened","damage_taken":0,"relics_obtained":["Ginger"],"max_hp_gain":0,"max_hp_loss":0,"event_name":"The Mausoleum","floor":22,"gold_loss":0,"cards_obtained":["Writhe"]},{"damage_healed":0,"gold_gain":0,"player_choice":"Shed Blood","damage_taken":19,"max_hp_gain":5,"max_hp_loss":0,"event_name":"Forgotten Altar","floor":25,"gold_loss":0},{"damage_healed":0,"gold_gain":0,"player_choice":"Embrace Madness","damage_taken":10,"max_hp_gain":0,"max_hp_loss":0,"event_name":"Winding Halls","floor":36,"gold_loss":0,"cards_obtained":["Madness","Madness"]},{"damage_healed":0,"gold_gain":0,"player_choice":"Fight","damage_taken":0,"max_hp_gain":0,"max_hp_loss":0,"event_name":"Mysterious Sphere","floor":39,"gold_loss":0},{"cards_removed":["Finisher"],"damage_healed":0,"gold_gain":0,"player_choice":"Removed Attack","damage_taken":0,"max_hp_gain":0,"max_hp_loss":0,"event_name":"Falling","floor":44,"gold_loss":0},{"damage_healed":0,"gold_gain":0,"player_choice":"Memory 1","damage_taken":0,"max_hp_gain":0,"max_hp_loss":0,"event_name":"SensoryStone","floor":46,"gold_loss":0}],"is_beta":true,"boss_relics":[{"not_picked":["Fusion Hammer","Ring of the Serpent"],"picked":"Philosopher\u0027s Stone"},{"not_picked":["Tiny House","Velvet Choker"],"picked":"Runic Pyramid"}],"items_purged_floors":[20],"is_endless":false,"potions_floor_spawned":[10,11,16,23,27,35,40,42,48],"killed_by":"Time Eater","ascension_level":2}