{"gold_per_floor":[18,31,41,56,106,140,140,152,152,172,185,198,198,230,230,304,304,322,322,502,107,119,119,149,161,197,248,276,305,317,329,341,424,436,461,111,121,173,4,35,35,51,51,86,0,25,35,35,35,35,35,35,35,68,68],"floor_reached":56,"playtime":5190,"items_purged":["Strike_R","Writhe"],"score":2493,"play_id":"84eb3c5c-4ef3-41e0-b593-c2a26f701f3d","local_time":"20191019003302","is_ascension_mode":true,"campfire_choices":[{"data":"Whirlwind","floor":7.0,"key":"SMITH"},{"data":"Shockwave","floor":13.0,"key":"SMITH"},{"data":"Entrench","floor":15.0,"key":"SMITH"},{"floor":23.0,"key":"REST"},{"data":"Shrug It Off","floor":30.0,"key":"SMITH"},{"floor":32.0,"key":"REST"},{"data":"Demon Form","floor":41.0,"key":"SMITH"},{"floor":49.0,"key":"RECALL"},{"data":"Heavy Blade","floor":52.0,"key":"SMITH"}],"neow_cost":"NO_GOLD","seed_source_timestamp":161341476596300,"circlet_count":0,"master_deck":["AscendersBane","Strike_R","Strike_R","Strike_R","Strike_R","Defend_R","Defend_R","Defend_R","Defend_R","Bash","Demon Form+1","Whirlwind+1","Sword Boomerang","Feed","Shockwave+1","Shrug It Off+1","Entrench+1","Limit Break","Heavy Blade+1","Clothesline+1","Shrug It Off+1","Barricade","Entrench","Flame Barrier+1","Corruption","Entrench+1","Shrug It Off","Flame Barrier","Dark Embrace"],"special_seed":0,"relics":["Burning Blood","Anchor","Self Forming Clay","Pantograph","Snecko Eye","Darkstone Periapt","Ice Cream","MawBank","MutagenicStrength","PreservedInsect","Juzu Bracelet","Philosopher\u0027s Stone","Oddly Smooth Stone","Dead Branch","Ancient Tea Set","Ginger","Pen Nib","Red Mask","Pocketwatch","Centennial Puzzle"],"potions_floor_usage":[55,55],"damage_taken":[{"damage":14.0,"enemies":"Jaw Worm","floor":1.0,"turns":4.0},{"damage":1.0,"enemies":"Cultist","floor":2.0,"turns":4.0},{"damage":2.0,"enemies":"2 Louse","floor":3.0,"turns":3.0},{"damage":13.0,"enemies":"Red Slaver","floor":4.0,"turns":3.0},{"damage":35.0,"enemies":"3 Sentries","floor":6.0,"turns":10.0},{"damage":18.0,"enemies":"Large Slime","floor":8.0,"turns":5.0},{"damage":0.0,"enemies":"3 Louse","floor":10.0,"turns":1.0},{"damage":0.0,"enemies":"Gremlin Gang","floor":11.0,"turns":2.0},{"damage":0.0,"enemies":"2 Fungi Beasts","floor":12.0,"turns":2.0},{"damage":9.0,"enemies":"Lagavulin","floor":14.0,"turns":6.0},{"damage":27.0,"enemies":"The Guardian","floor":16.0,"turns":15.0},{"damage":23.0,"enemies":"Spheric Guardian","floor":18.0,"turns":8.0},{"damage":2.0,"enemies":"3 Byrds","floor":22.0,"turns":6.0},{"damage":26.0,"enemies":"Slavers","floor":24.0,"turns":5.0},{"damage":25.0,"enemies":"Book of Stabbing","floor":27.0,"turns":5.0},{"damage":6.0,"enemies":"3 Cultists","floor":28.0,"turns":6.0},{"damage":10.0,"enemies":"Cultist and Chosen","floor":29.0,"turns":5.0},{"damage":80.0,"enemies":"Collector","floor":33.0,"turns":9.0},{"damage":2.0,"enemies":"3 Shapes","floor":35.0,"turns":5.0},{"damage":0.0,"enemies":"3 Darklings","floor":37.0,"turns":10.0},{"damage":12.0,"enemies":"2 Orb Walkers","floor":38.0,"turns":4.0},{"damage":0.0,"enemies":"Giant Head","floor":40.0,"turns":9.0},{"damage":0.0,"enemies":"Sphere and 2 Shapes","floor":42.0,"turns":3.0},{"damage":0.0,"enemies":"Reptomancer","floor":44.0,"turns":3.0},{"damage":0.0,"enemies":"Nemesis","floor":46.0,"turns":9.0},{"damage":0.0,"enemies":"4 Shapes","floor":47.0,"turns":2.0},{"damage":0.0,"enemies":"Donu and Deca","floor":50.0,"turns":5.0},{"damage":13.0,"enemies":"Shield and Spear","floor":54.0,"turns":4.0},{"damage":115,"enemies":"The Heart","floor":55,"turns":9}],"seed_played":"3827001458728950072","potions_obtained":[{"floor":1.0,"key":"Block Potion"},{"floor":4.0,"key":"SteroidPotion"},{"floor":8.0,"key":"GamblersBrew"},{"floor":11.0,"key":"FearPotion"},{"floor":16.0,"key":"SkillPotion"},{"floor":18.0,"key":"Explosive Potion"},{"floor":22.0,"key":"EntropicBrew"},{"floor":33.0,"key":"Explosive Potion"},{"floor":38.0,"key":"EntropicBrew"},{"floor":44.0,"key":"SneckoOil"},{"floor":47.0,"key":"Dexterity Potion"}],"is_trial":false,"path_per_floor":["M","M","M","M","?","E","R","M","T","M","M","M","R","E","R","B",null,"M","?","?","$","M","R","E","?","T","E","M","M","R","?","R","B",null,"M","$","M","?","$","E","R","M","T","E","?","E","M","?","R","B",null,"R","$","E","B",null],"character_chosen":"IRONCLAD","items_purchased":["Ice Cream","Entrench","Oddly Smooth Stone","Ancient Tea Set"],"campfire_rested":2,"item_purchase_floors":[21,36,36,39],"current_hp_per_floor":[60,65,69,62,62,33,33,24,24,30,36,42,42,42,42,49,75,61,67,40,40,47,75,58,58,58,39,42,41,41,41,72,26,88,95,95,104,101,101,110,110,119,119,126,126,129,135,135,135,138,138,138,138,131,29],"gold":68,"neow_bonus":"THREE_RARE_CARDS","is_prod":false,"is_daily":false,"chose_seed":false,"campfire_upgraded":6,"win_rate":0,"timestamp":1571459582,"path_taken":["M","M","M","M","?","E","R","M","T","?","M","M","R","E","R","BOSS","M","?","?","$","?","R","E","?","T","E","M","M","R","?","R","BOSS","M","$","M","?","$","E","R","M","T","E","?","E","M","?","R","BOSS","R","$","E","BOSS"],"build_version":"2019-07-17","purchased_purges":2,"victory":true,"max_hp_per_floor":[75,75,75,75,75,75,75,78,78,78,78,78,78,81,81,84,84,87,93,93,93,96,96,99,99,99,99,102,105,105,105,105,108,108,111,111,114,117,117,120,120,123,123,126,126,129,135,135,135,138,138,138,138,138,138],"card_choices":[{"not_picked":["Offering","Dark Embrace"],"picked":"Demon Form","floor":0.0},{"not_picked":["Hemokinesis","Warcry","Clash"],"picked":"SKIP","floor":1.0},{"not_picked":["Iron Wave","Perfected Strike"],"picked":"Whirlwind","floor":2.0},{"not_picked":["Heavy Blade","Clash"],"picked":"Sword Boomerang","floor":3.0},{"not_picked":["Anger","Searing Blow","Twin Strike"],"picked":"SKIP","floor":4.0},{"not_picked":["Pommel Strike","Intimidate"],"picked":"Feed","floor":6.0},{"not_picked":["Havoc","Anger","Thunderclap"],"picked":"SKIP","floor":8.0},{"not_picked":["Headbutt","Havoc"],"picked":"Shockwave","floor":10.0},{"not_picked":["Shockwave","Offering"],"picked":"Shrug It Off","floor":11.0},{"not_picked":["Sword Boomerang","Perfected Strike","Dual Wield"],"picked":"SKIP","floor":12.0},{"not_picked":["Bloodletting","Anger"],"picked":"Entrench","floor":14.0},{"not_picked":["Juggernaut","Immolate"],"picked":"Limit Break","floor":16.0},{"not_picked":["Havoc+1","Anger"],"picked":"Heavy Blade","floor":18.0},{"not_picked":["True Grit","Shrug It Off"],"picked":"Clothesline+1","floor":22.0},{"not_picked":["Battle Trance","Warcry","Feel No Pain"],"picked":"SKIP","floor":24.0},{"not_picked":["Spot Weakness+1","Flex","Rampage"],"picked":"SKIP","floor":27.0},{"not_picked":["Inflame","Second Wind","Wild Strike"],"picked":"SKIP","floor":28.0},{"not_picked":["Wild Strike","Cleave","Warcry"],"picked":"SKIP","floor":29.0},{"not_picked":["Demon Form","Double Tap"],"picked":"Barricade","floor":33.0},{"not_picked":["Clash","Armaments+1","Uppercut"],"picked":"SKIP","floor":35.0},{"not_picked":["Flex+1","True Grit","Pommel Strike"],"picked":"SKIP","floor":37.0},{"not_picked":["Second Wind","Fire Breathing"],"picked":"Flame Barrier+1","floor":38.0},{"not_picked":["Second Wind","Dark Embrace"],"picked":"Corruption","floor":40.0},{"not_picked":["Spot Weakness","Clash+1","Warcry"],"picked":"SKIP","floor":42.0},{"not_picked":["Hemokinesis+1","True Grit"],"picked":"Entrench+1","floor":44.0},{"not_picked":["Shrug It Off","True Grit","Fire Breathing+1"],"picked":"SKIP","floor":46.0},{"not_picked":["True Grit","Fire Breathing+1"],"picked":"Shrug It Off","floor":46.0},{"not_picked":["Metallicize+1","Clothesline"],"picked":"Flame Barrier","floor":47.0},{"not_picked":["Battle Trance+1","Perfected Strike","Clash"],"picked":"SKIP","floor":54.0}],"player_experience":854953,"relics_obtained":[{"floor":6.0,"key":"Anchor"},{"floor":9.0,"key":"Self Forming Clay"},{"floor":14.0,"key":"Pantograph"},{"floor":24.0,"key":"MawBank"},{"floor":26.0,"key":"PreservedInsect"},{"floor":27.0,"key":"Juzu Bracelet"},{"floor":38.0,"key":"Dead Branch"},{"floor":40.0,"key":"Ginger"},{"floor":44.0,"key":"Pen Nib"},{"floor":46.0,"key":"Pocketwatch"},{"floor":54.0,"key":"Centennial Puzzle"}],"event_choices":[{"damage_healed":0.0,"max_hp_gain":0.0,"max_hp_loss":0.0,"gold_gain":50.0,"event_name":"Golden Shrine","player_choice":"Pray","floor":5.0,"gold_loss":0.0,"damage_taken":0.0},{"damage_healed":0.0,"max_hp_gain":0.0,"max_hp_loss":0.0,"gold_gain":0.0,"event_name":"The Mausoleum","player_choice":"Opened","floor":19.0,"gold_loss":0.0,"damage_taken":0.0,"relics_obtained":["Darkstone Periapt"],"cards_obtained":["Writhe"]},{"damage_healed":0.0,"max_hp_gain":0.0,"max_hp_loss":0.0,"gold_gain":180.0,"event_name":"Knowing Skull","player_choice":"GOLD GOLD ","floor":20.0,"potions_obtained":[],"gold_loss":0.0,"damage_taken":27.0,"cards_obtained":[]},{"damage_healed":0.0,"max_hp_gain":0.0,"max_hp_loss":0.0,"gold_gain":0.0,"event_name":"Drug Dealer","player_choice":"Inject Mutagens","floor":25.0,"gold_loss":0.0,"damage_taken":0.0,"relics_obtained":["MutagenicStrength"]},{"damage_healed":0.0,"max_hp_gain":0.0,"max_hp_loss":0.0,"gold_gain":0.0,"event_name":"Duplicator","player_choice":"Copied","floor":31.0,"gold_loss":0.0,"damage_taken":0.0,"cards_obtained":["Shrug It Off"]},{"damage_healed":0.0,"max_hp_gain":0.0,"max_hp_loss":0.0,"gold_gain":0.0,"event_name":"Mysterious Sphere","player_choice":"Fight","floor":38.0,"gold_loss":0.0,"damage_taken":0.0},{"damage_healed":0.0,"max_hp_gain":0.0,"max_hp_loss":0.0,"gold_gain":0.0,"event_name":"Tomb of Lord Red Mask","player_choice":"Paid","floor":45.0,"gold_loss":86.0,"damage_taken":0.0,"relics_obtained":["Red Mask"]},{"damage_healed":0.0,"max_hp_gain":0.0,"max_hp_loss":0.0,"gold_gain":0.0,"event_name":"Match and Keep!","player_choice":"1 cards matched","floor":48.0,"gold_loss":0.0,"damage_taken":0.0,"cards_obtained":["Dark Embrace"]}],"is_beta":false,"boss_relics":[{"not_picked":["Black Blood","White Beast Statue"],"picked":"Snecko Eye"},{"not_picked":["Fusion Hammer","Mark of Pain"],"picked":"Philosopher\u0027s Stone"}],"items_purged_floors":[21,36],"is_endless":false,"potions_floor_spawned":[1,4,8,11,16,18,22,33,38,44,47],"ascension_level":19}