{"gold_per_floor":[119,133,133,153,163,163,198,211,290,290,315,263,263,273,273,345,345,362,362,362,373,7,32,52,52,52,84,84,84,84,84,84,158,158,171,191,206,223,223],"floor_reached":39,"playtime":1284,"items_purged":["Strike_R"],"score":1012,"play_id":"50a11b54-a6e1-41d6-a3ba-df52f6286d55","local_time":"20191014133830","is_ascension_mode":true,"campfire_choices":[{"data":"Carnage","floor":6.0,"key":"SMITH"},{"data":"Anger","floor":13.0,"key":"SMITH"},{"data":"Brutality","floor":15.0,"key":"SMITH"},{"floor":25.0,"key":"REST"},{"floor":28.0,"key":"REST"},{"floor":32,"key":"RECALL"}],"neow_cost":"NONE","seed_source_timestamp":332257604090600,"circlet_count":0,"master_deck":["AscendersBane","Strike_R","Strike_R","Defend_R","Defend_R","Defend_R","Defend_R","Bash","Metallicize","Anger+1","Carnage+1","Brutality+1","Battle Trance","Double Tap","Shrug It Off","Armaments","Combust","Rupture","Panache","Pain","Impervious","Inflame+1","Warcry+1","Corruption+1","Rage+1"],"special_seed":0,"relics":["Burning Blood","Pen Nib","Self Forming Clay","Anchor","Kunai","Centennial Puzzle","Mango","Fusion Hammer","Nilry\u0027s Codex","Juzu Bracelet","Frozen Egg 2","Lantern","WarpedTongs","Black Star"],"potions_floor_usage":[33,38],"damage_taken":[{"damage":9.0,"enemies":"Jaw Worm","floor":1.0,"turns":5.0},{"damage":5.0,"enemies":"2 Louse","floor":2.0,"turns":3.0},{"damage":3.0,"enemies":"Cultist","floor":4.0,"turns":4.0},{"damage":8.0,"enemies":"2 Fungi Beasts","floor":5.0,"turns":4.0},{"damage":21.0,"enemies":"Lagavulin","floor":7.0,"turns":4.0},{"damage":7.0,"enemies":"3 Louse","floor":8.0,"turns":4.0},{"damage":7.0,"enemies":"Gremlin Nob","floor":11.0,"turns":3.0},{"damage":1.0,"enemies":"Large Slime","floor":14.0,"turns":2.0},{"damage":5.0,"enemies":"Slime Boss","floor":16.0,"turns":6.0},{"damage":7.0,"enemies":"3 Byrds","floor":18.0,"turns":5.0},{"damage":10.0,"enemies":"Chosen","floor":21.0,"turns":4.0},{"damage":22.0,"enemies":"Book of Stabbing","floor":23.0,"turns":5.0},{"damage":13.0,"enemies":"Snake Plant","floor":24.0,"turns":3.0},{"damage":17.0,"enemies":"Slavers","floor":27.0,"turns":6.0},{"damage":36,"enemies":"Automaton","floor":33,"turns":5},{"damage":16,"enemies":"3 Shapes","floor":35,"turns":7},{"damage":33,"enemies":"3 Darklings","floor":36,"turns":5},{"damage":18,"enemies":"4 Shapes","floor":37,"turns":7},{"damage":25,"enemies":"Writhing Mass","floor":38,"turns":3},{"damage":22,"enemies":"Spire Growth","floor":39,"turns":2}],"seed_played":"4289568379043786541","potions_obtained":[{"floor":1.0,"key":"SneckoOil"},{"floor":7.0,"key":"Regen Potion"},{"floor":8.0,"key":"Regen Potion"},{"floor":14.0,"key":"Swift Potion"},{"floor":23.0,"key":"GamblersBrew"},{"floor":24.0,"key":"Swift Potion"},{"floor":33,"key":"Strength Potion"}],"is_trial":false,"path_per_floor":["M","M","?","M","M","R","E","M","T","?","E","?","R","M","R","B",null,"M","?","?","M","$","E","M","R","T","E","R","?","?","?","R","B",null,"M","M","M","M","M"],"character_chosen":"IRONCLAD","items_purchased":["Rupture","Panache"],"campfire_rested":2,"item_purchase_floors":[22,22],"current_hp_per_floor":[65,66,55,58,56,56,41,40,40,33,41,55,55,60,60,61,82,81,60,60,56,56,54,47,73,73,62,88,88,88,88,88,58,81,71,44,32,13,0],"gold":223,"neow_bonus":"RANDOM_COMMON_RELIC","is_prod":false,"is_daily":false,"chose_seed":false,"campfire_upgraded":3,"win_rate":0,"timestamp":1571085510,"path_taken":["M","M","?","M","M","R","E","M","T","?","E","?","R","?","R","BOSS","M","?","?","M","$","E","M","R","T","E","R","?","?","?","R","BOSS","M","M","M","M","M"],"build_version":"2019-10-11","purchased_purges":1,"victory":false,"max_hp_per_floor":[75,75,75,75,75,75,75,75,75,75,75,89,89,89,89,89,89,89,89,89,89,89,89,89,89,89,89,89,89,89,89,89,89,89,89,89,89,89,89],"card_choices":[{"not_picked":["Sentinel","Iron Wave","Thunderclap"],"picked":"SKIP","floor":1.0},{"not_picked":["Infernal Blade","Thunderclap"],"picked":"Metallicize","floor":2.0},{"not_picked":["Havoc","Evolve"],"picked":"Anger","floor":4.0},{"not_picked":["Flex","Havoc"],"picked":"Carnage","floor":5.0},{"not_picked":["True Grit","Spot Weakness"],"picked":"Brutality","floor":7.0},{"not_picked":["Pommel Strike","Flex"],"picked":"Battle Trance","floor":8.0},{"not_picked":["Thunderclap","Cleave"],"picked":"Double Tap","floor":11.0},{"not_picked":["Cleave","Thunderclap"],"picked":"Shrug It Off","floor":14.0},{"not_picked":["Clothesline","Havoc"],"picked":"Armaments","floor":18.0},{"not_picked":["Iron Wave","Flex","Body Slam"],"picked":"SKIP","floor":21.0},{"not_picked":["Iron Wave","Brutality","Uppercut"],"picked":"SKIP","floor":23.0},{"not_picked":["Flex","Infernal Blade","Thunderclap"],"picked":"SKIP","floor":24.0},{"not_picked":["Infernal Blade","Clash","Uppercut"],"picked":"SKIP","floor":27.0},{"not_picked":["Barricade+1","Bludgeon"],"picked":"Impervious","floor":33},{"not_picked":["Pommel Strike","Burning Pact"],"picked":"Inflame+1","floor":35},{"not_picked":["Rage","Anger"],"picked":"Warcry+1","floor":36},{"not_picked":["Armaments","Entrench+1"],"picked":"Corruption+1","floor":37},{"not_picked":["Armaments+1","Body Slam"],"picked":"Rage+1","floor":38}],"player_experience":1567088,"relics_obtained":[{"floor":7.0,"key":"Anchor"},{"floor":9.0,"key":"Kunai"},{"floor":11.0,"key":"Centennial Puzzle"},{"floor":19.0,"key":"Nilry\u0027s Codex"},{"floor":23.0,"key":"Juzu Bracelet"},{"floor":26.0,"key":"Frozen Egg 2"},{"floor":27.0,"key":"Lantern"}],"event_choices":[{"damage_healed":0.0,"max_hp_gain":0.0,"max_hp_loss":0.0,"gold_gain":0.0,"event_name":"Scrap Ooze","player_choice":"Success","floor":3.0,"gold_loss":0.0,"damage_taken":11.0,"relics_obtained":["Self Forming Clay"]},{"cards_removed":["Strike_R"],"damage_healed":0.0,"max_hp_gain":0.0,"max_hp_loss":0.0,"gold_gain":0.0,"event_name":"Golden Wing","player_choice":"Card Removal","floor":10.0,"gold_loss":0.0,"damage_taken":7.0},{"damage_healed":0.0,"max_hp_gain":0.0,"max_hp_loss":0.0,"gold_gain":0.0,"event_name":"WeMeetAgain","player_choice":"Paid Gold","floor":12.0,"gold_loss":52.0,"damage_taken":0.0,"relics_obtained":["Mango"]},{"damage_healed":0.0,"max_hp_gain":0.0,"max_hp_loss":0.0,"gold_gain":0.0,"event_name":"Cursed Tome","player_choice":"Obtained Book","floor":19.0,"gold_loss":0.0,"damage_taken":21.0},{"damage_healed":0.0,"max_hp_gain":0.0,"max_hp_loss":0.0,"gold_gain":0.0,"event_name":"The Library","player_choice":"Read","floor":20.0,"gold_loss":0.0,"damage_taken":0.0,"cards_obtained":["Combust"]},{"damage_healed":0.0,"max_hp_gain":0.0,"max_hp_loss":0.0,"gold_gain":0.0,"event_name":"Accursed Blacksmith","player_choice":"Rummage","floor":29.0,"gold_loss":0.0,"damage_taken":0.0,"relics_obtained":["WarpedTongs"],"cards_obtained":["Pain"]},{"cards_removed":["Strike_R"],"damage_healed":0,"gold_gain":0,"player_choice":"Purged","damage_taken":0,"max_hp_gain":0,"max_hp_loss":0,"event_name":"Purifier","floor":31,"gold_loss":0}],"is_beta":true,"boss_relics":[{"not_picked":["Cursed Key","Astrolabe"],"picked":"Fusion Hammer"},{"not_picked":["Calling Bell","Busted Crown"],"picked":"Black Star"}],"items_purged_floors":[22],"is_endless":false,"potions_floor_spawned":[1,7,8,14,18,23,24,33,35],"killed_by":"Spire Growth","ascension_level":20}