{"gold_per_floor":[216,59,134,152,171,171,196,213,237,237,267,285,285,170,170,241,241,211,261,288,306,206,206,206,206,206,220,246,246,266,191,191,191],"floor_reached":33,"playtime":1032,"items_purged":["Strike_R","Strike_R"],"score":571,"play_id":"40c587b1-0299-4747-b1bc-4ca7b3b8cec4","local_time":"20191014124102","is_ascension_mode":true,"campfire_choices":[{"data":"Combust","floor":6.0,"key":"SMITH"},{"data":"Feed","floor":10.0,"key":"SMITH"},{"data":"Demon Form","floor":13.0,"key":"SMITH"},{"data":"Metallicize","floor":15.0,"key":"SMITH"},{"floor":23.0,"key":"REST"},{"data":"J.A.X.","floor":25.0,"key":"SMITH"},{"floor":29,"key":"REST"},{"floor":32,"key":"REST"}],"neow_cost":"NONE","seed_source_timestamp":329050216859900,"circlet_count":0,"master_deck":["AscendersBane","Strike_R","Strike_R","Defend_R","Defend_R","Defend_R","Defend_R","Bash","Anger","Feed+1","Combust+1","Demon Form+1","Metallicize+1","Evolve","Offering","Carnage","J.A.X.+1","Power Through","Power Through","Inflame+1"],"special_seed":0,"relics":["Burning Blood","Bronze Scales","Centennial Puzzle","Orichalcum","Black Star","Red Mask","Oddly Smooth Stone","Bag of Marbles"],"potions_floor_usage":[],"damage_taken":[{"damage":4.0,"enemies":"Jaw Worm","floor":1.0,"turns":5.0},{"damage":3.0,"enemies":"Small Slimes","floor":4.0,"turns":3.0},{"damage":0.0,"enemies":"2 Louse","floor":5.0,"turns":4.0},{"damage":9.0,"enemies":"Gremlin Nob","floor":7.0,"turns":3.0},{"damage":20.0,"enemies":"Large Slime","floor":8.0,"turns":5.0},{"damage":29.0,"enemies":"Lagavulin","floor":11.0,"turns":6.0},{"damage":26.0,"enemies":"Exordium Thugs","floor":12.0,"turns":4.0},{"damage":30.0,"enemies":"Hexaghost","floor":16.0,"turns":7.0},{"damage":32.0,"enemies":"2 Thieves","floor":18.0,"turns":4.0},{"damage":47.0,"enemies":"Masked Bandits","floor":20.0,"turns":5.0},{"damage":17.0,"enemies":"Spheric Guardian","floor":21.0,"turns":4.0},{"damage":26.0,"enemies":"Snecko","floor":27.0,"turns":4.0},{"damage":34.0,"enemies":"Gremlin Leader","floor":28.0,"turns":6.0},{"damage":30,"enemies":"Shelled Parasite and Fungi","floor":30,"turns":7},{"damage":78,"enemies":"Automaton","floor":33,"turns":6}],"seed_played":"7762114636713901639","potions_obtained":[{"floor":5.0,"key":"Strength Potion"},{"floor":7.0,"key":"BloodPotion"},{"floor":11.0,"key":"SteroidPotion"},{"floor":16.0,"key":"DuplicationPotion"},{"floor":20.0,"key":"Energy Potion"},{"floor":21.0,"key":"BloodPotion"},{"floor":27.0,"key":"Block Potion"},{"floor":30,"key":"Dexterity Potion"}],"is_trial":false,"path_per_floor":["M","$","?","M","M","R","E","M","T","R","E","M","R","$","R","B",null,"M","?","?","M","$","R","?","R","T","M","E","R","M","?","R","B"],"character_chosen":"IRONCLAD","items_purchased":["Feed","Evolve"],"campfire_rested":3,"item_purchase_floors":[2,14],"current_hp_per_floor":[70,70,59,65,74,74,74,63,63,63,44,28,28,28,28,27,81,59,59,22,11,11,43,43,43,43,44,16,48,24,24,56,0],"gold":191,"neow_bonus":"HUNDRED_GOLD","is_prod":false,"is_daily":false,"chose_seed":false,"campfire_upgraded":5,"win_rate":0,"timestamp":1571082062,"path_taken":["M","$","?","M","M","R","E","M","T","R","E","M","R","$","R","BOSS","M","?","?","M","?","R","?","R","T","M","E","R","M","?","R","BOSS"],"build_version":"2019-10-11","purchased_purges":2,"victory":false,"max_hp_per_floor":[75,75,75,78,81,81,84,87,87,87,91,95,95,95,95,99,99,103,103,107,107,107,107,107,107,107,107,107,107,107,107,107,107],"card_choices":[{"not_picked":["Sword Boomerang","Heavy Blade"],"picked":"Anger","floor":1.0},{"not_picked":["Havoc","Thunderclap"],"picked":"Combust","floor":4.0},{"not_picked":["Armaments","Cleave","Warcry"],"picked":"SKIP","floor":5.0},{"not_picked":["Flex","Cleave","Heavy Blade"],"picked":"SKIP","floor":7.0},{"not_picked":["True Grit","Sever Soul"],"picked":"Demon Form","floor":8.0},{"not_picked":["Headbutt","Flame Barrier"],"picked":"Metallicize","floor":11.0},{"not_picked":["Clothesline","Twin Strike","Thunderclap"],"picked":"SKIP","floor":12.0},{"not_picked":["Limit Break","Immolate"],"picked":"Offering","floor":16.0},{"not_picked":["Warcry","Flex","Clash"],"picked":"SKIP","floor":18.0},{"not_picked":["Flame Barrier","Wild Strike"],"picked":"Carnage","floor":21.0},{"not_picked":["Armaments","Spot Weakness"],"picked":"Power Through","floor":27.0},{"not_picked":["Combust","Cleave"],"picked":"Power Through","floor":28},{"not_picked":["Clothesline","Intimidate"],"picked":"Inflame+1","floor":30}],"player_experience":1564007,"relics_obtained":[{"floor":7.0,"key":"Bronze Scales"},{"floor":9.0,"key":"Centennial Puzzle"},{"floor":11.0,"key":"Orichalcum"},{"floor":20.0,"key":"Red Mask"},{"floor":26.0,"key":"Oddly Smooth Stone"},{"floor":28,"key":"Bag of Marbles"}],"event_choices":[{"damage_healed":0.0,"max_hp_gain":0.0,"max_hp_loss":0.0,"gold_gain":75.0,"event_name":"World of Goop","player_choice":"Gather Gold","floor":3.0,"gold_loss":0.0,"damage_taken":11.0},{"damage_healed":0.0,"max_hp_gain":0.0,"max_hp_loss":0.0,"gold_gain":50.0,"event_name":"Nest","player_choice":"Stole From Cult","floor":19.0,"gold_loss":0.0,"damage_taken":0.0},{"damage_healed":0.0,"max_hp_gain":0.0,"max_hp_loss":0.0,"gold_gain":0.0,"event_name":"Masked Bandits","player_choice":"Fought Bandits","floor":20.0,"gold_loss":0.0,"damage_taken":0.0},{"damage_healed":0.0,"max_hp_gain":0.0,"max_hp_loss":0.0,"gold_gain":0.0,"event_name":"Drug Dealer","player_choice":"Obtain J.A.X.","floor":24.0,"gold_loss":0.0,"damage_taken":0.0,"cards_obtained":["J.A.X."]},{"cards_removed":["Strike_R"],"damage_healed":0,"gold_gain":0,"player_choice":"Gave Gold","damage_taken":0,"max_hp_gain":0,"max_hp_loss":0,"event_name":"Beggar","floor":31,"gold_loss":75}],"is_beta":true,"boss_relics":[{"not_picked":["SacredBark","Coffee Dripper"],"picked":"Black Star"}],"items_purged_floors":[14,22],"is_endless":false,"potions_floor_spawned":[5,7,11,16,20,21,27,30],"killed_by":"Automaton","ascension_level":20}