{"gold_per_floor":[115,128,144,161,86,86,86,120,120,137,137,151,184,202,202,274,274,285,200,211,481,501,501,518,518,518,518,537,537,553,585,585,585],"floor_reached":33,"playtime":1231,"items_purged":["Strike_R"],"score":562,"play_id":"74e11f46-c774-473e-a2eb-a6c78bae77b0","local_time":"20191017120354","is_ascension_mode":true,"campfire_choices":[{"data":"Uppercut","floor":6.0,"key":"SMITH"},{"data":"Spot Weakness","floor":11.0,"key":"SMITH"},{"floor":15,"key":"REST"},{"floor":23,"key":"REST"},{"data":"Flame Barrier","floor":25,"key":"SMITH"},{"data":"Evolve","floor":27,"key":"SMITH"},{"floor":29,"key":"REST"},{"floor":32,"key":"REST"}],"neow_cost":"NONE","seed_source_timestamp":227867110541400,"circlet_count":0,"master_deck":["AscendersBane","Strike_R","Strike_R","Strike_R","Strike_R","Defend_R","Defend_R","Defend_R","Defend_R","Bash","Spot Weakness+1","Sword Boomerang","Power Through","Uppercut+1","True Grit","Reaper","Evolve+1","Offering","Clothesline","Shrug It Off+1","Flame Barrier+1","Second Wind","Feel No Pain","Flame Barrier"],"special_seed":0,"relics":["Burning Blood","NeowsBlessing","Sundial","Orichalcum","Anchor","Snecko Eye","Matryoshka","Self Forming Clay","Bottled Tornado","Vajra"],"potions_floor_usage":[14,22,24,24],"damage_taken":[{"damage":0.0,"enemies":"Cultist","floor":1.0,"turns":1.0},{"damage":0.0,"enemies":"2 Louse","floor":2.0,"turns":1.0},{"damage":0.0,"enemies":"Jaw Worm","floor":3.0,"turns":1.0},{"damage":29.0,"enemies":"Lots of Slimes","floor":4.0,"turns":4.0},{"damage":25.0,"enemies":"3 Sentries","floor":8.0,"turns":8.0},{"damage":7.0,"enemies":"Large Slime","floor":10.0,"turns":3.0},{"damage":6.0,"enemies":"Blue Slaver","floor":12.0,"turns":4.0},{"damage":18.0,"enemies":"Lagavulin","floor":13.0,"turns":5.0},{"damage":21,"enemies":"Exordium Thugs","floor":14,"turns":7},{"damage":22,"enemies":"The Guardian","floor":16,"turns":12},{"damage":17,"enemies":"2 Thieves","floor":18,"turns":4},{"damage":10,"enemies":"Chosen","floor":20,"turns":3},{"damage":14,"enemies":"Snake Plant","floor":22,"turns":5},{"damage":15,"enemies":"Sentry and Sphere","floor":24,"turns":6},{"damage":33,"enemies":"Centurion and Healer","floor":28,"turns":16},{"damage":7,"enemies":"Snake Plant","floor":30,"turns":4},{"damage":42,"enemies":"Slavers","floor":31,"turns":10},{"damage":56,"enemies":"Automaton","floor":33,"turns":6}],"seed_played":"8890108683385679498","potions_obtained":[{"floor":1.0,"key":"DuplicationPotion"},{"floor":2.0,"key":"LiquidBronze"},{"floor":10.0,"key":"LiquidMemories"},{"floor":16,"key":"EssenceOfSteel"},{"floor":20,"key":"Fire Potion"},{"floor":22,"key":"SpeedPotion"}],"is_trial":false,"path_per_floor":["M","M","M","M","$","R","T","E","T","M","R","M","E","M","R","B",null,"M","?","M","?","M","R","M","R","T","R","M","R","M","E","R","B"],"character_chosen":"IRONCLAD","items_purchased":[],"campfire_rested":4,"item_purchase_floors":[],"current_hp_per_floor":[74,75,75,52,52,52,52,33,33,32,32,32,26,20,42,42,67,56,56,58,30,22,44,36,36,36,36,21,43,51,15,37,0],"gold":585,"neow_bonus":"THREE_ENEMY_KILL","is_prod":false,"is_daily":false,"chose_seed":false,"campfire_upgraded":4,"win_rate":0,"timestamp":1571339034,"path_taken":["M","?","M","M","$","R","?","E","T","M","R","M","E","M","R","BOSS","M","?","M","?","M","R","M","R","T","R","?","R","M","E","R","BOSS"],"build_version":"2019-10-16","purchased_purges":1,"victory":false,"max_hp_per_floor":[75,75,75,75,75,75,75,75,75,75,75,75,75,75,75,75,75,75,75,75,75,75,75,75,75,75,75,75,75,75,75,75,75],"card_choices":[{"not_picked":["Hemokinesis","Whirlwind"],"picked":"Spot Weakness","floor":1.0},{"not_picked":["Anger","Wild Strike"],"picked":"Sword Boomerang","floor":2.0},{"not_picked":["Armaments","True Grit"],"picked":"Power Through","floor":3.0},{"not_picked":["True Grit","Iron Wave"],"picked":"Uppercut","floor":4.0},{"not_picked":["Shockwave","Reckless Charge","Corruption"],"picked":"SKIP","floor":8.0},{"not_picked":["Carnage","Reckless Charge"],"picked":"True Grit","floor":10.0},{"not_picked":["Second Wind","Body Slam"],"picked":"Reaper","floor":12.0},{"not_picked":["Anger","Rage","Second Wind"],"picked":"SKIP","floor":13},{"not_picked":["Blood for Blood","Shrug It Off"],"picked":"Evolve","floor":14},{"not_picked":["Brutality","Impervious"],"picked":"Offering","floor":16},{"not_picked":["Cleave","Burning Pact"],"picked":"Clothesline","floor":18},{"not_picked":["Armaments","Twin Strike","Cleave"],"picked":"SKIP","floor":20},{"not_picked":["Flex","Havoc"],"picked":"Shrug It Off+1","floor":22},{"not_picked":["Twin Strike","Headbutt"],"picked":"Flame Barrier","floor":24},{"not_picked":["Corruption","Iron Wave"],"picked":"Second Wind","floor":28},{"not_picked":["Body Slam","Iron Wave+1"],"picked":"Feel No Pain","floor":30},{"not_picked":["Bloodletting","True Grit"],"picked":"Flame Barrier","floor":31}],"player_experience":1614481,"relics_obtained":[{"floor":7.0,"key":"Sundial"},{"floor":8.0,"key":"Orichalcum"},{"floor":9.0,"key":"Anchor"},{"floor":26,"key":"Self Forming Clay"},{"floor":26,"key":"Bottled Tornado"},{"floor":31,"key":"Vajra"}],"event_choices":[{"damage_healed":0,"gold_gain":0,"player_choice":"Obtained Relic","damage_taken":0,"relics_obtained":["Matryoshka"],"max_hp_gain":0,"max_hp_loss":0,"event_name":"Addict","floor":19,"gold_loss":85},{"damage_healed":0,"gold_gain":270,"player_choice":"GOLD GOLD GOLD ","damage_taken":28,"max_hp_gain":0,"max_hp_loss":0,"event_name":"Knowing Skull","floor":21,"potions_obtained":[],"gold_loss":0,"cards_obtained":[]}],"is_beta":true,"boss_relics":[{"not_picked":["Ectoplasm","Empty Cage"],"picked":"Snecko Eye"}],"items_purged_floors":[5],"is_endless":false,"potions_floor_spawned":[1,2,10,12,16,20,22],"killed_by":"Automaton","ascension_level":20}