{"gold_per_floor":[109,128,145,165,85,120,134,168,168,197,207,218,218,228,228,325,325,335,335,352,63,63,63,96,110,181,181,181,57,57,70,70,169,169,187,205,216,236,85,119,119,152,152,177,177,0,0,17,17,17,17,17,17,49,49],"floor_reached":56,"playtime":8635,"items_purged":["Strike_G"],"score":1594,"play_id":"25eddaa3-0446-40d9-9c82-92d639d19a0e","local_time":"20191013183256","is_ascension_mode":true,"campfire_choices":[{"data":"Noxious Fumes","floor":13,"key":"SMITH"},{"data":"Footwork","floor":15,"key":"SMITH"},{"data":"Burst","floor":23,"key":"SMITH"},{"data":"Prepared","floor":28,"key":"SMITH"},{"data":"Footwork","floor":30,"key":"SMITH"},{"data":"Footwork","floor":32,"key":"SMITH"},{"data":"After Image","floor":41,"key":"SMITH"},{"data":"Burst","floor":45,"key":"SMITH"},{"floor":49,"key":"RECALL"},{"data":"Burst","floor":52,"key":"SMITH"}],"neow_cost":"NONE","seed_source_timestamp":2393308935781299,"circlet_count":0,"master_deck":["Strike_G","Strike_G","Strike_G","Defend_G","Defend_G","Defend_G","Defend_G","Defend_G","Survivor","Neutralize","Noxious Fumes+1","Backflip","Caltrops","Backflip","Crippling Poison","Escape Plan","Footwork+1","Deflect","After Image+1","Blur","Footwork+1","Burst+1","Dodge and Roll","Prepared+1","Footwork+1","Panache","Acrobatics","Expertise","Deadly Poison","PiercingWail","Burst+1","Deflect","Acrobatics+1","Burst+1","Backflip+1","Blur+1","Footwork+1","Catalyst+1","Backflip+1"],"relics":["Ring of the Snake","Letter Opener","PreservedInsect","Eternal Feather","Coffee Dripper","Ginger","Question Card","Sozu","Oddly Smooth Stone","Ice Cream","Girya","Shuriken","Dream Catcher","Red Mask","Bottled Lightning"],"potions_floor_usage":[6,6,33,55,55,55],"damage_taken":[{"damage":5,"enemies":"Jaw Worm","floor":1,"turns":4},{"damage":1,"enemies":"2 Louse","floor":2,"turns":3},{"damage":1,"enemies":"Small Slimes","floor":3,"turns":5},{"damage":0,"enemies":"Exordium Wildlife","floor":4,"turns":3},{"damage":19,"enemies":"Gremlin Nob","floor":6,"turns":4},{"damage":11,"enemies":"3 Louse","floor":7,"turns":3},{"damage":0,"enemies":"Lagavulin","floor":8,"turns":9},{"damage":6,"enemies":"3 Sentries","floor":10,"turns":6},{"damage":15,"enemies":"Exordium Thugs","floor":11,"turns":5},{"damage":5,"enemies":"Large Slime","floor":12,"turns":8},{"damage":7,"enemies":"Red Slaver","floor":14,"turns":5},{"damage":15,"enemies":"Slime Boss","floor":16,"turns":12},{"damage":22,"enemies":"Chosen","floor":18,"turns":6},{"damage":3,"enemies":"Shell Parasite","floor":20,"turns":7},{"damage":18,"enemies":"Gremlin Leader","floor":24,"turns":7},{"damage":8,"enemies":"Snecko","floor":25,"turns":7},{"damage":0,"enemies":"3 Cultists","floor":31,"turns":4},{"damage":5,"enemies":"Champ","floor":33,"turns":13},{"damage":0,"enemies":"3 Shapes","floor":35,"turns":4},{"damage":0,"enemies":"3 Darklings","floor":36,"turns":3},{"damage":0,"enemies":"Spire Growth","floor":37,"turns":6},{"damage":17,"enemies":"Jaw Worm Horde","floor":38,"turns":4},{"damage":0,"enemies":"Reptomancer","floor":40,"turns":6},{"damage":0,"enemies":"Nemesis","floor":42,"turns":7},{"damage":0,"enemies":"Giant Head","floor":44,"turns":12},{"damage":0,"enemies":"3 Darklings","floor":48,"turns":3},{"damage":0,"enemies":"Donu and Deca","floor":50,"turns":10},{"damage":0,"enemies":"Shield and Spear","floor":54,"turns":8},{"damage":48,"enemies":"The Heart","floor":55,"turns":7}],"seed_played":"-7462602202140840505","potions_obtained":[{"floor":1,"key":"PowerPotion"},{"floor":3,"key":"Fire Potion"},{"floor":8,"key":"Dexterity Potion"},{"floor":10,"key":"GhostInAJar"},{"floor":18,"key":"Poison Potion"},{"floor":24,"key":"Explosive Potion"},{"floor":33,"key":"Poison Potion"}],"is_trial":false,"path_per_floor":["M","M","M","M","$","E","M","E","T","E","M","M","R","M","R","B",null,"M","?","M","$","?","R","E","M","T","?","R","$","R","M","R","B",null,"M","M","M","M","$","E","R","E","T","E","R","?","?","M","R","B",null,"R","$","E","B",null],"character_chosen":"THE_SILENT","items_purchased":["Crippling Poison","Prepared","Footwork","Panache","Deadly Poison","Oddly Smooth Stone"],"campfire_rested":0,"item_purchase_floors":[5,21,21,21,29,39],"current_hp_per_floor":[72,71,70,70,70,51,40,40,40,34,19,14,26,19,31,16,77,55,55,52,52,52,67,49,41,41,41,56,56,71,71,77,72,77,77,77,77,60,60,60,77,77,77,77,77,77,70,70,77,77,77,77,77,77,29],"gold":49,"neow_bonus":"TEN_PERCENT_HP_BONUS","is_prod":false,"is_daily":false,"chose_seed":false,"campfire_upgraded":9,"win_rate":0,"timestamp":1570987976,"path_taken":["M","M","M","M","$","E","M","E","T","E","M","M","R","M","R","BOSS","M","?","M","$","?","R","E","M","T","?","R","$","R","M","R","BOSS","M","M","M","M","$","E","R","E","T","E","R","?","?","?","R","BOSS","R","$","E","BOSS"],"build_version":"2019-09-09v2","purchased_purges":1,"victory":true,"max_hp_per_floor":[77,77,77,77,77,77,77,77,77,77,77,77,77,77,77,77,77,77,77,77,77,77,77,77,77,77,77,77,77,77,77,77,77,77,77,77,77,77,77,77,77,77,77,77,77,77,77,77,77,77,77,77,77,77,77],"card_choices":[{"not_picked":["Flying Knee","Calculated Gamble"],"picked":"Noxious Fumes","floor":1},{"not_picked":["Backstab","Deflect"],"picked":"Backflip","floor":2},{"not_picked":["Expertise","Slice"],"picked":"Caltrops","floor":3},{"not_picked":["Underhanded Strike","Storm of Steel"],"picked":"Backflip","floor":4},{"not_picked":["Crippling Poison","Die Die Die"],"picked":"Escape Plan","floor":6},{"not_picked":["Quick Slash","Endless Agony"],"picked":"Footwork","floor":7},{"not_picked":["Dash","Flying Knee"],"picked":"Deflect","floor":8},{"not_picked":["Prepared","Expertise"],"picked":"After Image","floor":10},{"not_picked":["Predator","Dash","Dagger Spray"],"picked":"SKIP","floor":11},{"not_picked":["Outmaneuver","Deadly Poison"],"picked":"Blur","floor":12},{"not_picked":["Noxious Fumes","Caltrops"],"picked":"Footwork","floor":14},{"not_picked":["Bullet Time","Storm of Steel"],"picked":"Burst","floor":16},{"not_picked":["Dagger Throw","Quick Slash"],"picked":"Dodge and Roll","floor":18},{"not_picked":["Blade Dance+1","Tactician","Bane"],"picked":"SKIP","floor":20},{"not_picked":["Dagger Spray","Bane+1","Quick Slash"],"picked":"SKIP","floor":24},{"not_picked":["Bane+1","Slice"],"picked":"Expertise","floor":25},{"not_picked":["Dagger Throw","Poisoned Stab","Quick Slash"],"picked":"PiercingWail","floor":31},{"not_picked":["Bullet Time","Tools of the Trade","Wraith Form v2"],"picked":"Burst","floor":33},{"not_picked":["Sucker Punch","Underhanded Strike+1","Dash"],"picked":"Deflect","floor":35},{"not_picked":["Sucker Punch","Outmaneuver+1","Slice"],"picked":"Acrobatics+1","floor":36},{"not_picked":["Flying Knee+1","Blade Dance","Skewer"],"picked":"Burst","floor":37},{"not_picked":["Slice+1","Dagger Spray+1","Catalyst"],"picked":"Backflip+1","floor":38},{"not_picked":["Footwork+1","Dagger Throw+1","Choke+1"],"picked":"Blur+1","floor":40},{"not_picked":["Skewer+1","PiercingWail+1","Deflect+1"],"picked":"Footwork+1","floor":42},{"not_picked":["Dash","Poisoned Stab","Envenom"],"picked":"Catalyst+1","floor":44},{"not_picked":["Blade Dance+1","Bouncing Flask+1","Dash+1"],"picked":"Backflip+1","floor":48},{"not_picked":["Bouncing Flask+1","Bane","Deflect","Dagger Throw"],"picked":"SKIP","floor":54}],"player_experience":161405,"relics_obtained":[{"floor":6,"key":"Letter Opener"},{"floor":8,"key":"PreservedInsect"},{"floor":10,"key":"Eternal Feather"},{"floor":24,"key":"Ginger"},{"floor":26,"key":"Question Card"},{"floor":40,"key":"Ice Cream"},{"floor":42,"key":"Girya"},{"floor":43,"key":"Shuriken"},{"floor":44,"key":"Dream Catcher"},{"floor":54,"key":"Bottled Lightning"}],"event_choices":[{"cards_removed":["Strike_G"],"damage_healed":0,"gold_gain":0,"player_choice":"Elegance","damage_taken":0,"max_hp_gain":0,"max_hp_loss":0,"event_name":"Back to Basics","floor":19,"gold_loss":0},{"damage_healed":0,"gold_gain":0,"player_choice":"Read","damage_taken":0,"max_hp_gain":0,"max_hp_loss":0,"event_name":"The Library","floor":22,"gold_loss":0,"cards_obtained":["Acrobatics"]},{"damage_healed":0,"gold_gain":0,"player_choice":"Ignored","damage_taken":0,"max_hp_gain":0,"max_hp_loss":0,"event_name":"Vampires","floor":27,"gold_loss":0},{"damage_healed":0,"gold_gain":0,"player_choice":"Paid","damage_taken":0,"relics_obtained":["Red Mask"],"max_hp_gain":0,"max_hp_loss":0,"event_name":"Tomb of Lord Red Mask","floor":46,"gold_loss":177},{"damage_healed":0,"gold_gain":0,"player_choice":"Damaged","damage_taken":7,"max_hp_gain":0,"max_hp_loss":0,"event_name":"Wheel of Change","floor":47,"gold_loss":0}],"is_beta":true,"boss_relics":[{"not_picked":["Snecko Eye","Fusion Hammer"],"picked":"Coffee Dripper"},{"not_picked":["Runic Dome","HoveringKite"],"picked":"Sozu"}],"items_purged_floors":[29],"is_endless":false,"potions_floor_spawned":[1,3,8,10,18,24,31,33,35,36,42,44],"ascension_level":2}