{"gold_per_floor":[117,127,127,77,30,74,93,118,145,145],"floor_reached":10,"playtime":529,"items_purged":[],"score":78,"play_id":"084cf4b9-317b-47e2-adc5-1d6f3d5b49ed","local_time":"20190915052432","is_ascension_mode":true,"campfire_choices":[],"neow_cost":"NONE","seed_source_timestamp":236587691999800,"circlet_count":0,"master_deck":["Strike_R","Strike_R","Strike_R","Strike_R","Defend_R","Defend_R","Defend_R","Defend_R","Bash","Armaments","Sword Boomerang","Shrug It Off","Clash","Battle Trance"],"relics":["Burning Blood","Golden Idol","Blood Vial","Bag of Marbles"],"potions_floor_usage":[8,8],"damage_taken":[{"damage":8,"enemies":"2 Louse","floor":1,"turns":2},{"damage":4,"enemies":"Small Slimes","floor":2,"turns":5},{"damage":35,"enemies":"Gremlin Nob","floor":6,"turns":5},{"damage":4,"enemies":"Jaw Worm","floor":7,"turns":3},{"damage":22,"enemies":"Gremlin Gang","floor":8,"turns":5},{"damage":5,"enemies":"Exordium Thugs","floor":10,"turns":4}],"seed_played":"-4573527348207099664","potions_obtained":[{"floor":6,"key":"Weak Potion"},{"floor":7,"key":"PowerPotion"}],"is_trial":false,"path_per_floor":["M","M","?","?","$","E","M","M","T","M"],"character_chosen":"IRONCLAD","items_purchased":["Shrug It Off"],"campfire_rested":0,"item_purchase_floors":[5],"current_hp_per_floor":[86,88,66,66,66,37,41,27,27,24],"gold":145,"neow_bonus":"TEN_PERCENT_HP_BONUS","is_prod":false,"is_daily":false,"chose_seed":false,"campfire_upgraded":0,"win_rate":0,"timestamp":1568517872,"path_taken":["M","M","?","?","$","E","M","M","T","M"],"build_version":"2019-07-17","purchased_purges":0,"victory":false,"max_hp_per_floor":[88,88,88,88,88,88,88,88,88,88],"card_choices":[{"not_picked":["Iron Wave","Body Slam"],"picked":"Armaments","floor":1},{"not_picked":["Armaments","Entrench"],"picked":"Sword Boomerang","floor":2},{"not_picked":["Sentinel","Havoc","Flex"],"picked":"SKIP","floor":6},{"not_picked":["Flex","Combust"],"picked":"Clash","floor":7},{"not_picked":["Pummel","Shrug It Off"],"picked":"Battle Trance","floor":8}],"player_experience":142222,"relics_obtained":[{"floor":6,"key":"Blood Vial"},{"floor":9,"key":"Bag of Marbles"}],"event_choices":[{"damage_healed":0,"gold_gain":0,"player_choice":"Take Damage","damage_taken":22,"relics_obtained":["Golden Idol"],"max_hp_gain":0,"max_hp_loss":0,"event_name":"Golden Idol","floor":3,"gold_loss":0},{"cards_removed":["Strike_R"],"damage_healed":0,"gold_gain":0,"player_choice":"Card Removal","damage_taken":0,"max_hp_gain":0,"max_hp_loss":0,"event_name":"The Cleric","floor":4,"gold_loss":50}],"is_beta":false,"boss_relics":[],"items_purged_floors":[],"is_endless":false,"potions_floor_spawned":[6,7],"killed_by":"Exordium Thugs","ascension_level":3}