{"gold_per_floor":[114,36,336,354,367,367,383,400,481,481,38,51,80,92,92,190,190,163,173,186,38,53,53,79,99,124,124,124,124],"floor_reached":29,"playtime":2408,"items_purged":["Regret"],"score":282,"play_id":"2d506aa7-dfb5-44b3-aa03-c4d1a26ef8c9","local_time":"20191013133407","is_ascension_mode":true,"campfire_choices":[{"data":"Zap","floor":6,"key":"SMITH"},{"data":"Dualcast","floor":15,"key":"SMITH"},{"data":"Scrape","floor":23,"key":"SMITH"},{"data":"Multi-Cast","floor":27,"key":"SMITH"}],"neow_cost":"TEN_PERCENT_HP_LOSS","seed_source_timestamp":2381630982039253,"circlet_count":0,"master_deck":["Zap+1","Dualcast+1","Steam","Gash","Conserve Battery","Skim","Steam","Gash","Multi-Cast+1","Heatsinks","Scrape+1","Coolheaded","Buffer","Fission","Skim","Self Repair","Reinforced Body","Consume","Rip and Tear","Hologram","Steam","Conserve Battery+1","Bandage Up","Hologram","Defragment","Hologram","Rebound+1"],"relics":["Cracked Core","Old Coin","Eternal Feather","PreservedInsect","HandDrill","MealTicket","Pandora\u0027s Box","Bag of Marbles"],"potions_floor_usage":[13,13,16,24,28],"damage_taken":[{"damage":2,"enemies":"Small Slimes","floor":1,"turns":3},{"damage":7,"enemies":"Jaw Worm","floor":4,"turns":3},{"damage":2,"enemies":"2 Louse","floor":5,"turns":3},{"damage":1,"enemies":"Looter","floor":7,"turns":3},{"damage":7,"enemies":"Lots of Slimes","floor":8,"turns":4},{"damage":2,"enemies":"2 Fungi Beasts","floor":12,"turns":3},{"damage":8,"enemies":"Lagavulin","floor":13,"turns":4},{"damage":0,"enemies":"Exordium Wildlife","floor":14,"turns":4},{"damage":32,"enemies":"Hexaghost","floor":16,"turns":12},{"damage":11,"enemies":"2 Thieves","floor":18,"turns":5},{"damage":8,"enemies":"Chosen","floor":19,"turns":6},{"damage":21,"enemies":"Snake Plant","floor":20,"turns":5},{"damage":2,"enemies":"Shelled Parasite and Fungi","floor":22,"turns":8},{"damage":75,"enemies":"Book of Stabbing","floor":24,"turns":8},{"damage":14,"enemies":"Centurion and Healer","floor":25,"turns":8},{"damage":0,"enemies":"Slavers","floor":28,"turns":1},{"damage":60,"enemies":"3 Cultists","floor":29,"turns":5}],"seed_played":"8096388722933326482","potions_obtained":[{"floor":5,"key":"Fruit Juice"},{"floor":8,"key":"AttackPotion"},{"floor":12,"key":"Block Potion"},{"floor":13,"key":"FairyPotion"},{"floor":16,"key":"Block Potion"},{"floor":18,"key":"Explosive Potion"},{"floor":20,"key":"SmokeBomb"}],"is_trial":false,"path_per_floor":["M","$","?","M","M","R","M","M","T","?","$","M","E","M","R","B",null,"M","M","M","$","M","R","E","M","T","R","E","M"],"character_chosen":"DEFECT","items_purchased":["Gash","Conserve Battery","Scrape","PreservedInsect","HandDrill","Bandage Up","Hologram"],"campfire_rested":0,"item_purchase_floors":[2,2,11,11,11,21,21],"current_hp_per_floor":[66,66,66,59,57,57,56,49,49,49,49,47,44,44,53,21,73,69,68,54,69,73,73,9,28,28,43,43,0],"gold":124,"neow_bonus":"REMOVE_TWO","is_prod":false,"is_daily":false,"chose_seed":false,"campfire_upgraded":4,"win_rate":0,"timestamp":1570970047,"path_taken":["M","$","?","M","M","R","M","M","T","?","$","M","E","M","R","BOSS","M","M","M","$","M","R","E","M","T","R","E","M"],"build_version":"2019-09-09v2","purchased_purges":1,"victory":false,"max_hp_per_floor":[68,68,68,68,68,68,68,68,68,68,68,68,73,73,73,73,73,73,73,73,73,73,73,73,73,73,73,73,73],"card_choices":[{"not_picked":["Cold Snap","Conserve Battery"],"picked":"Steam","floor":1},{"not_picked":["Redo","Doom and Gloom"],"picked":"Skim","floor":4},{"not_picked":["Ball Lightning","Double Energy"],"picked":"Steam","floor":5},{"not_picked":["Sunder","Conserve Battery"],"picked":"Gash","floor":7},{"not_picked":["Hello World","Streamline"],"picked":"Multi-Cast","floor":8},{"not_picked":["Compile Driver","Turbo"],"picked":"Coolheaded","floor":12},{"not_picked":["Gash","Sunder"],"picked":"Buffer","floor":13},{"not_picked":["Sunder","Tempest","Sweeping Beam"],"picked":"SKIP","floor":14},{"not_picked":["Buffer","Electrodynamics"],"picked":"Fission","floor":16},{"not_picked":["Double Energy","Blizzard"],"picked":"Hologram","floor":18},{"not_picked":["Reinforced Body+1","Compile Driver"],"picked":"Steam","floor":19},{"not_picked":["Ball Lightning","Compile Driver"],"picked":"Conserve Battery+1","floor":20},{"not_picked":["Reinforced Body","Hello World"],"picked":"Defragment","floor":22},{"not_picked":["Compile Driver","Ball Lightning"],"picked":"Hologram","floor":24},{"not_picked":["Biased Cognition","Genetic Algorithm+1"],"picked":"Rebound+1","floor":25}],"player_experience":149823,"relics_obtained":[{"floor":9,"key":"Eternal Feather"},{"floor":13,"key":"MealTicket"},{"floor":24,"key":"Bag of Marbles"}],"event_choices":[{"damage_healed":0,"gold_gain":0,"player_choice":"Box","damage_taken":0,"relics_obtained":["Old Coin"],"max_hp_gain":0,"max_hp_loss":0,"event_name":"Big Fish","floor":3,"gold_loss":0,"cards_obtained":["Regret"]},{"damage_healed":0,"gold_gain":0,"cards_transformed":["Defend_B"],"player_choice":"Change","damage_taken":0,"max_hp_gain":0,"max_hp_loss":0,"event_name":"Living Wall","floor":10,"gold_loss":0,"cards_obtained":["Heatsinks"]}],"is_beta":true,"boss_relics":[{"not_picked":["Cursed Key","Fusion Hammer"],"picked":"Pandora\u0027s Box"}],"items_purged_floors":[11],"is_endless":false,"potions_floor_spawned":[5,8,12,13,16,18,20,28],"killed_by":"3 Cultists","ascension_level":1}