{"gold_per_floor":[109,125,144,164,181,181,206,206,230,230,230],"floor_reached":11,"playtime":333,"items_purged":[],"score":150,"play_id":"571e3c6b-b217-499e-b5c2-c4e13e966da6","local_time":"20191016134326","is_ascension_mode":true,"campfire_choices":[{"floor":6,"key":"REST"},{"floor":10,"key":"REST"}],"neow_cost":"NONE","seed_source_timestamp":148349838182500,"circlet_count":0,"master_deck":["AscendersBane","Strike_R","Strike_R","Strike_R","Strike_R","Strike_R","Defend_R","Defend_R","Defend_R","Defend_R","Bash","Spot Weakness","Disarm","Disarm","Heavy Blade","Limit Break","Flame Barrier"],"relics":["Burning Blood","Charon\u0027s Ashes","Ancient Tea Set","Regal Pillow"],"potions_floor_usage":[3],"damage_taken":[{"damage":21,"enemies":"Small Slimes","floor":1,"turns":5},{"damage":1,"enemies":"2 Louse","floor":2,"turns":4},{"damage":4,"enemies":"Cultist","floor":3,"turns":4},{"damage":43,"enemies":"Large Slime","floor":4,"turns":19},{"damage":20,"enemies":"3 Louse","floor":5,"turns":4},{"damage":33,"enemies":"Lagavulin","floor":7,"turns":8},{"damage":57,"enemies":"Gremlin Nob","floor":11,"turns":4}],"seed_played":"5278982208408664013","potions_obtained":[{"floor":3,"key":"Fruit Juice"},{"floor":7,"key":"Energy Potion"}],"is_trial":false,"path_per_floor":["M","M","M","M","M","R","E","?","T","R","E"],"character_chosen":"IRONCLAD","items_purchased":[],"campfire_rested":2,"item_purchase_floors":[],"current_hp_per_floor":[60,65,72,35,21,47,20,2,2,43,0],"gold":230,"neow_bonus":"TEN_PERCENT_HP_BONUS","is_prod":false,"is_daily":false,"chose_seed":false,"campfire_upgraded":0,"win_rate":0,"timestamp":1571258606,"path_taken":["M","M","M","M","M","R","E","?","T","R","E"],"build_version":"2019-10-15","purchased_purges":0,"victory":false,"max_hp_per_floor":[82,82,87,87,87,87,87,87,87,87,87],"card_choices":[{"not_picked":["Sword Boomerang","Clothesline"],"picked":"Spot Weakness","floor":1},{"not_picked":["Seeing Red","Havoc"],"picked":"Disarm","floor":2},{"not_picked":["Heavy Blade","Twin Strike"],"picked":"Disarm","floor":3},{"not_picked":["Sever Soul","Thunderclap"],"picked":"Heavy Blade","floor":4},{"not_picked":["Blood for Blood","Sentinel"],"picked":"Limit Break","floor":5},{"not_picked":["Thunderclap","Shockwave"],"picked":"Flame Barrier","floor":7}],"player_experience":1592504,"relics_obtained":[{"floor":7,"key":"Charon\u0027s Ashes"},{"floor":9,"key":"Regal Pillow"}],"event_choices":[{"damage_healed":0,"gold_gain":0,"player_choice":"Success","damage_taken":18,"relics_obtained":["Ancient Tea Set"],"max_hp_gain":0,"max_hp_loss":0,"event_name":"Scrap Ooze","floor":8,"gold_loss":0}],"is_beta":true,"boss_relics":[],"items_purged_floors":[],"is_endless":false,"potions_floor_spawned":[3,7],"killed_by":"Gremlin Nob","ascension_level":20}