{"gold_per_floor":[109,124,124,51,126,126,142,167,213,237,237],"floor_reached":11,"playtime":999,"items_purged":[],"score":65,"play_id":"819e5ebf-6747-454f-bcba-34172c7d50fa","local_time":"20190619181554","is_ascension_mode":false,"campfire_choices":[{"data":"Footwork","floor":6.0,"key":"SMITH"}],"neow_cost":"TEN_PERCENT_HP_LOSS","seed_source_timestamp":606196129373187,"circlet_count":0,"master_deck":["Defend_G","Defend_G","Defend_G","Defend_G","Defend_G","Strike_G","Strike_G","Strike_G","Strike_G","Strike_G","Survivor","Neutralize","Doppelganger","Footwork+1","Footwork","Acrobatics"],"special_seed":0,"relics":["Ring of the Snake","Golden Idol","Juzu Bracelet"],"potions_floor_usage":[],"damage_taken":[{"damage":0.0,"enemies":"Cultist","floor":1.0,"turns":4.0},{"damage":5.0,"enemies":"2 Louse","floor":2.0,"turns":4.0},{"damage":2,"enemies":"Jaw Worm","floor":7,"turns":6},{"damage":2,"enemies":"3 Louse","floor":8,"turns":8},{"damage":1,"enemies":"Exordium Wildlife","floor":10,"turns":8},{"damage":77,"enemies":"Gremlin Nob","floor":11,"turns":6}],"seed_played":"6143360273785888150","potions_obtained":[{"floor":2.0,"key":"FairyPotion"},{"floor":7,"key":"GamblersBrew"}],"is_trial":false,"path_per_floor":["M","M","?","$","?","R","M","M","T","M","E"],"character_chosen":"THE_SILENT","items_purchased":["Footwork"],"campfire_rested":0,"item_purchase_floors":[4],"current_hp_per_floor":[63,58,43,43,32,32,30,28,28,27,0],"gold":237,"neow_bonus":"THREE_RARE_CARDS","is_prod":false,"is_daily":false,"chose_seed":false,"campfire_upgraded":1,"win_rate":0.0,"timestamp":1560993354,"path_taken":["M","?","?","?","?","R","M","M","T","M","E"],"build_version":"2019-01-23","purchased_purges":0,"victory":false,"max_hp_per_floor":[63,63,63,63,63,63,63,63,63,63,63],"card_choices":[{"not_picked":["Phantasmal Killer","Venomology"],"picked":"Doppelganger","floor":0.0},{"not_picked":["PiercingWail","Poisoned Stab","Flying Knee"],"picked":"SKIP","floor":1.0},{"not_picked":["Masterful Stab","Skewer","Sucker Punch"],"picked":"SKIP","floor":2.0},{"not_picked":["Deadly Poison","A Thousand Cuts"],"picked":"Footwork","floor":7},{"not_picked":["Heel Hook","Prepared"],"picked":"Acrobatics","floor":8},{"not_picked":["Leg Sweep","Riddle With Holes","Dagger Throw"],"picked":"SKIP","floor":10}],"player_experience":23723,"relics_obtained":[{"floor":9,"key":"Juzu Bracelet"}],"event_choices":[{"damage_healed":0.0,"max_hp_gain":0.0,"max_hp_loss":0.0,"gold_gain":0.0,"event_name":"Golden Idol","player_choice":"Take Damage","floor":3.0,"gold_loss":0.0,"damage_taken":15.0,"relics_obtained":["Golden Idol"]},{"damage_healed":0.0,"max_hp_gain":0.0,"max_hp_loss":0.0,"gold_gain":75.0,"event_name":"World of Goop","player_choice":"Gather Gold","floor":5.0,"gold_loss":0.0,"damage_taken":11.0}],"is_beta":false,"boss_relics":[],"items_purged_floors":[],"is_endless":false,"potions_floor_spawned":[2,7],"killed_by":"Gremlin Nob","ascension_level":0}