{"gold_per_floor":[215,140,150,166,166,166,180,196,196,214,214,238,263,326,326,419,419,440,440,200,218,271,271,315,315,315,334,0,13,13,34,34,34],"floor_reached":33,"playtime":1835,"items_purged":["Defend_R"],"score":484,"play_id":"103368a9-2dd2-4a14-9e34-aab5c7463a58","local_time":"20190920082402","is_ascension_mode":true,"campfire_choices":[{"data":"Armaments","floor":6.0,"key":"SMITH"},{"floor":11.0,"key":"REST"},{"data":"True Grit","floor":15.0,"key":"SMITH"},{"floor":23.0,"key":"REST"},{"floor":25.0,"key":"REST"},{"floor":32.0,"key":"REST"}],"neow_cost":"NONE","seed_source_timestamp":1028209355186245,"circlet_count":0,"master_deck":["AscendersBane","Strike_R","Strike_R","Strike_R","Defend_R","Defend_R","Defend_R+1","Bash","Iron Wave","Armaments+1","True Grit+1","Rampage","Shrug It Off+1","Battle Trance","Entrench","Headbutt+1","Carnage"],"special_seed":0,"relics":["Burning Blood","Golden Idol","Art of War","Strawberry","Tiny Chest","Sozu","Mercury Hourglass","Happy Flower","War Paint","Bird Faced Urn","Ice Cream"],"potions_floor_usage":[],"damage_taken":[{"damage":8.0,"enemies":"Jaw Worm","floor":1.0,"turns":5.0},{"damage":1.0,"enemies":"2 Louse","floor":3.0,"turns":3.0},{"damage":5.0,"enemies":"Cultist","floor":4.0,"turns":4.0},{"damage":17.0,"enemies":"Exordium Thugs","floor":7.0,"turns":6.0},{"damage":4.0,"enemies":"Large Slime","floor":8.0,"turns":8.0},{"damage":6.0,"enemies":"Looter","floor":10.0,"turns":3.0},{"damage":5.0,"enemies":"Red Slaver","floor":13.0,"turns":6.0},{"damage":24.0,"enemies":"Gremlin Nob","floor":14.0,"turns":5.0},{"damage":31.0,"enemies":"The Guardian","floor":16.0,"turns":13.0},{"damage":23.0,"enemies":"3 Byrds","floor":18.0,"turns":8.0},{"damage":26.0,"enemies":"Chosen","floor":21.0,"turns":5.0},{"damage":59.0,"enemies":"Book of Stabbing","floor":24.0,"turns":8.0},{"damage":17.0,"enemies":"Centurion and Healer","floor":27.0,"turns":8.0},{"damage":17.0,"enemies":"Chosen and Byrds","floor":29.0,"turns":6.0},{"damage":1.0,"enemies":"3 Cultists","floor":31.0,"turns":5.0},{"damage":69,"enemies":"Champ","floor":33,"turns":11}],"seed_played":"-5960344757232600696","potions_obtained":[{"floor":3.0,"key":"FairyPotion"},{"floor":4.0,"key":"Poison Potion"},{"floor":13.0,"key":"Regen Potion"}],"is_trial":false,"path_per_floor":["M","?","M","M","?","R","M","M","T","M","R","T","M","E","R","B",null,"M","?","$","M","T","R","E","R","T","M","?","M","?","M","R","B"],"character_chosen":"IRONCLAD","items_purchased":["Happy Flower"],"campfire_rested":4,"item_purchase_floors":[20],"current_hp_per_floor":[66,66,71,72,46,46,35,37,37,37,59,66,67,49,49,24,68,51,51,51,31,31,55,14,38,38,27,27,16,16,21,45,0],"gold":34,"neow_bonus":"HUNDRED_GOLD","is_prod":false,"is_daily":false,"chose_seed":false,"campfire_upgraded":2,"win_rate":0,"timestamp":1568993042,"path_taken":["M","?","M","M","?","R","M","M","T","M","R","?","M","E","R","BOSS","M","?","$","?","?","R","E","R","T","M","?","M","?","M","R","BOSS"],"build_version":"2019-07-17","purchased_purges":1,"victory":false,"max_hp_per_floor":[75,75,75,75,75,75,75,75,75,75,75,82,82,82,82,82,82,82,82,82,82,82,82,82,82,82,82,82,82,82,82,82,82],"card_choices":[{"not_picked":["Heavy Blade","Combust"],"picked":"Iron Wave","floor":1.0},{"not_picked":["Iron Wave","Perfected Strike"],"picked":"Armaments","floor":3.0},{"not_picked":["Wild Strike","Twin Strike"],"picked":"True Grit","floor":4.0},{"not_picked":["Searing Blow","Disarm"],"picked":"Rampage","floor":7.0},{"not_picked":["Evolve","Anger","True Grit"],"picked":"SKIP","floor":8.0},{"not_picked":["Pommel Strike","Flex","Corruption"],"picked":"SKIP","floor":10.0},{"not_picked":["Pommel Strike","Flex","Corruption"],"picked":"SKIP","floor":10.0},{"not_picked":["Armaments","Iron Wave"],"picked":"Shrug It Off","floor":13.0},{"not_picked":["Heavy Blade","Cleave","Armaments"],"picked":"SKIP","floor":14.0},{"not_picked":["True Grit","Heavy Blade"],"picked":"Battle Trance","floor":18.0},{"not_picked":["Heavy Blade","Pommel Strike","Armaments"],"picked":"SKIP","floor":21.0},{"not_picked":["Reckless Charge","Armaments"],"picked":"Entrench","floor":24.0},{"not_picked":["Flex","Warcry","Havoc"],"picked":"SKIP","floor":27.0},{"not_picked":["Battle Trance","Hemokinesis+1"],"picked":"Headbutt+1","floor":29.0},{"not_picked":["Inflame","Shockwave","Sentinel"],"picked":"SKIP","floor":31.0}],"player_experience":336822,"relics_obtained":[{"floor":9.0,"key":"Art of War"},{"floor":12.0,"key":"Strawberry"},{"floor":14.0,"key":"Tiny Chest"},{"floor":22.0,"key":"War Paint"},{"floor":24.0,"key":"Bird Faced Urn"},{"floor":26.0,"key":"Ice Cream"}],"event_choices":[{"cards_removed":["Strike_R"],"damage_healed":0.0,"max_hp_gain":0.0,"max_hp_loss":0.0,"gold_gain":0.0,"event_name":"The Cleric","player_choice":"Card Removal","floor":2.0,"gold_loss":75.0,"damage_taken":0.0},{"damage_healed":0.0,"max_hp_gain":0.0,"max_hp_loss":0.0,"gold_gain":0.0,"event_name":"Golden Idol","player_choice":"Take Damage","floor":5.0,"gold_loss":0.0,"damage_taken":26.0,"relics_obtained":["Golden Idol"]},{"damage_healed":0.0,"max_hp_gain":0.0,"max_hp_loss":0.0,"gold_gain":0.0,"event_name":"WeMeetAgain","player_choice":"Gave Potion","floor":19.0,"gold_loss":0.0,"damage_taken":0.0,"relics_obtained":["Mercury Hourglass"]},{"damage_healed":0.0,"max_hp_gain":0.0,"max_hp_loss":0.0,"gold_gain":0.0,"event_name":"Masked Bandits","player_choice":"Paid Fearfully","floor":28.0,"gold_loss":334.0,"damage_taken":0.0},{"damage_healed":0.0,"max_hp_gain":0.0,"max_hp_loss":0.0,"gold_gain":0.0,"cards_transformed":["Strike_R"],"event_name":"Transmorgrifier","player_choice":"Transformed","floor":30.0,"gold_loss":0.0,"damage_taken":0.0,"cards_obtained":["Carnage"]}],"is_beta":false,"boss_relics":[{"not_picked":["Empty Cage","Astrolabe"],"picked":"Sozu"}],"items_purged_floors":[20],"is_endless":false,"potions_floor_spawned":[3,4,13,21,24],"killed_by":"Champ","ascension_level":16}