{"gold_per_floor":[118,131,145,162,13,43,59,86,86,86,112,125,125,125,125,202,202,213,213,113,130,130,130,110,110,134,9,9,26,26,26,26,105,105,116,116,128,140,140,140,159,159,159,159,177,177,197,222,222,222,222],"floor_reached":52,"playtime":1897,"items_purged":["Strike_R","Strike_R","Doubt"],"score":2000,"play_id":"10e3a562-ed96-40b6-8d48-d57e12d26fef","local_time":"20191014180445","is_ascension_mode":true,"campfire_choices":[{"data":"Searing Blow","floor":10.0,"key":"SMITH"},{"data":"Searing Blow+1","floor":13.0,"key":"SMITH"},{"data":"Searing Blow+2","floor":15.0,"key":"SMITH"},{"data":"Searing Blow+3","floor":23.0,"key":"SMITH"},{"data":"Searing Blow+4","floor":25.0,"key":"SMITH"},{"data":"Searing Blow+5","floor":28.0,"key":"SMITH"},{"data":"Searing Blow+6","floor":30.0,"key":"SMITH"},{"data":"Searing Blow+7","floor":32.0,"key":"SMITH"},{"data":"Searing Blow+8","floor":40.0,"key":"SMITH"},{"data":"Searing Blow+9","floor":42.0,"key":"SMITH"},{"data":"Searing Blow+10","floor":44,"key":"SMITH"},{"floor":49,"key":"REST"}],"neow_cost":"TEN_PERCENT_HP_LOSS","seed_source_timestamp":347615933172100,"circlet_count":0,"master_deck":["AscendersBane","Defend_R","Defend_R","Defend_R","Defend_R","Bash","Apotheosis+1","Headbutt","Searing Blow+11","Headbutt","Barricade","True Grit+1","Ghostly Armor","Offering","Shrug It Off","Disarm","Disarm+1","True Grit+1","Battle Trance","Decay"],"special_seed":0,"relics":["Burning Blood","TungstenRod","Bag of Marbles","War Paint","Boot","Cursed Key","Regal Pillow","Empty Cage","Mummified Hand"],"potions_floor_usage":[50,51],"damage_taken":[{"damage":5.0,"enemies":"Cultist","floor":1.0,"turns":6.0},{"damage":7.0,"enemies":"Jaw Worm","floor":2.0,"turns":5.0},{"damage":6.0,"enemies":"Small Slimes","floor":3.0,"turns":4.0},{"damage":13.0,"enemies":"3 Louse","floor":4.0,"turns":5.0},{"damage":21.0,"enemies":"Gremlin Nob","floor":6.0,"turns":4.0},{"damage":9.0,"enemies":"Gremlin Gang","floor":7.0,"turns":5.0},{"damage":0.0,"enemies":"Lagavulin","floor":8.0,"turns":7.0},{"damage":17.0,"enemies":"3 Sentries","floor":11.0,"turns":9.0},{"damage":0.0,"enemies":"2 Fungi Beasts","floor":12.0,"turns":2.0},{"damage":8.0,"enemies":"The Guardian","floor":16.0,"turns":12.0},{"damage":21.0,"enemies":"Chosen","floor":18.0,"turns":4.0},{"damage":5.0,"enemies":"3 Byrds","floor":21.0,"turns":7.0},{"damage":0.0,"enemies":"Centurion and Healer","floor":29.0,"turns":2.0},{"damage":5.0,"enemies":"Champ","floor":33.0,"turns":26.0},{"damage":11.0,"enemies":"3 Darklings","floor":35.0,"turns":14.0},{"damage":0.0,"enemies":"Orb Walker","floor":37.0,"turns":1.0},{"damage":5.0,"enemies":"Transient","floor":38.0,"turns":6.0},{"damage":16.0,"enemies":"Spire Growth","floor":41.0,"turns":3.0},{"damage":37,"enemies":"4 Shapes","floor":45,"turns":5},{"damage":12,"enemies":"Jaw Worm Horde","floor":47,"turns":5},{"damage":5,"enemies":"Reptomancer","floor":48,"turns":1},{"damage":34,"enemies":"Time Eater","floor":50,"turns":9},{"damage":34,"enemies":"Donu and Deca","floor":51,"turns":11}],"seed_played":"-6514136389249862163","potions_obtained":[{"floor":1.0,"key":"Fruit Juice"},{"floor":3.0,"key":"Strength Potion"},{"floor":4.0,"key":"EssenceOfSteel"},{"floor":12.0,"key":"Fire Potion"},{"floor":16.0,"key":"Strength Potion"},{"floor":21.0,"key":"EssenceOfSteel"},{"floor":24.0,"key":"Strength Potion"},{"floor":41.0,"key":"Dexterity Potion"}],"is_trial":false,"path_per_floor":["M","M","M","M","$","E","M","E","T","R","E","M","R","?","R","B",null,"M","?","$","M","?","R","?","R","T","$","R","M","R","?","R","B",null,"M","?","M","M","$","R","M","R","T","R","M","?","M","E","R","B","B",null],"character_chosen":"IRONCLAD","items_purchased":["Combust"],"campfire_rested":1,"item_purchase_floors":[5],"current_hp_per_floor":[68,67,72,65,65,50,47,53,53,53,42,48,48,42,42,40,65,50,50,50,51,31,31,31,31,31,31,31,37,37,78,78,78,78,73,73,78,78,78,78,68,68,68,68,37,37,31,32,70,42,14],"gold":222,"neow_bonus":"RANDOM_COLORLESS_2","is_prod":false,"is_daily":false,"chose_seed":false,"campfire_upgraded":11,"win_rate":0,"timestamp":1571101485,"path_taken":["M","M","M","M","$","E","M","E","T","R","E","M","R","?","R","BOSS","M","?","$","M","?","R","?","R","T","$","R","?","R","?","R","BOSS","M","?","?","?","$","R","M","R","T","R","M","?","?","E","R","BOSS","BOSS"],"build_version":"2019-10-14","purchased_purges":3,"victory":true,"max_hp_per_floor":[68,68,73,73,73,73,73,73,73,73,73,73,73,73,73,73,73,73,73,73,73,78,78,78,78,78,78,78,78,78,78,78,78,78,78,78,78,78,78,78,78,78,78,78,78,78,78,78,78,78,78],"card_choices":[{"not_picked":["Panache","Magnetism"],"picked":"Apotheosis","floor":0.0},{"not_picked":["Flex","Warcry"],"picked":"Headbutt","floor":1.0},{"not_picked":["Pummel","Carnage"],"picked":"Searing Blow","floor":2.0},{"not_picked":["Iron Wave","Clothesline"],"picked":"Headbutt","floor":3.0},{"not_picked":["Inflame","Clothesline"],"picked":"Barricade","floor":4.0},{"not_picked":["Pommel Strike","Headbutt","Sword Boomerang"],"picked":"SKIP","floor":6.0},{"not_picked":["Uppercut","Rampage"],"picked":"True Grit","floor":7.0},{"not_picked":["Pommel Strike","Iron Wave","Wild Strike"],"picked":"SKIP","floor":8.0},{"not_picked":["Seeing Red","Iron Wave"],"picked":"Ghostly Armor","floor":11.0},{"not_picked":["Flex","Anger","Clash"],"picked":"SKIP","floor":12.0},{"not_picked":["Fiend Fire","Exhume"],"picked":"Offering","floor":16.0},{"not_picked":["Clothesline","Wild Strike"],"picked":"Shrug It Off","floor":18.0},{"not_picked":["Clothesline","Havoc+1","Sword Boomerang"],"picked":"SKIP","floor":21.0},{"not_picked":["Cleave","Twin Strike","Bloodletting"],"picked":"SKIP","floor":29.0},{"not_picked":["Clash","Cleave"],"picked":"Disarm","floor":35.0},{"not_picked":["Hemokinesis","Shockwave+1","Headbutt"],"picked":"SKIP","floor":37.0},{"not_picked":["Sword Boomerang","True Grit"],"picked":"Disarm+1","floor":38.0},{"not_picked":["Searing Blow","Pommel Strike"],"picked":"True Grit+1","floor":41.0},{"not_picked":["Combust","Rampage"],"picked":"Battle Trance","floor":45},{"not_picked":["Clothesline+1","Thunderclap+1","Twin Strike+1"],"picked":"SKIP","floor":47},{"not_picked":["Pommel Strike","Cleave","Barricade"],"picked":"SKIP","floor":48}],"player_experience":1573621,"relics_obtained":[{"floor":6.0,"key":"TungstenRod"},{"floor":8.0,"key":"Bag of Marbles"},{"floor":9.0,"key":"War Paint"},{"floor":11.0,"key":"Boot"},{"floor":26.0,"key":"Regal Pillow"},{"floor":48,"key":"Mummified Hand"}],"event_choices":[{"cards_removed":["Strike_R"],"damage_healed":0.0,"max_hp_gain":0.0,"max_hp_loss":0.0,"gold_gain":0.0,"event_name":"Golden Wing","player_choice":"Card Removal","floor":14.0,"gold_loss":0.0,"damage_taken":7.0},{"damage_healed":0.0,"max_hp_gain":0.0,"max_hp_loss":0.0,"gold_gain":0.0,"event_name":"Ghosts","player_choice":"Ignored","floor":19.0,"gold_loss":0.0,"damage_taken":0.0},{"damage_healed":0.0,"max_hp_gain":5.0,"max_hp_loss":0.0,"gold_gain":0.0,"event_name":"Forgotten Altar","player_choice":"Shed Blood","floor":22.0,"gold_loss":0.0,"damage_taken":26.0},{"damage_healed":0.0,"max_hp_gain":0.0,"max_hp_loss":0.0,"gold_gain":0.0,"event_name":"The Woman in Blue","player_choice":"Bought 1 Potion","floor":24.0,"gold_loss":0.0,"damage_taken":0.0},{"cards_removed":["Combust"],"damage_healed":41.0,"max_hp_gain":0.0,"max_hp_loss":0.0,"gold_gain":0.0,"event_name":"Bonfire Elementals","player_choice":"Offered Uncommon","floor":31.0,"gold_loss":0.0,"damage_taken":0.0},{"damage_healed":0.0,"max_hp_gain":0.0,"max_hp_loss":0.0,"gold_gain":0.0,"event_name":"SecretPortal","player_choice":"Ignored","floor":36.0,"gold_loss":0.0,"damage_taken":0.0},{"damage_healed":0,"gold_gain":0,"player_choice":"Cursed","damage_taken":0,"max_hp_gain":0,"max_hp_loss":0,"event_name":"Wheel of Change","floor":46,"gold_loss":0,"cards_obtained":["Decay"]}],"is_beta":true,"boss_relics":[{"not_picked":["SlaversCollar","Runic Dome"],"picked":"Cursed Key"},{"not_picked":["Black Blood","Fusion Hammer"],"picked":"Empty Cage"}],"items_purged_floors":[5,20,27],"is_endless":false,"potions_floor_spawned":[1,3,4,12,16,21,41,45,47],"ascension_level":20}