{"gold_per_floor":[119,132,132,132,145,145,171,171,198,230,248,248,264,26,26,123,123,137,150,161,161,161,161],"floor_reached":23,"playtime":1709,"items_purged":[],"score":246,"play_id":"f508d0a6-1a3c-452d-bf9b-ede9b64e2e7a","local_time":"20191016090720","is_ascension_mode":true,"campfire_choices":[{"data":"Shrug It Off","floor":6,"key":"SMITH"},{"data":"Rage","floor":12,"key":"SMITH"},{"data":"Shrug It Off","floor":15,"key":"SMITH"}],"neow_cost":"NONE","seed_source_timestamp":2625522393574441,"circlet_count":0,"master_deck":["Bash","Pommel Strike","Shrug It Off+1","Second Wind","Shrug It Off+1","Regret","Rage+1","Heavy Blade","Seeing Red","Demon Form","Spot Weakness","Cleave","Feed","Rampage","Hemokinesis","Exhume","Rupture","Armaments","Bludgeon","Headbutt","Offering","Rage","Havoc","Metallicize+1","Anger","RitualDagger"],"relics":["Burning Blood","Matryoshka","Orichalcum","Meat on the Bone","Blood Vial","Ginger","Pandora\u0027s Box","StoneCalendar"],"potions_floor_usage":[7,16,16],"damage_taken":[{"damage":0,"enemies":"2 Louse","floor":1,"turns":3},{"damage":9,"enemies":"Jaw Worm","floor":2,"turns":3},{"damage":2,"enemies":"Cultist","floor":5,"turns":4},{"damage":24,"enemies":"Lagavulin","floor":7,"turns":7},{"damage":18,"enemies":"3 Sentries","floor":10,"turns":11},{"damage":14,"enemies":"Large Slime","floor":11,"turns":8},{"damage":7,"enemies":"Exordium Wildlife","floor":13,"turns":5},{"damage":41,"enemies":"Hexaghost","floor":16,"turns":9},{"damage":38,"enemies":"3 Byrds","floor":18,"turns":6},{"damage":29,"enemies":"Shell Parasite","floor":19,"turns":7},{"damage":34,"enemies":"Shelled Parasite and Fungi","floor":20,"turns":6},{"damage":39,"enemies":"3 Cultists","floor":23,"turns":4}],"seed_played":"-4631752831274521","potions_obtained":[{"floor":1,"key":"Dexterity Potion"},{"floor":2,"key":"Poison Potion"},{"floor":7,"key":"LiquidBronze"},{"floor":11,"key":"Energy Potion"},{"floor":19,"key":"Poison Potion"},{"floor":20,"key":"Explosive Potion"}],"is_trial":false,"path_per_floor":["M","M","?","T","M","R","E","?","T","E","M","R","M","$","R","B",null,"M","M","M","?","?","M"],"character_chosen":"IRONCLAD","items_purchased":["Demon Form","Spot Weakness","Cleave"],"campfire_rested":0,"item_purchase_floors":[14,14,14],"current_hp_per_floor":[88,85,67,67,71,71,53,53,53,55,61,61,62,62,62,41,88,59,50,39,39,33,0],"gold":161,"neow_bonus":"TEN_PERCENT_HP_BONUS","is_prod":false,"is_daily":false,"chose_seed":false,"campfire_upgraded":3,"win_rate":0,"timestamp":1571213240,"path_taken":["M","M","?","?","?","R","E","?","T","E","M","R","M","?","R","BOSS","M","M","M","?","?","M"],"build_version":"2019-09-09v2","purchased_purges":0,"victory":false,"max_hp_per_floor":[88,88,88,88,88,88,88,88,88,88,88,88,88,88,88,88,88,91,91,94,94,94,97],"card_choices":[{"not_picked":["Combust","Sentinel"],"picked":"Pommel Strike","floor":1},{"not_picked":["Flex","Twin Strike"],"picked":"Shrug It Off","floor":2},{"not_picked":["Rupture","Perfected Strike"],"picked":"Second Wind","floor":5},{"not_picked":["Twin Strike","Clothesline"],"picked":"Shrug It Off","floor":7},{"not_picked":["Havoc","Clash"],"picked":"Rage","floor":10},{"not_picked":["Sword Boomerang","Uppercut"],"picked":"Heavy Blade","floor":11},{"not_picked":["Anger","Shrug It Off"],"picked":"Seeing Red","floor":13},{"not_picked":["Double Tap","Offering"],"picked":"Feed","floor":16},{"not_picked":["Wild Strike","Anger"],"picked":"Havoc","floor":18},{"not_picked":["Pummel","Perfected Strike+1"],"picked":"Metallicize+1","floor":19},{"not_picked":["Flex","Reckless Charge"],"picked":"Anger","floor":20}],"player_experience":228240,"relics_obtained":[{"floor":7,"key":"Matryoshka"},{"floor":9,"key":"Meat on the Bone"},{"floor":9,"key":"Blood Vial"},{"floor":10,"key":"Ginger"}],"event_choices":[{"damage_healed":0,"gold_gain":0,"player_choice":"Entered Light","damage_taken":18,"max_hp_gain":0,"max_hp_loss":0,"event_name":"Shining Light","floor":3,"gold_loss":0,"cards_upgraded":["Defend_R","Strike_R"]},{"damage_healed":0,"gold_gain":0,"player_choice":"Box","damage_taken":0,"relics_obtained":["Orichalcum"],"max_hp_gain":0,"max_hp_loss":0,"event_name":"Big Fish","floor":8,"gold_loss":0,"cards_obtained":["Regret"]},{"damage_healed":0,"gold_gain":0,"player_choice":"Opened","damage_taken":0,"relics_obtained":["StoneCalendar"],"max_hp_gain":0,"max_hp_loss":0,"event_name":"The Mausoleum","floor":21,"gold_loss":0},{"damage_healed":0,"gold_gain":0,"player_choice":"Joined the Cult","damage_taken":6,"max_hp_gain":0,"max_hp_loss":0,"event_name":"Nest","floor":22,"gold_loss":0,"cards_obtained":["RitualDagger"]}],"is_beta":true,"boss_relics":[{"not_picked":["Fusion Hammer","Runic Pyramid"],"picked":"Pandora\u0027s Box"}],"items_purged_floors":[],"is_endless":false,"potions_floor_spawned":[1,2,7,11,19,20],"killed_by":"3 Cultists","ascension_level":2}