{"gold_per_floor":[113,76,76,88,108,108,283,283,354,387,399,426,388,77,77,77],"floor_reached":16,"playtime":560,"items_purged":["Doubt"],"score":108,"play_id":"79bb6ee7-ca24-4c1a-9890-5cc98b32aeec","local_time":"20191015145039","is_ascension_mode":true,"campfire_choices":[{"data":"Rage","floor":6,"key":"SMITH"},{"data":"Ghostly Armor","floor":15,"key":"SMITH"}],"neow_cost":"NONE","seed_source_timestamp":2560874940593348,"circlet_count":0,"master_deck":["Strike_R","Strike_R","Strike_R","Strike_R","Defend_R","Defend_R","Defend_R","Bash","Perfected Strike","Rage+1","Shrug It Off","Dropkick","Pommel Strike","Feed","Entrench","Corruption","Armaments","Ghostly Armor+1"],"relics":["Burning Blood","NeowsBlessing","Golden Idol","Matryoshka","MawBank","Oddly Smooth Stone"],"potions_floor_usage":[10,16,16],"damage_taken":[{"damage":0,"enemies":"Small Slimes","floor":1,"turns":1},{"damage":0,"enemies":"Cultist","floor":4,"turns":1},{"damage":0,"enemies":"Jaw Worm","floor":5,"turns":1},{"damage":22,"enemies":"3 Sentries","floor":10,"turns":11},{"damage":14,"enemies":"3 Louse","floor":12,"turns":4},{"damage":46,"enemies":"Slime Boss","floor":16,"turns":13}],"seed_played":"-5396347000064222552","potions_obtained":[{"floor":4,"key":"Dexterity Potion"},{"floor":5,"key":"Explosive Potion"},{"floor":10,"key":"Poison Potion"}],"is_trial":false,"path_per_floor":["M","$","?","M","M","R","?","?","T","E","?","M","?","$","R","B"],"character_chosen":"IRONCLAD","items_purchased":["Rage","Oddly Smooth Stone","Armaments","Ghostly Armor"],"campfire_rested":0,"item_purchase_floors":[2,14,14,14],"current_hp_per_floor":[80,80,80,80,80,80,80,60,60,44,44,39,39,39,39,0],"gold":77,"neow_bonus":"THREE_ENEMY_KILL","is_prod":false,"is_daily":false,"chose_seed":false,"campfire_upgraded":2,"win_rate":0,"timestamp":1571147439,"path_taken":["M","$","?","M","?","R","?","?","T","E","?","?","?","$","R","BOSS"],"build_version":"2019-09-09v2","purchased_purges":1,"victory":false,"max_hp_per_floor":[80,80,80,80,80,80,80,80,80,80,80,83,83,83,83,83],"card_choices":[{"not_picked":["True Grit","Battle Trance"],"picked":"Perfected Strike","floor":1},{"not_picked":["Clash","Thunderclap"],"picked":"Dropkick","floor":4},{"not_picked":["Whirlwind","Pommel Strike","Clash"],"picked":"SKIP","floor":5},{"not_picked":["Whirlwind","Clash"],"picked":"Pommel Strike","floor":5},{"not_picked":["Bludgeon","Shockwave"],"picked":"Feed","floor":10},{"not_picked":["Feel No Pain","Dual Wield"],"picked":"Corruption","floor":12}],"player_experience":212869,"relics_obtained":[{"floor":9,"key":"Matryoshka"},{"floor":10,"key":"MawBank"}],"event_choices":[{"damage_healed":0,"gold_gain":0,"cards_transformed":["Strike_R"],"player_choice":"Transformed","damage_taken":0,"max_hp_gain":0,"max_hp_loss":0,"event_name":"Transmorgrifier","floor":3,"gold_loss":0,"cards_obtained":["Shrug It Off"]},{"damage_healed":0,"gold_gain":175,"player_choice":"AGREE","damage_taken":0,"max_hp_gain":0,"max_hp_loss":0,"event_name":"Liars Game","floor":7,"gold_loss":0,"cards_obtained":["Doubt"]},{"damage_healed":0,"gold_gain":0,"player_choice":"Take Damage","damage_taken":20,"relics_obtained":["Golden Idol"],"max_hp_gain":0,"max_hp_loss":0,"event_name":"Golden Idol","floor":8,"gold_loss":0},{"damage_healed":0,"gold_gain":0,"player_choice":"1 cards matched","damage_taken":0,"max_hp_gain":0,"max_hp_loss":0,"event_name":"Match and Keep!","floor":11,"gold_loss":0,"cards_obtained":["Entrench"]},{"cards_removed":["Defend_R"],"damage_healed":0,"gold_gain":0,"player_choice":"Card Removal","damage_taken":0,"max_hp_gain":0,"max_hp_loss":0,"event_name":"The Cleric","floor":13,"gold_loss":50}],"is_beta":true,"boss_relics":[],"items_purged_floors":[14],"is_endless":false,"potions_floor_spawned":[4,5,10],"killed_by":"Slime Boss","ascension_level":2}