{"gold_per_floor":[116,66,66,66,76,76,76,76,102,102,102,113,38,50],"floor_reached":14,"playtime":548,"items_purged":["Decay"],"score":129,"play_id":"45eb3777-3450-4229-b9a5-6155bbce3905","local_time":"20190728172716","is_ascension_mode":true,"campfire_choices":[{"data":"Neutralize","floor":6,"key":"SMITH"},{"data":"Dodge and Roll","floor":8,"key":"SMITH"},{"data":"Defend_G","floor":11,"key":"SMITH"}],"neow_cost":"NONE","seed_source_timestamp":1208257293226132,"circlet_count":0,"master_deck":["AscendersBane","Strike_G","Strike_G","Strike_G","Strike_G","Defend_G+1","Defend_G","Defend_G","Defend_G","Defend_G","Survivor","Neutralize+1","Dodge and Roll+1"],"special_seed":0,"relics":["Black Star","Oddly Smooth Stone","Anchor"],"potions_floor_usage":[7],"damage_taken":[{"damage":1.0,"enemies":"Jaw Worm","floor":1.0,"turns":6.0},{"damage":4,"enemies":"Small Slimes","floor":5,"turns":9},{"damage":0,"enemies":"The Mushroom Lair","floor":7,"turns":1},{"damage":0,"enemies":"Cultist","floor":12,"turns":6},{"damage":21,"enemies":"Large Slime","floor":14,"turns":17}],"seed_played":"-6921013602370619679","potions_obtained":[{"floor":1.0,"key":"SmokeBomb"}],"is_trial":false,"path_per_floor":["M","?","?","?","M","R","?","R","T","T","R","M","$","M"],"character_chosen":"THE_SILENT","items_purchased":[],"campfire_rested":0,"item_purchase_floors":[],"current_hp_per_floor":[62,62,67,67,63,63,63,63,63,63,63,63,63,42],"gold":50,"neow_bonus":"BOSS_RELIC","is_prod":false,"is_daily":false,"chose_seed":false,"campfire_upgraded":3,"win_rate":0,"timestamp":1564360036,"path_taken":["M","?","?","?","?","R","?","R","T","?","R","M","$","M"],"build_version":"2019-07-17","purchased_purges":1,"victory":false,"max_hp_per_floor":[70,70,75,75,75,75,75,75,75,75,75,75,75,75],"card_choices":[{"not_picked":["Crippling Poison","Acrobatics","Well Laid Plans"],"picked":"SKIP","floor":1.0},{"not_picked":["Deadly Poison","Masterful Stab"],"picked":"Dodge and Roll","floor":5},{"not_picked":["Flying Knee","Endless Agony","Skewer"],"picked":"SKIP","floor":12},{"not_picked":["Poisoned Stab","Outmaneuver","Dagger Throw"],"picked":"SKIP","floor":14}],"player_experience":140303,"relics_obtained":[{"floor":9,"key":"Oddly Smooth Stone"},{"floor":10,"key":"Anchor"}],"event_choices":[{"cards_removed":["Strike_G"],"damage_healed":0.0,"max_hp_gain":0.0,"max_hp_loss":0.0,"gold_gain":0.0,"event_name":"The Cleric","player_choice":"Card Removal","floor":2.0,"gold_loss":50.0,"damage_taken":0.0},{"damage_healed":0.0,"max_hp_gain":5.0,"max_hp_loss":0.0,"gold_gain":0.0,"event_name":"Big Fish","player_choice":"Donut","floor":3.0,"gold_loss":0.0,"damage_taken":0.0},{"damage_healed":0,"gold_gain":0,"player_choice":"Cursed","damage_taken":0,"max_hp_gain":0,"max_hp_loss":0,"event_name":"Wheel of Change","floor":4,"gold_loss":0,"cards_obtained":["Decay"]},{"damage_healed":0,"gold_gain":0,"player_choice":"Fought Mushrooms","damage_taken":0,"max_hp_gain":0,"max_hp_loss":0,"event_name":"Mushrooms","floor":7,"gold_loss":0}],"is_beta":false,"boss_relics":[],"items_purged_floors":[13],"is_endless":false,"potions_floor_spawned":[1],"killed_by":"Large Slime","ascension_level":13}