{"gold_per_floor":[217,230,230,62,74,74,100,22,22,22,32,46,46,81,81,182,182,202,202,215,225,74,74,74],"floor_reached":24,"playtime":1180,"items_purged":["Strike_B"],"score":227,"play_id":"5c9d2cd0-bf00-4754-b329-16383feebbb4","local_time":"20191019174130","is_ascension_mode":true,"campfire_choices":[{"data":"Zap","floor":6,"key":"SMITH"},{"data":"Dualcast","floor":10,"key":"SMITH"},{"data":"Redo","floor":13,"key":"SMITH"},{"floor":15,"key":"REST"},{"data":"Coolheaded","floor":23,"key":"SMITH"}],"neow_cost":"NONE","seed_source_timestamp":2916090406332159,"circlet_count":0,"master_deck":["Strike_B","Strike_B","Strike_B","Defend_B","Defend_B","Defend_B","Defend_B","Zap+1","Dualcast+1","Storm","Beam Cell","Redo+1","Steam","Coolheaded+1","Self Repair+1","Steam","Reprogram","Barrage","Creative AI+1","Go for the Eyes+1","Skim","Chill","Self Repair+1"],"relics":["Cracked Core","Runic Capacitor","Frozen Egg 2","Darkstone Periapt","Regal Pillow","Runic Pyramid","GremlinMask"],"potions_floor_usage":[7,14,16],"damage_taken":[{"damage":1,"enemies":"2 Louse","floor":1,"turns":2},{"damage":1,"enemies":"Cultist","floor":2,"turns":3},{"damage":6,"enemies":"Jaw Worm","floor":5,"turns":4},{"damage":25,"enemies":"3 Sentries","floor":7,"turns":9},{"damage":6,"enemies":"2 Fungi Beasts","floor":11,"turns":3},{"damage":7,"enemies":"Red Slaver","floor":12,"turns":4},{"damage":27,"enemies":"Lagavulin","floor":14,"turns":8},{"damage":38,"enemies":"The Guardian","floor":16,"turns":11},{"damage":28,"enemies":"Shell Parasite","floor":18,"turns":6},{"damage":36,"enemies":"3 Byrds","floor":20,"turns":4},{"damage":9,"enemies":"Centurion and Healer","floor":21,"turns":5},{"damage":41,"enemies":"3 Cultists","floor":24,"turns":4}],"seed_played":"6809621190414414305","potions_obtained":[{"floor":1,"key":"Weak Potion"},{"floor":2,"key":"EssenceOfSteel"},{"floor":3,"key":"Poison Potion"},{"floor":3,"key":"SpeedPotion"},{"floor":11,"key":"SkillPotion"},{"floor":20,"key":"Weak Potion"},{"floor":21,"key":"Fire Potion"}],"is_trial":false,"path_per_floor":["M","M","?","$","M","R","E","$","T","R","M","M","R","E","R","B",null,"M","?","M","M","$","R","M"],"character_chosen":"DEFECT","items_purchased":["Redo","Runic Capacitor","Self Repair+1","Self Repair+1"],"campfire_rested":1,"item_purchase_floors":[4,4,8,22],"current_hp_per_floor":[74,73,73,73,67,67,42,42,42,42,46,49,49,32,69,41,75,57,57,31,32,32,32,0],"gold":74,"neow_bonus":"HUNDRED_GOLD","is_prod":false,"is_daily":false,"chose_seed":false,"campfire_upgraded":4,"win_rate":0,"timestamp":1571503290,"path_taken":["M","M","?","$","M","R","E","$","T","R","M","M","R","E","R","BOSS","M","?","?","M","$","R","M"],"build_version":"2019-09-09v2","purchased_purges":1,"victory":false,"max_hp_per_floor":[75,75,75,75,75,75,75,75,75,75,75,75,75,75,75,75,75,75,75,75,75,75,75,75],"card_choices":[{"not_picked":["Beam Cell","Barrage"],"picked":"Storm","floor":1},{"not_picked":["Doom and Gloom","Stack"],"picked":"Beam Cell","floor":2},{"not_picked":["Lockon","BootSequence"],"picked":"Steam","floor":5},{"not_picked":["Reinforced Body","Auto Shields"],"picked":"Coolheaded","floor":7},{"not_picked":["Fusion","Redo"],"picked":"Steam","floor":11},{"not_picked":["Streamline","Cold Snap"],"picked":"Reprogram","floor":12},{"not_picked":["Double Energy","Aggregate"],"picked":"Barrage","floor":14},{"not_picked":["All For One","Thunder Strike"],"picked":"Creative AI+1","floor":16},{"not_picked":["Self Repair+1","Steam"],"picked":"Go for the Eyes+1","floor":18},{"not_picked":["Consume+1","Rebound"],"picked":"Skim","floor":20},{"not_picked":["Cold Snap+1","Leap"],"picked":"Chill","floor":21}],"player_experience":257732,"relics_obtained":[{"floor":7,"key":"Frozen Egg 2"},{"floor":9,"key":"Darkstone Periapt"},{"floor":14,"key":"Regal Pillow"}],"event_choices":[{"damage_healed":0,"gold_gain":0,"player_choice":"Got Potions","damage_taken":0,"max_hp_gain":0,"max_hp_loss":0,"event_name":"Lab","floor":3,"gold_loss":0},{"damage_healed":0,"gold_gain":0,"player_choice":"Trade","damage_taken":0,"relics_obtained":["GremlinMask"],"max_hp_gain":0,"max_hp_loss":0,"event_name":"FaceTrader","floor":19,"gold_loss":0}],"is_beta":true,"boss_relics":[{"not_picked":["SacredBark","SlaversCollar"],"picked":"Runic Pyramid"}],"items_purged_floors":[22],"is_endless":false,"potions_floor_spawned":[1,2,11,12,20,21],"killed_by":"3 Cultists","ascension_level":2}