{"gold_per_floor":[111,32,32,50,50,50,77,88,88,108,125,75,75,101,101,205,205,222,222,78,89,89,116,129,143,143,158,158,8,8,43,43,139,139,154,209,223,223,238,238,238,272,311,358,370,382,394,426,438,450,462,474,52,86,86],"floor_reached":56,"playtime":2036,"items_purged":["Strike_G","Parasite"],"score":1532,"play_id":"c5d00735-83fe-4ba7-a27a-e9528a01ff9b","local_time":"20191016100119","is_ascension_mode":true,"campfire_choices":[{"data":"Noxious Fumes","floor":6,"key":"SMITH"},{"data":"Neutralize","floor":15,"key":"SMITH"},{"data":"Backflip","floor":30,"key":"SMITH"},{"data":"Poisoned Stab","floor":32,"key":"SMITH"},{"data":"Survivor","floor":40,"key":"SMITH"},{"floor":46,"key":"RECALL"},{"floor":49,"key":"REST"},{"data":"Wraith Form v2","floor":52,"key":"SMITH"}],"neow_cost":"NONE","seed_source_timestamp":2628423761430419,"circlet_count":0,"master_deck":["Strike_G","Strike_G","Defend_G","Defend_G","Defend_G","Survivor+1","Neutralize+1","Backflip+1","Noxious Fumes+1","Poisoned Stab+1","Catalyst+1","Deflect+1","Catalyst+1","Cloak And Dagger+1","Wraith Form v2+1","Adrenaline+1","Crippling Poison+1","Crippling Poison+1","Escape Plan+1","Deadly Poison+1","Backflip+1","Escape Plan+1","Footwork+1","Deflect+1","Escape Plan+1","Venomology+1","CurseOfTheBell","Footwork+1","Well Laid Plans+1","Prepared+1","Madness+1","Madness+1","Backflip+1","Night Terror+1","Expertise+1","Escape Plan+1","Prepared+1"],"relics":["Ring of the Snake","NeowsBlessing","Toxic Egg 2","Ninja Scroll","Orichalcum","SlaversCollar","Frozen Egg 2","Regal Pillow","TwistedFunnel","Toy Ornithopter","Calling Bell","Ancient Tea Set","Molten Egg 2","Ginger","Unceasing Top","Mercury Hourglass","MawBank","Juzu Bracelet","Calipers","Oddly Smooth Stone","HandDrill","Bottled Flame"],"potions_floor_usage":[14,16,36,39,44,48,50,54,55,55],"damage_taken":[{"damage":0,"enemies":"Cultist","floor":1,"turns":1},{"damage":0,"enemies":"Small Slimes","floor":4,"turns":1},{"damage":0,"enemies":"Lagavulin","floor":7,"turns":1},{"damage":3,"enemies":"2 Louse","floor":8,"turns":2},{"damage":3,"enemies":"Looter","floor":10,"turns":3},{"damage":0,"enemies":"Lots of Slimes","floor":11,"turns":4},{"damage":15,"enemies":"Gremlin Nob","floor":14,"turns":4},{"damage":10,"enemies":"The Guardian","floor":16,"turns":7},{"damage":20,"enemies":"Spheric Guardian","floor":18,"turns":6},{"damage":17,"enemies":"2 Thieves","floor":21,"turns":4},{"damage":4,"enemies":"Book of Stabbing","floor":23,"turns":4},{"damage":7,"enemies":"Snecko","floor":24,"turns":3},{"damage":8,"enemies":"Centurion and Healer","floor":25,"turns":3},{"damage":1,"enemies":"Chosen and Byrds","floor":27,"turns":3},{"damage":0,"enemies":"Gremlin Leader","floor":31,"turns":4},{"damage":12,"enemies":"Collector","floor":33,"turns":4},{"damage":5,"enemies":"Orb Walker","floor":35,"turns":2},{"damage":12,"enemies":"2 Orb Walkers","floor":36,"turns":4},{"damage":12,"enemies":"3 Darklings","floor":37,"turns":4},{"damage":0,"enemies":"Transient","floor":39,"turns":5},{"damage":0,"enemies":"Reptomancer","floor":42,"turns":2},{"damage":9,"enemies":"Nemesis","floor":44,"turns":3},{"damage":0,"enemies":"Writhing Mass","floor":48,"turns":4},{"damage":23,"enemies":"Time Eater","floor":50,"turns":7},{"damage":33,"enemies":"Shield and Spear","floor":54,"turns":3},{"damage":50,"enemies":"The Heart","floor":55,"turns":5}],"seed_played":"5727037028571046936","potions_obtained":[{"floor":4,"key":"EssenceOfSteel"},{"floor":7,"key":"EssenceOfSteel"},{"floor":10,"key":"GamblersBrew"},{"floor":18,"key":"Ancient Potion"},{"floor":23,"key":"FairyPotion"},{"floor":39,"key":"DuplicationPotion"}],"is_trial":false,"path_per_floor":["M","$","T","M","$","R","E","M","T","M","M","?","?","E","R","B",null,"M","?","$","M","?","E","M","M","T","M","?","$","R","E","R","B",null,"M","?","M","T","M","R","?","E","T","E","$","R","?","M","R","B",null,"R","$","E","B",null],"character_chosen":"THE_SILENT","items_purchased":["Noxious Fumes","Escape Plan+1","TwistedFunnel","Escape Plan+1","Oddly Smooth Stone","HandDrill"],"campfire_rested":1,"item_purchase_floors":[2,20,29,53,53,53],"current_hp_per_floor":[70,70,70,70,70,70,70,67,67,64,64,64,57,42,42,32,70,50,50,50,33,70,66,59,51,51,50,50,50,50,50,50,38,70,65,58,46,46,51,51,42,42,42,38,38,38,38,43,70,52,70,70,67,34,25],"gold":86,"neow_bonus":"THREE_ENEMY_KILL","is_prod":false,"is_daily":false,"chose_seed":false,"campfire_upgraded":6,"win_rate":0,"timestamp":1571216479,"path_taken":["M","$","?","?","?","R","E","M","T","M","M","?","?","E","R","BOSS","M","?","$","M","?","E","M","M","T","?","?","?","R","E","R","BOSS","M","?","M","?","M","R","?","E","T","E","$","R","?","M","R","BOSS","R","$","E","BOSS"],"build_version":"2019-09-09v2","purchased_purges":2,"victory":true,"max_hp_per_floor":[70,70,70,70,70,70,70,70,70,70,70,70,70,70,70,70,70,70,70,70,70,70,70,70,70,70,70,70,70,70,70,70,70,70,70,70,70,70,70,70,70,70,70,70,70,70,70,70,70,70,70,70,67,67,67],"card_choices":[{"not_picked":["Quick Slash","PiercingWail"],"picked":"Backflip","floor":1},{"not_picked":["Blade Dance+1","Flying Knee"],"picked":"Poisoned Stab","floor":4},{"not_picked":["Flechettes","Predator"],"picked":"Catalyst+1","floor":7},{"not_picked":["Die Die Die","Choke"],"picked":"Deflect+1","floor":8},{"not_picked":["Slice","Predator"],"picked":"Catalyst+1","floor":10},{"not_picked":["Skewer","Infinite Blades"],"picked":"Cloak And Dagger+1","floor":11},{"not_picked":["Caltrops","Flying Knee"],"picked":"Wraith Form v2","floor":14},{"not_picked":["Bullet Time+1","Venomology+1"],"picked":"Adrenaline+1","floor":16},{"not_picked":["Outmaneuver+1","Cloak And Dagger+1"],"picked":"Crippling Poison+1","floor":18},{"not_picked":["Slice","Sucker Punch"],"picked":"Deadly Poison+1","floor":21},{"not_picked":["Dagger Spray","Dodge and Roll+1"],"picked":"Backflip+1","floor":23},{"not_picked":["Quick Slash","Acrobatics+1"],"picked":"Escape Plan+1","floor":24},{"not_picked":["PiercingWail+1","Deadly Poison+1"],"picked":"Footwork+1","floor":25},{"not_picked":["Eviscerate+1","Dagger Spray"],"picked":"Deflect+1","floor":27},{"not_picked":["Dodge and Roll+1","Deadly Poison+1"],"picked":"Escape Plan+1","floor":31},{"not_picked":["Wraith Form v2+1","Glass Knife"],"picked":"Venomology+1","floor":33},{"not_picked":["Bouncing Flask+1","PiercingWail+1"],"picked":"Footwork+1","floor":35},{"not_picked":["Deadly Poison+1","Backflip+1"],"picked":"Well Laid Plans+1","floor":36},{"not_picked":["Cloak And Dagger+1","Well Laid Plans+1"],"picked":"Prepared+1","floor":37},{"not_picked":["Masterful Stab+1","Bane+1","Glass Knife+1"],"picked":"SKIP","floor":39},{"not_picked":["Deflect+1","Outmaneuver+1"],"picked":"Backflip+1","floor":42},{"not_picked":["Cloak And Dagger+1","Endless Agony+1"],"picked":"Night Terror+1","floor":44},{"not_picked":["Deadly Poison+1","Sucker Punch+1"],"picked":"Expertise+1","floor":48},{"not_picked":["Backstab+1","Infinite Blades+1"],"picked":"Prepared+1","floor":54}],"player_experience":230283,"relics_obtained":[{"floor":3,"key":"Toxic Egg 2"},{"floor":7,"key":"Ninja Scroll"},{"floor":14,"key":"Orichalcum"},{"floor":23,"key":"Frozen Egg 2"},{"floor":26,"key":"Regal Pillow"},{"floor":31,"key":"Toy Ornithopter"},{"floor":34,"key":"Ancient Tea Set"},{"floor":34,"key":"Molten Egg 2"},{"floor":34,"key":"Ginger"},{"floor":36,"key":"Unceasing Top"},{"floor":38,"key":"Mercury Hourglass"},{"floor":42,"key":"MawBank"},{"floor":43,"key":"Juzu Bracelet"},{"floor":44,"key":"Calipers"},{"floor":54,"key":"Bottled Flame"}],"event_choices":[{"cards_removed":["Strike_G"],"damage_healed":0,"gold_gain":0,"player_choice":"Card Removal","damage_taken":0,"max_hp_gain":0,"max_hp_loss":0,"event_name":"The Cleric","floor":12,"gold_loss":50},{"cards_removed":["Defend_G"],"damage_healed":0,"gold_gain":0,"player_choice":"Card Removal","damage_taken":7,"max_hp_gain":0,"max_hp_loss":0,"event_name":"Golden Wing","floor":13,"gold_loss":0},{"damage_healed":0,"gold_gain":0,"cards_transformed":["Strike_G","Defend_G"],"player_choice":"Became Test Subject","damage_taken":0,"max_hp_gain":0,"max_hp_loss":0,"event_name":"Drug Dealer","floor":19,"gold_loss":0,"cards_obtained":["Crippling Poison","Concentrate"]},{"cards_removed":["Concentrate"],"damage_healed":37,"gold_gain":0,"player_choice":"Offered Uncommon","damage_taken":0,"max_hp_gain":0,"max_hp_loss":0,"event_name":"Bonfire Elementals","floor":22,"gold_loss":0},{"damage_healed":0,"gold_gain":0,"player_choice":"Ignored","damage_taken":0,"max_hp_gain":0,"max_hp_loss":0,"event_name":"Vampires","floor":28,"gold_loss":0},{"damage_healed":0,"gold_gain":0,"player_choice":"Fight","damage_taken":0,"max_hp_gain":0,"max_hp_loss":0,"event_name":"Mysterious Sphere","floor":36,"gold_loss":0},{"damage_healed":0,"gold_gain":0,"player_choice":"Embrace Madness","damage_taken":9,"max_hp_gain":0,"max_hp_loss":0,"event_name":"Winding Halls","floor":41,"gold_loss":0,"cards_obtained":["Madness","Madness"]},{"damage_healed":0,"gold_gain":0,"player_choice":"Ignored","damage_taken":0,"max_hp_gain":0,"max_hp_loss":0,"event_name":"SecretPortal","floor":47,"gold_loss":0}],"is_beta":true,"boss_relics":[{"not_picked":["SacredBark","Snecko Eye"],"picked":"SlaversCollar"},{"not_picked":["Pandora\u0027s Box","Ring of the Serpent"],"picked":"Calling Bell"}],"items_purged_floors":[20,53],"is_endless":false,"potions_floor_spawned":[4,7,10,18,23,24,27,35,39],"ascension_level":3}