{"gold_per_floor":[217,232,307,61,71,96,61,61,61,61,9,9,23,23],"floor_reached":14,"playtime":348,"items_purged":[],"score":176,"play_id":"62ab360f-befd-42c6-90df-dabe2e7e7063","local_time":"20191003173827","is_ascension_mode":true,"campfire_choices":[{"data":"Armaments","floor":8,"key":"SMITH"},{"data":"Corruption","floor":12,"key":"SMITH"}],"neow_cost":"NONE","seed_source_timestamp":185611097463100,"circlet_count":0,"master_deck":["AscendersBane","Strike_R","Strike_R","Strike_R","Strike_R","Strike_R","Defend_R","Defend_R","Defend_R","Defend_R","Bash","Armaments+1","Inflame+1","Corruption+1","Impervious","Clothesline+1"],"special_seed":0,"relics":["Burning Blood","Strange Spoon","InkBottle","Molten Egg 2"],"potions_floor_usage":[13],"damage_taken":[{"damage":9.0,"enemies":"2 Louse","floor":1.0,"turns":3.0},{"damage":4.0,"enemies":"Small Slimes","floor":2.0,"turns":4.0},{"damage":9,"enemies":"Jaw Worm","floor":5,"turns":5},{"damage":32,"enemies":"Lagavulin","floor":6,"turns":8},{"damage":14,"enemies":"Exordium Wildlife","floor":13,"turns":6},{"damage":40,"enemies":"Gremlin Nob","floor":14,"turns":4}],"seed_played":"5097441486318112718","potions_obtained":[{"floor":1.0,"key":"ElixirPotion"},{"floor":5,"key":"Explosive Potion"}],"is_trial":false,"path_per_floor":["M","M","?","$","M","E","?","R","T","?","$","R","M","E"],"character_chosen":"IRONCLAD","items_purchased":["Strange Spoon","Corruption","Clothesline+1"],"campfire_rested":0,"item_purchase_floors":[4,4,11],"current_hp_per_floor":[65,67,56,56,53,27,45,45,45,45,45,45,37,0],"gold":23,"neow_bonus":"HUNDRED_GOLD","is_prod":false,"is_daily":false,"chose_seed":false,"campfire_upgraded":2,"win_rate":0,"timestamp":1570149507,"path_taken":["M","M","?","$","M","E","?","R","T","?","?","R","M","E"],"build_version":"2019-10-03","purchased_purges":0,"victory":false,"max_hp_per_floor":[75,75,75,75,75,75,75,75,75,75,75,75,75,75],"card_choices":[{"not_picked":["Burning Pact","Twin Strike"],"picked":"Armaments","floor":1.0},{"not_picked":["Pummel","Whirlwind"],"picked":"Inflame","floor":2.0},{"not_picked":["Flex","Body Slam","Perfected Strike"],"picked":"SKIP","floor":5},{"not_picked":["Thunderclap","Havoc"],"picked":"Impervious","floor":6},{"not_picked":["Reckless Charge+1","Anger+1","True Grit"],"picked":"SKIP","floor":13}],"player_experience":1221304,"relics_obtained":[{"floor":6,"key":"InkBottle"},{"floor":9,"key":"Molten Egg 2"}],"event_choices":[{"damage_healed":0.0,"max_hp_gain":0.0,"max_hp_loss":0.0,"gold_gain":75.0,"event_name":"World of Goop","player_choice":"Gather Gold","floor":3.0,"gold_loss":0.0,"damage_taken":11.0},{"damage_healed":18,"gold_gain":0,"player_choice":"Healed","damage_taken":0,"max_hp_gain":0,"max_hp_loss":0,"event_name":"The Cleric","floor":7,"gold_loss":35},{"damage_healed":0,"gold_gain":0,"player_choice":"Grow","damage_taken":0,"max_hp_gain":0,"max_hp_loss":0,"event_name":"Living Wall","floor":10,"gold_loss":0,"cards_upgraded":["Inflame"]}],"is_beta":true,"boss_relics":[],"items_purged_floors":[],"is_endless":false,"potions_floor_spawned":[1,5],"killed_by":"Gremlin Nob","ascension_level":20}