{"gold_per_floor":[113,113,129,129,148,148,161,191,191,191,222,38,188,24,24,98,98,114,126,126,139,139,139,168,187,187,187,94,120,120,134,134,205,205,217,232,232,232,454,454,131,131,131,141,241,28,53,64,64,64,64],"floor_reached":52,"playtime":1658,"items_purged":["Doubt","Strike_R","Strike_R","Doubt"],"score":2287,"play_id":"b7fe4ecb-6681-4e54-a703-fedfe0d91457","local_time":"20191018144432","is_ascension_mode":true,"campfire_choices":[{"data":"Combust","floor":6.0,"key":"SMITH"},{"data":"Bash","floor":10.0,"key":"SMITH"},{"floor":15.0,"key":"REST"},{"data":"Apotheosis","floor":23.0,"key":"SMITH"},{"data":"Juggernaut","floor":27.0,"key":"SMITH"},{"floor":30.0,"key":"REST"},{"floor":32.0,"key":"REST"},{"data":"Offering","floor":40.0,"key":"SMITH"},{"floor":49,"key":"REST"}],"neow_cost":"NONE","seed_source_timestamp":323461618926300,"circlet_count":0,"master_deck":["AscendersBane","Defend_R","Defend_R","Defend_R","Defend_R","Bash+1","Power Through","Battle Trance","Offering+1","Apotheosis+1","Feel No Pain","Juggernaut+1","Metallicize","Second Wind","Exhume","Brutality","Seeing Red","Evolve","Body Slam+1","Battle Trance","Power Through","Shrug It Off","Master of Strategy","Body Slam+1","Feel No Pain+1","Offering","Entrench+1"],"special_seed":0,"relics":["Burning Blood","MealTicket","Letter Opener","The Courier","WingedGreaves","Membership Card","Cursed Key","Bronze Scales","Red Mask","Runic Dome","ClockworkSouvenir","Mummified Hand","Frozen Egg 2","Ginger","Medical Kit","Whetstone"],"potions_floor_usage":[],"damage_taken":[{"damage":14.0,"enemies":"Jaw Worm","floor":1.0,"turns":4.0},{"damage":4.0,"enemies":"Small Slimes","floor":3.0,"turns":4.0},{"damage":4.0,"enemies":"2 Louse","floor":5.0,"turns":2.0},{"damage":8.0,"enemies":"Looter","floor":7.0,"turns":5.0},{"damage":42.0,"enemies":"Gremlin Nob","floor":8.0,"turns":4.0},{"damage":21.0,"enemies":"Lagavulin","floor":11.0,"turns":6.0},{"damage":38.0,"enemies":"The Guardian","floor":16.0,"turns":15.0},{"damage":7.0,"enemies":"Spheric Guardian","floor":18.0,"turns":4.0},{"damage":0.0,"enemies":"Chosen","floor":19.0,"turns":4.0},{"damage":6.0,"enemies":"Centurion and Healer","floor":21.0,"turns":4.0},{"damage":32.0,"enemies":"Gremlin Leader","floor":24.0,"turns":5.0},{"damage":32.0,"enemies":"Snake Plant","floor":25.0,"turns":3.0},{"damage":26.0,"enemies":"Masked Bandits","floor":29.0,"turns":3.0},{"damage":8.0,"enemies":"Sentry and Sphere","floor":31.0,"turns":3.0},{"damage":12.0,"enemies":"Automaton","floor":33.0,"turns":5.0},{"damage":8.0,"enemies":"3 Shapes","floor":35.0,"turns":2.0},{"damage":12.0,"enemies":"Orb Walker","floor":36.0,"turns":2.0},{"damage":6,"enemies":"Maw","floor":44,"turns":2},{"damage":0,"enemies":"Mind Bloom Boss Battle","floor":45,"turns":2},{"damage":19,"enemies":"Reptomancer","floor":47,"turns":2},{"damage":16,"enemies":"Transient","floor":48,"turns":5},{"damage":20,"enemies":"Donu and Deca","floor":50,"turns":4},{"damage":15,"enemies":"Awakened One","floor":51,"turns":5}],"seed_played":"8379012147053179670","potions_obtained":[{"floor":3.0,"key":"FairyPotion"},{"floor":5.0,"key":"EntropicBrew"}],"is_trial":false,"path_per_floor":["M","?","M","?","M","R","M","E","T","R","E","$","?","$","R","B",null,"M","M","?","M","?","R","E","M","T","R","$","?","R","M","R","B",null,"M","M","?","T","?","R","$","?","T","M","?","$","E","M","R","B","B",null],"character_chosen":"IRONCLAD","items_purchased":["Apotheosis","Feel No Pain","Membership Card","Evolve","Body Slam","Master of Strategy","Body Slam","ClockworkSouvenir","Mummified Hand","Offering","Medical Kit"],"campfire_rested":4,"item_purchase_floors":[12,12,14,28,28,41,41,41,41,46,46],"current_hp_per_floor":[60,53,55,60,62,62,60,24,24,24,9,24,24,39,63,31,68,67,73,73,73,73,73,47,21,21,21,36,16,40,38,62,56,74,72,66,66,66,66,66,80,76,76,76,76,76,63,53,75,61,52],"gold":64,"neow_bonus":"RANDOM_COMMON_RELIC","is_prod":false,"is_daily":false,"chose_seed":false,"campfire_upgraded":5,"win_rate":0,"timestamp":1571435072,"path_taken":["M","?","M","?","M","R","M","E","T","R","E","$","?","$","R","BOSS","M","M","?","M","?","R","E","M","T","R","$","?","R","?","R","BOSS","M","M","?","?","?","R","$","?","T","M","?","$","E","M","R","BOSS","BOSS"],"build_version":"2019-10-17","purchased_purges":4,"victory":true,"max_hp_per_floor":[75,75,75,80,80,80,80,80,80,80,80,80,80,80,80,80,80,80,80,80,80,80,80,80,80,80,80,80,80,80,80,80,80,80,80,80,80,80,80,80,80,76,76,76,76,76,76,76,76,76,76],"card_choices":[{"not_picked":["Cleave","Iron Wave","Infernal Blade"],"picked":"SKIP","floor":1.0},{"not_picked":["Whirlwind","Twin Strike"],"picked":"Combust","floor":3.0},{"not_picked":["Heavy Blade","Havoc"],"picked":"Power Through","floor":5.0},{"not_picked":["Anger","Second Wind"],"picked":"Battle Trance","floor":7.0},{"not_picked":["Anger","Wild Strike"],"picked":"Offering","floor":8.0},{"not_picked":["Whirlwind","True Grit","Anger"],"picked":"SKIP","floor":11.0},{"not_picked":["Exhume","Impervious"],"picked":"Juggernaut","floor":16.0},{"not_picked":["Dual Wield+1","Anger"],"picked":"Metallicize","floor":18.0},{"not_picked":["Searing Blow+1","Metallicize"],"picked":"Second Wind","floor":19.0},{"not_picked":["Anger","Headbutt","Rampage"],"picked":"SKIP","floor":21.0},{"not_picked":["Flex","Twin Strike","Wild Strike"],"picked":"SKIP","floor":24.0},{"not_picked":["Infernal Blade","Clothesline"],"picked":"Seeing Red","floor":25.0},{"not_picked":["Seeing Red+1","Anger"],"picked":"Battle Trance","floor":29.0},{"not_picked":["Battle Trance","Thunderclap"],"picked":"Power Through","floor":31.0},{"not_picked":["Iron Wave","Anger","Cleave+1"],"picked":"SKIP","floor":35.0},{"not_picked":["Armaments","Clash"],"picked":"Shrug It Off","floor":36.0},{"not_picked":["Sword Boomerang","Shockwave"],"picked":"Feel No Pain+1","floor":44},{"not_picked":["Bludgeon","Sentinel"],"picked":"Entrench+1","floor":47},{"not_picked":["Perfected Strike","Entrench","Blood for Blood"],"picked":"SKIP","floor":48}],"player_experience":1638495,"relics_obtained":[{"floor":8.0,"key":"Letter Opener"},{"floor":9.0,"key":"The Courier"},{"floor":11.0,"key":"WingedGreaves"},{"floor":24.0,"key":"Bronze Scales"},{"floor":29.0,"key":"Red Mask"},{"floor":43,"key":"Frozen Egg 2"},{"floor":45,"key":"Ginger"},{"floor":47,"key":"Whetstone"}],"event_choices":[{"cards_removed":["Strike_R"],"damage_healed":0.0,"max_hp_gain":0.0,"max_hp_loss":0.0,"gold_gain":0.0,"event_name":"Golden Wing","player_choice":"Card Removal","floor":2.0,"gold_loss":0.0,"damage_taken":7.0},{"damage_healed":0.0,"max_hp_gain":5.0,"max_hp_loss":0.0,"gold_gain":0.0,"event_name":"Big Fish","player_choice":"Donut","floor":4.0,"gold_loss":0.0,"damage_taken":0.0},{"damage_healed":0.0,"max_hp_gain":0.0,"max_hp_loss":0.0,"gold_gain":150.0,"event_name":"Liars Game","player_choice":"AGREE","floor":13.0,"gold_loss":0.0,"damage_taken":0.0,"cards_obtained":["Doubt"]},{"damage_healed":0.0,"max_hp_gain":0.0,"max_hp_loss":0.0,"gold_gain":0.0,"cards_transformed":["Strike_R","Strike_R"],"event_name":"Drug Dealer","player_choice":"Became Test Subject","floor":20.0,"gold_loss":0.0,"damage_taken":0.0,"cards_obtained":["Exhume","Brutality"]},{"damage_healed":0.0,"max_hp_gain":0.0,"max_hp_loss":0.0,"gold_gain":0.0,"event_name":"Masked Bandits","player_choice":"Fought Bandits","floor":29.0,"gold_loss":0.0,"damage_taken":0.0},{"cards_removed":["Combust"],"damage_healed":0.0,"max_hp_gain":0.0,"max_hp_loss":0.0,"gold_gain":0.0,"event_name":"Falling","player_choice":"Removed Power","floor":37.0,"gold_loss":0.0,"damage_taken":0.0},{"damage_healed":0.0,"max_hp_gain":0.0,"max_hp_loss":0.0,"gold_gain":222.0,"event_name":"Tomb of Lord Red Mask","player_choice":"Wore Mask","floor":39.0,"gold_loss":0.0,"damage_taken":0.0},{"damage_healed":0,"gold_gain":0,"player_choice":"Max HP","damage_taken":0,"max_hp_gain":0,"max_hp_loss":4,"event_name":"Winding Halls","floor":42,"gold_loss":0},{"damage_healed":0,"gold_gain":0,"player_choice":"Fight","damage_taken":0,"max_hp_gain":0,"max_hp_loss":0,"event_name":"MindBloom","floor":45,"gold_loss":0}],"is_beta":true,"boss_relics":[{"not_picked":["Empty Cage","Tiny House"],"picked":"Cursed Key"},{"not_picked":["Runic Pyramid","Black Blood"],"picked":"Runic Dome"}],"items_purged_floors":[14,28,41,46],"is_endless":false,"potions_floor_spawned":[3,5,8,16,24,29,31,36],"ascension_level":20}