{"gold_per_floor":[362,211,211,211,211,211,245,257,269,316,342,377,432,465,477,489],"floor_reached":16,"playtime":1208,"items_purged":["Decay"],"score":130,"play_id":"72eae389-7065-4eb8-88f0-8546a93a0932","local_time":"20191018114504","is_ascension_mode":true,"campfire_choices":[{"data":"Bash","floor":6,"key":"SMITH"},{"floor":8,"key":"REST"},{"floor":15,"key":"REST"}],"neow_cost":"CURSE","seed_source_timestamp":2808287706147189,"circlet_count":0,"master_deck":["Strike_R","Strike_R","Strike_R","Strike_R","Strike_R","Defend_R","Defend_R+1","Defend_R","Defend_R","Bash+1","Seeing Red","Shrug It Off+1","Headbutt","Dual Wield","Clothesline","Pummel","Exhume","Rage","Warcry"],"relics":["Burning Blood","War Paint","Golden Idol","MawBank","Paper Frog","Ornamental Fan","Bag of Preparation"],"potions_floor_usage":[10,13,16,16],"damage_taken":[{"damage":6,"enemies":"2 Louse","floor":1,"turns":3},{"damage":49,"enemies":"3 Sentries","floor":7,"turns":12},{"damage":20,"enemies":"Lagavulin","floor":10,"turns":10},{"damage":2,"enemies":"Cultist","floor":11,"turns":4},{"damage":3,"enemies":"Jaw Worm","floor":12,"turns":3},{"damage":18,"enemies":"Gremlin Nob","floor":13,"turns":4},{"damage":15,"enemies":"Exordium Thugs","floor":14,"turns":4},{"damage":37,"enemies":"The Guardian","floor":16,"turns":13}],"seed_played":"3915400002225353446","potions_obtained":[{"floor":7,"key":"Dexterity Potion"},{"floor":12,"key":"Energy Potion"},{"floor":13,"key":"Swift Potion"},{"floor":14,"key":"SpeedPotion"}],"is_trial":false,"path_per_floor":["M","$","?","?","?","R","E","R","T","E","M","M","E","M","R","B"],"character_chosen":"IRONCLAD","items_purchased":["Shrug It Off","Headbutt"],"campfire_rested":2,"item_purchase_floors":[2,2],"current_hp_per_floor":[80,80,80,80,60,60,17,41,41,27,31,34,22,13,37,0],"gold":489,"neow_bonus":"TWO_FIFTY_GOLD","is_prod":false,"is_daily":false,"chose_seed":false,"campfire_upgraded":1,"win_rate":0,"timestamp":1571395504,"path_taken":["M","$","?","?","?","R","E","R","T","E","M","M","E","M","R","BOSS"],"build_version":"2019-09-09v2","purchased_purges":1,"victory":false,"max_hp_per_floor":[80,80,80,80,80,80,80,80,80,80,80,80,80,80,80,80],"card_choices":[{"not_picked":["Armaments","Body Slam"],"picked":"Seeing Red","floor":1},{"not_picked":["Wild Strike","Iron Wave"],"picked":"Dual Wield","floor":7},{"not_picked":["Anger","Blood for Blood"],"picked":"Clothesline","floor":10},{"not_picked":["Clothesline","Havoc"],"picked":"Pummel","floor":11},{"not_picked":["Iron Wave","Bloodletting"],"picked":"Exhume","floor":12},{"not_picked":["Clothesline","Perfected Strike"],"picked":"Rage","floor":13},{"not_picked":["Pommel Strike","Twin Strike"],"picked":"Warcry","floor":14}],"player_experience":243738,"relics_obtained":[{"floor":7,"key":"MawBank"},{"floor":9,"key":"Paper Frog"},{"floor":10,"key":"Ornamental Fan"},{"floor":13,"key":"Bag of Preparation"}],"event_choices":[{"damage_healed":0,"gold_gain":0,"player_choice":"Box","damage_taken":0,"relics_obtained":["War Paint"],"max_hp_gain":0,"max_hp_loss":0,"event_name":"Big Fish","floor":3,"gold_loss":0,"cards_obtained":["Regret"]},{"cards_removed":["Regret"],"damage_healed":0,"gold_gain":0,"player_choice":"Forget","damage_taken":0,"max_hp_gain":0,"max_hp_loss":0,"event_name":"Living Wall","floor":4,"gold_loss":0},{"damage_healed":0,"gold_gain":0,"player_choice":"Take Damage","damage_taken":20,"relics_obtained":["Golden Idol"],"max_hp_gain":0,"max_hp_loss":0,"event_name":"Golden Idol","floor":5,"gold_loss":0}],"is_beta":true,"boss_relics":[],"items_purged_floors":[2],"is_endless":false,"potions_floor_spawned":[7,12,13,14],"killed_by":"The Guardian","ascension_level":2}