{"gold_per_floor":[112,44,44,44,61,61,79,13,13,33,48,48],"floor_reached":12,"playtime":703,"items_purged":[],"score":77,"play_id":"3e9bca0c-d50c-4501-ade9-1baea98f5211","local_time":"20191012084951","is_ascension_mode":true,"campfire_choices":[{"data":"Footwork","floor":6,"key":"SMITH"}],"neow_cost":"NONE","seed_source_timestamp":2279884007093145,"circlet_count":0,"master_deck":["Strike_G","Strike_G","Strike_G","Strike_G","Strike_G","Defend_G","Defend_G","Defend_G","Defend_G","Defend_G","Survivor","Neutralize","Catalyst","Footwork+1","Regret","Bane","Escape Plan","Infinite Blades","Prepared"],"relics":["Ring of the Snake","TungstenRod","Darkstone Periapt"],"potions_floor_usage":[],"damage_taken":[{"damage":0,"enemies":"Cultist","floor":1,"turns":4},{"damage":4,"enemies":"Small Slimes","floor":5,"turns":6},{"damage":0,"enemies":"2 Louse","floor":7,"turns":3},{"damage":13,"enemies":"Lots of Slimes","floor":10,"turns":9},{"damage":14,"enemies":"Large Slime","floor":11,"turns":8},{"damage":0,"enemies":"Exordium Thugs","floor":12,"turns":1}],"seed_played":"-971339212327783243","potions_obtained":[{"floor":10,"key":"SneckoOil"},{"floor":11,"key":"Fire Potion"}],"is_trial":false,"path_per_floor":["M","$","?","?","M","R","M","?","T","M","M","M"],"character_chosen":"THE_SILENT","items_purchased":["Footwork"],"campfire_rested":0,"item_purchase_floors":[2],"current_hp_per_floor":[77,77,77,77,73,73,73,73,73,60,46,46],"gold":48,"neow_bonus":"TEN_PERCENT_HP_BONUS","is_prod":false,"is_daily":false,"chose_seed":false,"campfire_upgraded":1,"win_rate":0,"timestamp":1570866591,"path_taken":["M","?","?","?","M","R","M","?","T","M","M","M"],"build_version":"2019-09-09v2","purchased_purges":0,"victory":false,"max_hp_per_floor":[77,77,77,77,77,77,77,77,77,77,77,77],"card_choices":[{"not_picked":["Bane","Quick Slash"],"picked":"Catalyst","floor":1},{"not_picked":["Outmaneuver","Dagger Spray"],"picked":"Bane","floor":5},{"not_picked":["All Out Attack","Endless Agony"],"picked":"Escape Plan","floor":7},{"not_picked":["Outmaneuver","Dagger Throw"],"picked":"Infinite Blades","floor":10},{"not_picked":["Calculated Gamble","Deadly Poison"],"picked":"Prepared","floor":11}],"player_experience":130117,"relics_obtained":[],"event_choices":[{"damage_healed":0,"gold_gain":0,"player_choice":"Box","damage_taken":0,"relics_obtained":["TungstenRod"],"max_hp_gain":0,"max_hp_loss":0,"event_name":"Big Fish","floor":3,"gold_loss":0,"cards_obtained":["Regret"]},{"damage_healed":0,"gold_gain":0,"player_choice":"Leave","damage_taken":0,"max_hp_gain":0,"max_hp_loss":0,"event_name":"The Cleric","floor":4,"gold_loss":0},{"damage_healed":0,"gold_gain":0,"player_choice":"Paid Gold","damage_taken":0,"relics_obtained":["Darkstone Periapt"],"max_hp_gain":0,"max_hp_loss":0,"event_name":"WeMeetAgain","floor":8,"gold_loss":66}],"is_beta":true,"boss_relics":[],"items_purged_floors":[],"is_endless":false,"potions_floor_spawned":[10,11],"killed_by":"Exordium Thugs","ascension_level":2}