{"gold_per_floor":[115,127,202,202,222,222,249,174,255,288,300,312,350,101,101,101],"floor_reached":16,"playtime":345,"items_purged":["Strike_R","Strike_R"],"score":232,"play_id":"ddedffc2-44ed-405e-b41d-cd2cd57281b4","local_time":"20191003175302","is_ascension_mode":true,"campfire_choices":[{"data":"Wild Strike","floor":6,"key":"SMITH"},{"floor":11,"key":"REST"},{"data":"Anger","floor":12,"key":"SMITH"},{"data":"Demon Form","floor":15,"key":"SMITH"}],"neow_cost":"NONE","seed_source_timestamp":186516765639900,"circlet_count":0,"master_deck":["AscendersBane","Strike_R","Strike_R","Defend_R","Defend_R","Defend_R","Defend_R","Bash","Anger+1","Wild Strike+1","Ghostly Armor","Spot Weakness","Demon Form+1","Power Through","Feel No Pain"],"relics":["Burning Blood","WingedGreaves","Darkstone Periapt","MawBank","HornCleat"],"potions_floor_usage":[7,7],"damage_taken":[{"damage":0,"enemies":"Small Slimes","floor":1,"turns":3},{"damage":4,"enemies":"2 Louse","floor":2,"turns":3},{"damage":7,"enemies":"Jaw Worm","floor":5,"turns":3},{"damage":20,"enemies":"Lagavulin","floor":7,"turns":6},{"damage":31,"enemies":"Gremlin Nob","floor":10,"turns":4},{"damage":20,"enemies":"3 Sentries","floor":13,"turns":7},{"damage":47,"enemies":"Slime Boss","floor":16,"turns":6}],"seed_played":"-4594646205052568905","potions_obtained":[{"floor":2,"key":"GamblersBrew"},{"floor":5,"key":"ElixirPotion"},{"floor":10,"key":"Ancient Potion"}],"is_trial":false,"path_per_floor":["M","M","?","?","M","R","E","$","T","E","R","R","E","$","R","B"],"character_chosen":"IRONCLAD","items_purchased":["Power Through","Feel No Pain"],"campfire_rested":1,"item_purchase_floors":[14,14],"current_hp_per_floor":[81,82,71,64,63,63,49,49,49,24,48,48,34,34,34,0],"gold":101,"neow_bonus":"TEN_PERCENT_HP_BONUS","is_prod":false,"is_daily":false,"chose_seed":false,"campfire_upgraded":3,"win_rate":0,"timestamp":1570150382,"path_taken":["M","M","?","?","M","R","E","$","T","E","R","R","E","?","R","BOSS"],"build_version":"2019-10-03","purchased_purges":2,"victory":false,"max_hp_per_floor":[82,82,82,82,82,82,82,82,82,82,82,82,82,82,82,82],"card_choices":[{"not_picked":["Sword Boomerang","Thunderclap"],"picked":"Anger","floor":1},{"not_picked":["Heavy Blade","Twin Strike"],"picked":"Wild Strike","floor":2},{"not_picked":["Twin Strike","Pummel"],"picked":"Ghostly Armor","floor":5},{"not_picked":["Warcry","Juggernaut","Reckless Charge"],"picked":"SKIP","floor":7},{"not_picked":["True Grit","Carnage"],"picked":"Spot Weakness","floor":10},{"not_picked":["Disarm","Body Slam"],"picked":"Demon Form","floor":13}],"player_experience":1222088,"relics_obtained":[{"floor":7,"key":"WingedGreaves"},{"floor":9,"key":"Darkstone Periapt"},{"floor":10,"key":"MawBank"},{"floor":13,"key":"HornCleat"}],"event_choices":[{"damage_healed":0,"gold_gain":75,"player_choice":"Gather Gold","damage_taken":11,"max_hp_gain":0,"max_hp_loss":0,"event_name":"World of Goop","floor":3,"gold_loss":0},{"cards_removed":["Strike_R"],"damage_healed":0,"gold_gain":0,"player_choice":"Card Removal","damage_taken":7,"max_hp_gain":0,"max_hp_loss":0,"event_name":"Golden Wing","floor":4,"gold_loss":0}],"is_beta":true,"boss_relics":[],"items_purged_floors":[8,14],"is_endless":false,"potions_floor_spawned":[2,5,10],"killed_by":"Slime Boss","ascension_level":20}