{"gold_per_floor":[13,27,40,40,58,58,90,90,90,90],"floor_reached":10,"playtime":537,"items_purged":[],"score":71,"play_id":"4c4da7d3-87d5-4b98-9194-e6811bfed0cf","local_time":"20190912210236","is_ascension_mode":true,"campfire_choices":[{"data":"Buffer","floor":6,"key":"SMITH"}],"neow_cost":"NO_GOLD","seed_source_timestamp":33664528876600,"circlet_count":0,"master_deck":["Strike_B","Strike_B","Strike_B","Defend_B","Defend_B","Defend_B","Zap","Dualcast","Self Repair","Reinforced Body","Turbo","White Noise","Defragment","Buffer+1","Coolheaded"],"relics":["Cracked Core","Anchor","Kunai"],"potions_floor_usage":[],"damage_taken":[{"damage":0,"enemies":"Cultist","floor":1,"turns":5},{"damage":1,"enemies":"2 Louse","floor":2,"turns":2},{"damage":10,"enemies":"Small Slimes","floor":3,"turns":3},{"damage":23,"enemies":"Gremlin Gang","floor":5,"turns":5},{"damage":22,"enemies":"3 Sentries","floor":7,"turns":4},{"damage":19,"enemies":"Exordium Thugs","floor":10,"turns":4}],"seed_played":"3040002140161087435","potions_obtained":[{"floor":2,"key":"Block Potion"},{"floor":5,"key":"Poison Potion"}],"is_trial":false,"path_per_floor":["M","M","M","?","M","R","E","?","T","M"],"character_chosen":"DEFECT","items_purchased":[],"campfire_rested":0,"item_purchase_floors":[],"current_hp_per_floor":[75,74,64,64,48,48,26,19,19,0],"gold":90,"neow_bonus":"TRANSFORM_TWO_CARDS","is_prod":false,"is_daily":false,"chose_seed":false,"campfire_upgraded":1,"win_rate":0,"timestamp":1568314956,"path_taken":["M","M","?","?","M","R","E","?","T","?"],"build_version":"2019-07-17","purchased_purges":0,"victory":false,"max_hp_per_floor":[75,75,75,75,75,75,75,75,75,75],"card_choices":[{"not_picked":["Conserve Battery","Steam"],"picked":"Turbo","floor":1},{"not_picked":["Scrape","Gash"],"picked":"White Noise","floor":2},{"not_picked":["Barrage","Compile Driver"],"picked":"Defragment","floor":3},{"not_picked":["Barrage","Capacitor"],"picked":"Buffer","floor":5},{"not_picked":["All For One","Loop"],"picked":"Coolheaded","floor":7}],"player_experience":78864,"relics_obtained":[{"floor":7,"key":"Anchor"},{"floor":9,"key":"Kunai"}],"event_choices":[{"damage_healed":0,"gold_gain":0,"player_choice":"Leave","damage_taken":0,"max_hp_gain":0,"max_hp_loss":0,"event_name":"The Cleric","floor":4,"gold_loss":0},{"damage_healed":0,"gold_gain":0,"player_choice":"Damaged","damage_taken":7,"max_hp_gain":0,"max_hp_loss":0,"event_name":"Wheel of Change","floor":8,"gold_loss":0}],"is_beta":false,"boss_relics":[],"items_purged_floors":[],"is_endless":false,"potions_floor_spawned":[2,5],"killed_by":"Exordium Thugs","ascension_level":1}