{"gold_per_floor":[116,128,141,153,33,33,48,59,59,123,123,142,142,152,152,251,251,269,5,5,5,18,18,18,18,18,29,44,44,44,62,62,62],"floor_reached":33,"playtime":2347,"items_purged":["Strike_B"],"score":241,"play_id":"ba5834e1-4870-4e0c-bef9-f6f89ff78d10","local_time":"20191010113706","is_ascension_mode":false,"campfire_choices":[{"data":"Cold Snap","floor":6,"key":"SMITH"},{"floor":11,"key":"REST"},{"floor":13,"key":"REST"},{"floor":15,"key":"REST"},{"data":"Dualcast","floor":23,"key":"SMITH"},{"data":"Loop","floor":24,"key":"SMITH"},{"floor":29,"key":"REST"},{"floor":32,"key":"REST"}],"neow_cost":"NONE","seed_source_timestamp":2115476856296701,"circlet_count":0,"master_deck":["Strike_B","Defend_B","Defend_B","Defend_B","Defend_B","Zap","Dualcast+1","Conserve Battery","Redo","Compile Driver","FTL","Cold Snap+1","Loop+1","Chaos","Thunder Strike","Ball Lightning","Conserve Battery","All For One","Cold Snap+1","Defragment","Fission","Writhe","Rip and Tear","Barrage","Leap","Iron Wave","Loop+1"],"relics":["Cracked Core","NeowsBlessing","WingedGreaves","Ornamental Fan","Empty Cage","Incense Burner","Matryoshka"],"potions_floor_usage":[16],"damage_taken":[{"damage":0,"enemies":"Cultist","floor":1,"turns":1},{"damage":0,"enemies":"Jaw Worm","floor":2,"turns":1},{"damage":0,"enemies":"Small Slimes","floor":3,"turns":1},{"damage":16,"enemies":"Gremlin Gang","floor":4,"turns":5},{"damage":6,"enemies":"2 Fungi Beasts","floor":7,"turns":3},{"damage":8,"enemies":"Exordium Thugs","floor":8,"turns":5},{"damage":33,"enemies":"Gremlin Nob","floor":10,"turns":5},{"damage":25,"enemies":"Exordium Wildlife","floor":12,"turns":6},{"damage":4,"enemies":"Looter","floor":14,"turns":4},{"damage":48,"enemies":"The Guardian","floor":16,"turns":11},{"damage":7,"enemies":"Chosen","floor":18,"turns":5},{"damage":19,"enemies":"Shell Parasite","floor":22,"turns":6},{"damage":37,"enemies":"Snake Plant","floor":27,"turns":5},{"damage":0,"enemies":"Snecko","floor":28,"turns":5},{"damage":25,"enemies":"Chosen and Byrds","floor":31,"turns":7},{"damage":46,"enemies":"Champ","floor":33,"turns":10}],"seed_played":"-1809023389943343887","potions_obtained":[{"floor":2,"key":"Strength Potion"},{"floor":8,"key":"Swift Potion"},{"floor":10,"key":"FearPotion"},{"floor":31,"key":"AttackPotion"}],"is_trial":false,"path_per_floor":["M","M","M","M","$","R","M","M","T","?","R","M","R","M","R","B",null,"M","$","?","?","M","R","R","$","T","M","M","R","?","M","R","B"],"character_chosen":"DEFECT","items_purchased":["Cold Snap","Loop","Defragment","Fission"],"campfire_rested":5,"item_purchase_floors":[5,5,19,19],"current_hp_per_floor":[75,75,75,59,59,59,53,45,45,12,34,9,31,27,49,1,75,68,68,68,68,49,49,49,49,49,12,12,34,34,9,31,0],"gold":62,"neow_bonus":"THREE_ENEMY_KILL","is_prod":false,"is_daily":false,"chose_seed":false,"campfire_upgraded":3,"win_rate":0.0,"timestamp":1570703826,"path_taken":["M","M","?","M","$","R","M","M","T","?","R","M","R","M","R","BOSS","M","$","?","?","M","R","R","?","T","M","M","R","?","M","R","BOSS"],"build_version":"2019-09-09v2","purchased_purges":1,"victory":false,"max_hp_per_floor":[75,75,75,75,75,75,75,75,75,75,75,75,75,75,75,75,75,75,75,75,75,75,75,75,75,75,75,75,75,75,75,75,75],"card_choices":[{"not_picked":["Coolheaded","Steam Power"],"picked":"Conserve Battery","floor":1},{"not_picked":["Ball Lightning","Hologram"],"picked":"Redo","floor":2},{"not_picked":["Stack","Self Repair"],"picked":"Compile Driver","floor":3},{"not_picked":["Gash","Stack"],"picked":"FTL","floor":4},{"not_picked":["Defragment","Aggregate"],"picked":"Heatsinks","floor":7},{"not_picked":["Steam","Beam Cell"],"picked":"Chaos","floor":8},{"not_picked":["Self Repair","Beam Cell"],"picked":"Thunder Strike","floor":10},{"not_picked":["Steam Power","Gash"],"picked":"Ball Lightning","floor":12},{"not_picked":["Streamline","FTL"],"picked":"Conserve Battery","floor":14},{"not_picked":["Fission","Reboot"],"picked":"All For One","floor":16},{"not_picked":["Ball Lightning","Coolheaded"],"picked":"Cold Snap+1","floor":18},{"not_picked":["Cold Snap","Hologram"],"picked":"Rip and Tear","floor":22},{"not_picked":["Ball Lightning","Defragment"],"picked":"Barrage","floor":27},{"not_picked":["Compile Driver+1","Sweeping Beam+1"],"picked":"Leap","floor":28},{"not_picked":["Heatsinks","Stack"],"picked":"Loop+1","floor":31}],"player_experience":16992,"relics_obtained":[{"floor":9,"key":"WingedGreaves"},{"floor":10,"key":"Ornamental Fan"},{"floor":26,"key":"Matryoshka"}],"event_choices":[{"damage_healed":0,"gold_gain":0,"player_choice":"Searched \u00271\u0027 times","damage_taken":0,"max_hp_gain":0,"max_hp_loss":0,"event_name":"Dead Adventurer","floor":10,"gold_loss":0},{"damage_healed":0,"gold_gain":0,"player_choice":"Ignored","damage_taken":0,"max_hp_gain":0,"max_hp_loss":0,"event_name":"Ghosts","floor":20,"gold_loss":0},{"damage_healed":0,"gold_gain":0,"player_choice":"Opened","damage_taken":0,"relics_obtained":["Incense Burner"],"max_hp_gain":0,"max_hp_loss":0,"event_name":"The Mausoleum","floor":21,"gold_loss":0,"cards_obtained":["Writhe"]},{"cards_removed":["Heatsinks"],"damage_healed":0,"gold_gain":0,"player_choice":"Took Card","damage_taken":0,"max_hp_gain":0,"max_hp_loss":0,"event_name":"NoteForYourself","floor":30,"gold_loss":0,"cards_obtained":["Iron Wave"]}],"is_beta":true,"boss_relics":[{"not_picked":["Runic Dome","Fusion Hammer"],"picked":"Empty Cage"}],"items_purged_floors":[19],"is_endless":false,"potions_floor_spawned":[2,8,10,12,31],"killed_by":"Champ","ascension_level":0}