{"gold_per_floor":[359,73,43,55,68,68,82,93,146,181,181,201,215,228,228,326,326,339,325,343,156,168,168,202,216,216,228,228,228,241,42,42,139,139,156,156,171,187,187,221,65,95,120,165,177],"floor_reached":45,"playtime":2806,"items_purged":[],"score":925,"play_id":"965ef1e7-3844-4e5d-ba67-b453e9657f43","local_time":"20191012183746","is_ascension_mode":true,"campfire_choices":[{"floor":6,"key":"REST"},{"floor":11,"key":"REST"},{"data":"Apotheosis","floor":15,"key":"SMITH"},{"data":"Body Slam","floor":23,"key":"SMITH"},{"floor":32,"key":"REST"}],"neow_cost":"PERCENT_DAMAGE","seed_source_timestamp":149485646335900,"circlet_count":0,"master_deck":["AscendersBane","Strike_R","Strike_R","Strike_R","Strike_R","Strike_R","Defend_R","Defend_R","Defend_R","Defend_R","Bash","Headbutt","Apotheosis+1","Feel No Pain","Cleave","Carnage","Iron Wave","Iron Wave","Iron Wave","Pommel Strike","Iron Wave","Impervious","Iron Wave+1","Shrug It Off","Flex","Disarm","Dark Shackles","True Grit","Body Slam+1","Demon Form","Injury","Necronomicurse","Metallicize","Immolate","Anger","Seeing Red+1","Disarm+1","Shockwave+1","Heavy Blade+1","Clumsy","Corruption+1"],"relics":["Burning Blood","Tiny Chest","Orichalcum","Gremlin Horn","Cursed Key","Art of War","Toxic Egg 2","Necronomicon","Sling","Velvet Choker","Happy Flower","Vajra","Blood Vial","MawBank","Dodecahedron"],"potions_floor_usage":[5,12,13,16,16,22,24,33,33,38,42,45,45],"damage_taken":[{"damage":9,"enemies":"Jaw Worm","floor":1,"turns":4},{"damage":6,"enemies":"Cultist","floor":4,"turns":4},{"damage":22,"enemies":"Small Slimes","floor":5,"turns":4},{"damage":23,"enemies":"Exordium Wildlife","floor":7,"turns":6},{"damage":11,"enemies":"3 Louse","floor":8,"turns":3},{"damage":34,"enemies":"Gremlin Nob","floor":10,"turns":5},{"damage":20,"enemies":"Lots of Slimes","floor":12,"turns":3},{"damage":7,"enemies":"Gremlin Gang","floor":13,"turns":4},{"damage":2,"enemies":"Blue Slaver","floor":14,"turns":4},{"damage":27,"enemies":"Slime Boss","floor":16,"turns":10},{"damage":4,"enemies":"Chosen","floor":18,"turns":4},{"damage":24,"enemies":"2 Thieves","floor":19,"turns":4},{"damage":3,"enemies":"Centurion and Healer","floor":20,"turns":7},{"damage":12,"enemies":"Snecko","floor":22,"turns":5},{"damage":12,"enemies":"Gremlin Leader","floor":24,"turns":6},{"damage":2,"enemies":"Chosen and Byrds","floor":25,"turns":5},{"damage":9,"enemies":"Centurion and Healer","floor":27,"turns":9},{"damage":18,"enemies":"Snecko","floor":30,"turns":6},{"damage":35,"enemies":"Collector","floor":33,"turns":9},{"damage":13,"enemies":"3 Shapes","floor":35,"turns":4},{"damage":1,"enemies":"Orb Walker","floor":37,"turns":2},{"damage":20,"enemies":"4 Shapes","floor":38,"turns":15},{"damage":41,"enemies":"Giant Head","floor":40,"turns":7},{"damage":18,"enemies":"Nemesis","floor":42,"turns":5},{"damage":21,"enemies":"Reptomancer","floor":44,"turns":4},{"damage":30,"enemies":"3 Darklings","floor":45,"turns":3}],"seed_played":"504048595164543113","potions_obtained":[{"floor":3,"key":"Fire Potion"},{"floor":3,"key":"BloodPotion"},{"floor":7,"key":"LiquidBronze"},{"floor":12,"key":"BloodPotion"},{"floor":13,"key":"Fire Potion"},{"floor":16,"key":"Dexterity Potion"},{"floor":18,"key":"Block Potion"},{"floor":20,"key":"Fruit Juice"},{"floor":22,"key":"Poison Potion"},{"floor":27,"key":"Fire Potion"},{"floor":30,"key":"GamblersBrew"},{"floor":35,"key":"BloodPotion"},{"floor":37,"key":"Ancient Potion"},{"floor":39,"key":"Regen Potion"},{"floor":39,"key":"Energy Potion"},{"floor":42,"key":"Dexterity Potion"}],"is_trial":false,"path_per_floor":["M","$","?","M","M","R","M","M","T","E","R","M","M","M","R","B",null,"M","M","M","$","M","R","E","M","T","M","?","?","M","$","R","B",null,"M","?","M","M","?","E","$","E","T","E","M"],"character_chosen":"IRONCLAD","items_purchased":["Tiny Chest","Apotheosis","Disarm","Dark Shackles","True Grit","Sling","Vajra"],"campfire_rested":3,"item_purchase_floors":[2,2,21,21,21,31,41],"current_hp_per_floor":[48,48,48,48,52,76,59,54,54,26,50,36,55,59,59,38,70,72,54,57,57,56,56,50,54,54,51,35,35,23,23,48,19,69,62,62,67,73,73,38,38,40,40,27,0],"gold":177,"neow_bonus":"TWO_FIFTY_GOLD","is_prod":false,"is_daily":false,"chose_seed":false,"campfire_upgraded":2,"win_rate":0,"timestamp":1570898266,"path_taken":["M","$","?","?","M","R","M","M","T","E","R","M","M","M","R","BOSS","M","M","M","$","?","R","E","M","T","M","?","?","M","?","R","BOSS","M","?","M","M","?","E","$","E","T","E","?"],"build_version":"2019-07-17","purchased_purges":0,"victory":false,"max_hp_per_floor":[80,80,80,80,80,80,80,80,80,80,80,80,80,80,80,80,80,80,80,80,80,85,85,85,85,85,85,85,85,85,85,85,85,85,85,81,81,81,81,81,81,81,81,81,81],"card_choices":[{"not_picked":["Clash","Pummel"],"picked":"Headbutt","floor":1},{"not_picked":["Armaments","Thunderclap"],"picked":"Feel No Pain","floor":4},{"not_picked":["Hemokinesis","Bloodletting"],"picked":"Cleave","floor":5},{"not_picked":["Twin Strike","Entrench"],"picked":"Carnage","floor":7},{"not_picked":["Hemokinesis","Berserk"],"picked":"Iron Wave","floor":8},{"not_picked":["Armaments","Evolve"],"picked":"Iron Wave","floor":10},{"not_picked":["Sentinel","Heavy Blade"],"picked":"Iron Wave","floor":12},{"not_picked":["Sword Boomerang","Body Slam"],"picked":"Pommel Strike","floor":13},{"not_picked":["Anger","Clothesline"],"picked":"Iron Wave","floor":14},{"not_picked":["Reaper","Exhume"],"picked":"Impervious","floor":16},{"not_picked":["Anger","Battle Trance"],"picked":"Iron Wave+1","floor":18},{"not_picked":["Heavy Blade","True Grit"],"picked":"Shrug It Off","floor":19},{"not_picked":["Wild Strike","Burning Pact"],"picked":"Flex","floor":20},{"not_picked":["Spot Weakness","Perfected Strike"],"picked":"Body Slam","floor":22},{"not_picked":["Impervious","True Grit"],"picked":"Demon Form","floor":24},{"not_picked":["Thunderclap","Havoc","Dual Wield"],"picked":"SKIP","floor":25},{"not_picked":["Flex+1","Thunderclap+1","Sentinel+1"],"picked":"SKIP","floor":27},{"not_picked":["Clash","Shrug It Off+1"],"picked":"Metallicize","floor":30},{"not_picked":["Dark Embrace","Berserk"],"picked":"Immolate","floor":33},{"not_picked":["Havoc+1","Burning Pact+1"],"picked":"Anger","floor":35},{"not_picked":["Shrug It Off+1","Heavy Blade"],"picked":"Seeing Red+1","floor":37},{"not_picked":["Clash+1","Armaments+1"],"picked":"Disarm+1","floor":38},{"not_picked":["Cleave","Burning Pact+1"],"picked":"Shockwave+1","floor":40},{"not_picked":["True Grit+1","Combust"],"picked":"Heavy Blade+1","floor":42},{"not_picked":["Spot Weakness+1","Heavy Blade"],"picked":"Corruption+1","floor":44}],"player_experience":339372,"relics_obtained":[{"floor":9,"key":"Orichalcum"},{"floor":10,"key":"Gremlin Horn"},{"floor":24,"key":"Art of War"},{"floor":26,"key":"Toxic Egg 2"},{"floor":28,"key":"Necronomicon"},{"floor":40,"key":"Happy Flower"},{"floor":42,"key":"Blood Vial"},{"floor":43,"key":"MawBank"},{"floor":44,"key":"Dodecahedron"}],"event_choices":[{"damage_healed":0,"gold_gain":0,"player_choice":"Bought 2 Potions","damage_taken":0,"max_hp_gain":0,"max_hp_loss":0,"event_name":"The Woman in Blue","floor":3,"gold_loss":0},{"damage_healed":0,"gold_gain":0,"player_choice":"Obtained Book","damage_taken":16,"max_hp_gain":0,"max_hp_loss":0,"event_name":"Cursed Tome","floor":28,"gold_loss":0},{"damage_healed":0,"gold_gain":0,"player_choice":"Ignored","damage_taken":0,"max_hp_gain":0,"max_hp_loss":0,"event_name":"The Mausoleum","floor":29,"gold_loss":0},{"damage_healed":0,"gold_gain":0,"player_choice":"Max HP","damage_taken":0,"max_hp_gain":0,"max_hp_loss":4,"event_name":"Winding Halls","floor":36,"gold_loss":0},{"damage_healed":0,"gold_gain":0,"player_choice":"Got Potions","damage_taken":0,"max_hp_gain":0,"max_hp_loss":0,"event_name":"Lab","floor":39,"gold_loss":0}],"is_beta":false,"boss_relics":[{"not_picked":["Mark of Pain","Eternal Feather"],"picked":"Cursed Key"},{"not_picked":["Black Blood","Runic Pyramid"],"picked":"Velvet Choker"}],"items_purged_floors":[],"is_endless":false,"potions_floor_spawned":[4,7,12,13,16,18,20,22,27,30,35,37,40,42],"killed_by":"3 Darklings","ascension_level":12}