{"gold_per_floor":[119,119,43,43,63,97,97,131,131,171,171,171,187,202,202,298,298,316,335,177,92,142,142,186,186,186,222,247,247,270,303,303,399,399,412,427,427,451,315,315,440,466,466,502,210,224,245,37,37,37,37],"floor_reached":52,"playtime":2213,"items_purged":["Anger","Strike_R","Strike_R","Strike_R"],"score":2012,"play_id":"37b5e155-e808-4f4a-9983-2ccab78ad67e","local_time":"20191019140510","is_ascension_mode":true,"campfire_choices":[{"data":"Feed","floor":7.0,"key":"SMITH"},{"data":"Armaments","floor":12,"key":"SMITH"},{"data":"Spot Weakness","floor":15,"key":"SMITH"},{"data":"Flame Barrier","floor":23,"key":"SMITH"},{"floor":25,"key":"REST"},{"floor":29,"key":"REST"},{"data":"Limit Break","floor":32,"key":"SMITH"},{"floor":40,"key":"REST"},{"floor":49,"key":"REST"}],"neow_cost":"NONE","seed_source_timestamp":406961207601600,"circlet_count":0,"master_deck":["AscendersBane","Strike_R","Defend_R","Defend_R","Defend_R","Defend_R","Bash","Metallicize","Spot Weakness+1","Feed+1","Armaments+1","Uppercut","Headbutt","Limit Break+1","Feel No Pain+1","Flame Barrier+1","Metallicize","Dark Embrace","Inflame","True Grit","Heavy Blade+1","Impervious","Sword Boomerang","Apotheosis","Uppercut","Inflame","Sword Boomerang","Limit Break+1","Metallicize","Heavy Blade"],"special_seed":0,"relics":["Burning Blood","NeowsBlessing","Golden Idol","Mummified Hand","Matryoshka","Bag of Preparation","White Beast Statue","Bottled Lightning","Snecko Eye","Magic Flower","Juzu Bracelet","Lantern","InkBottle","Pear","Strawberry","SacredBark","Ginger","Toy Ornithopter","Meat on the Bone","DollysMirror"],"potions_floor_usage":[16,16,18,24,27,27,28,30,31,36,44,44,46,47,50],"damage_taken":[{"damage":0.0,"enemies":"Small Slimes","floor":1.0,"turns":1.0},{"damage":0.0,"enemies":"2 Louse","floor":5.0,"turns":1.0},{"damage":0.0,"enemies":"Gremlin Nob","floor":6.0,"turns":1.0},{"damage":24.0,"enemies":"Lagavulin","floor":8.0,"turns":6.0},{"damage":39.0,"enemies":"3 Sentries","floor":10.0,"turns":13.0},{"damage":3,"enemies":"Jaw Worm","floor":13,"turns":4},{"damage":5,"enemies":"Red Slaver","floor":14,"turns":4},{"damage":15,"enemies":"Hexaghost","floor":16,"turns":9},{"damage":15,"enemies":"Spheric Guardian","floor":18,"turns":4},{"damage":0,"enemies":"Chosen","floor":19,"turns":3},{"damage":27,"enemies":"Gremlin Leader","floor":24,"turns":9},{"damage":84,"enemies":"Book of Stabbing","floor":27,"turns":8},{"damage":44,"enemies":"Shelled Parasite and Fungi","floor":28,"turns":5},{"damage":11,"enemies":"3 Cultists","floor":30,"turns":6},{"damage":5,"enemies":"Gremlin Leader","floor":31,"turns":5},{"damage":13,"enemies":"Champ","floor":33,"turns":8},{"damage":4,"enemies":"3 Shapes","floor":35,"turns":5},{"damage":0,"enemies":"Orb Walker","floor":36,"turns":5},{"damage":15,"enemies":"3 Darklings","floor":38,"turns":5},{"damage":0,"enemies":"Mind Bloom Boss Battle","floor":41,"turns":6},{"damage":52,"enemies":"Reptomancer","floor":44,"turns":7},{"damage":50,"enemies":"Transient","floor":46,"turns":6},{"damage":34,"enemies":"Jaw Worm Horde","floor":47,"turns":4},{"damage":18,"enemies":"Donu and Deca","floor":50,"turns":6},{"damage":90,"enemies":"Time Eater","floor":51,"turns":7}],"seed_played":"5702621050295905999","potions_obtained":[{"floor":1.0,"key":"SneckoOil"},{"floor":8.0,"key":"SpeedPotion"},{"floor":10,"key":"GamblersBrew"},{"floor":16,"key":"EssenceOfSteel"},{"floor":18,"key":"SpeedPotion"},{"floor":19,"key":"Block Potion"},{"floor":24,"key":"Swift Potion"},{"floor":27,"key":"Fruit Juice"},{"floor":28,"key":"ElixirPotion"},{"floor":30,"key":"Fruit Juice"},{"floor":31,"key":"SneckoOil"},{"floor":33,"key":"SkillPotion"},{"floor":36,"key":"Block Potion"},{"floor":44,"key":"SkillPotion"},{"floor":46,"key":"FearPotion"},{"floor":47,"key":"HeartOfIron"}],"is_trial":false,"path_per_floor":["M","?","$","?","M","E","R","E","T","E","?","R","M","M","R","B",null,"M","M","$","?","?","R","E","R","T","E","M","R","M","E","R","B",null,"M","M","?","M","$","R","?","T","T","E","$","M","M","$","R","B","B",null],"character_chosen":"IRONCLAD","items_purchased":["Spot Weakness","Metallicize","Inflame","DollysMirror","Heavy Blade"],"campfire_rested":4,"item_purchase_floors":[3,20,39,45,48],"current_hp_per_floor":[74,48,48,53,59,65,65,51,51,22,22,22,29,30,30,25,78,73,83,83,83,83,83,65,96,96,31,10,46,50,69,69,65,121,132,147,137,137,137,151,155,155,155,113,113,98,105,105,152,150,87],"gold":37,"neow_bonus":"THREE_ENEMY_KILL","is_prod":false,"is_daily":false,"chose_seed":false,"campfire_upgraded":5,"win_rate":0,"timestamp":1571519110,"path_taken":["M","?","$","?","M","E","R","E","T","E","?","R","M","M","R","BOSS","M","M","$","?","?","R","E","R","T","E","M","R","M","E","R","BOSS","M","M","?","M","$","R","?","?","T","E","$","M","M","?","R","BOSS","BOSS"],"build_version":"2019-10-18","purchased_purges":4,"victory":true,"max_hp_per_floor":[75,75,75,80,80,80,80,84,84,88,88,88,92,92,92,96,96,100,104,104,104,104,104,104,104,104,114,123,123,127,139,139,139,139,143,147,147,151,151,151,155,155,155,155,155,155,159,159,159,159,159],"card_choices":[{"not_picked":["Dropkick","Clash"],"picked":"Metallicize","floor":1.0},{"not_picked":["Perfected Strike","Body Slam"],"picked":"Anger","floor":5.0},{"not_picked":["Havoc","Clash"],"picked":"Feed","floor":6.0},{"not_picked":["Iron Wave","Rage","Sever Soul"],"picked":"SKIP","floor":8.0},{"not_picked":["Flex","Feed"],"picked":"Armaments","floor":10},{"not_picked":["Flex","Heavy Blade"],"picked":"Uppercut","floor":13},{"not_picked":["Clash","Shrug It Off"],"picked":"Headbutt","floor":14},{"not_picked":["Demon Form","Juggernaut"],"picked":"Limit Break","floor":16},{"not_picked":["Uppercut","Thunderclap+1"],"picked":"Feel No Pain+1","floor":18},{"not_picked":["Clash+1","Pommel Strike"],"picked":"Flame Barrier","floor":19},{"not_picked":["Warcry","Fiend Fire"],"picked":"Dark Embrace","floor":24},{"not_picked":["Burning Pact","Headbutt"],"picked":"Inflame","floor":27},{"not_picked":["Body Slam+1","Evolve"],"picked":"True Grit","floor":28},{"not_picked":["Body Slam","Warcry+1"],"picked":"Heavy Blade+1","floor":30},{"not_picked":["Clash","Sentinel","Infernal Blade"],"picked":"SKIP","floor":31},{"not_picked":["Feed","Dark Embrace"],"picked":"Impervious","floor":33},{"not_picked":["Clash","Dual Wield","Pommel Strike+1"],"picked":"SKIP","floor":35},{"not_picked":["Flex","Pommel Strike+1"],"picked":"Sword Boomerang","floor":36},{"not_picked":["Purity","Flash of Steel"],"picked":"Apotheosis","floor":37},{"not_picked":["Shrug It Off","Carnage+1"],"picked":"Uppercut","floor":38},{"not_picked":["Sever Soul","Shockwave"],"picked":"Sword Boomerang","floor":41},{"not_picked":["Clothesline+1","Carnage","Anger"],"picked":"SKIP","floor":44},{"not_picked":["Wild Strike","Burning Pact","Sentinel"],"picked":"SKIP","floor":46},{"not_picked":["Second Wind","Clash"],"picked":"Metallicize","floor":47}],"player_experience":1660752,"relics_obtained":[{"floor":6.0,"key":"Mummified Hand"},{"floor":8.0,"key":"Matryoshka"},{"floor":9.0,"key":"Bag of Preparation"},{"floor":9.0,"key":"White Beast Statue"},{"floor":10,"key":"Bottled Lightning"},{"floor":24,"key":"Juzu Bracelet"},{"floor":26,"key":"Lantern"},{"floor":26,"key":"InkBottle"},{"floor":27,"key":"Pear"},{"floor":31,"key":"Strawberry"},{"floor":41,"key":"Ginger"},{"floor":42,"key":"Toy Ornithopter"},{"floor":44,"key":"Meat on the Bone"}],"event_choices":[{"damage_healed":0.0,"max_hp_gain":0.0,"max_hp_loss":0.0,"gold_gain":0.0,"event_name":"Golden Idol","player_choice":"Take Damage","floor":2.0,"gold_loss":0.0,"damage_taken":26.0,"relics_obtained":["Golden Idol"]},{"damage_healed":0.0,"max_hp_gain":5.0,"max_hp_loss":0.0,"gold_gain":0.0,"event_name":"Big Fish","player_choice":"Donut","floor":4.0,"gold_loss":0.0,"damage_taken":0.0},{"cards_removed":["Strike_R"],"damage_healed":0,"gold_gain":0,"player_choice":"Purged","damage_taken":0,"max_hp_gain":0,"max_hp_loss":0,"event_name":"Purifier","floor":11,"gold_loss":0},{"damage_healed":0,"gold_gain":0,"player_choice":"Obtained Relic","damage_taken":0,"relics_obtained":["Magic Flower"],"max_hp_gain":0,"max_hp_loss":0,"event_name":"Addict","floor":21,"gold_loss":85},{"damage_healed":0,"gold_gain":50,"player_choice":"Stole From Cult","damage_taken":0,"max_hp_gain":0,"max_hp_loss":0,"event_name":"Nest","floor":22,"gold_loss":0},{"damage_healed":0,"gold_gain":0,"player_choice":"Memory 3","damage_taken":10,"max_hp_gain":0,"max_hp_loss":0,"event_name":"SensoryStone","floor":37,"gold_loss":0},{"damage_healed":0,"gold_gain":0,"player_choice":"Fight","damage_taken":0,"max_hp_gain":0,"max_hp_loss":0,"event_name":"MindBloom","floor":41,"gold_loss":0}],"is_beta":true,"boss_relics":[{"not_picked":["Mark of Pain","Empty Cage"],"picked":"Snecko Eye"},{"not_picked":["Runic Pyramid","Coffee Dripper"],"picked":"SacredBark"}],"items_purged_floors":[20,39,45,48],"is_endless":false,"potions_floor_spawned":[1,8,10,13,14,16,18,19,24,27,28,30,31,33,35,36,38,41,44,46,47],"ascension_level":20}