{"gold_per_floor":[118,134,134,154,168,168,194,204,230,64,96,112,112,128,128,204,204,216,236,236],"floor_reached":20,"playtime":1349,"items_purged":[],"score":376,"play_id":"131b32f4-63da-467c-a782-86519e80abe7","local_time":"20190927213413","is_ascension_mode":true,"campfire_choices":[{"floor":6.0,"key":"REST"},{"floor":13,"key":"REST"},{"floor":15,"key":"REST"}],"neow_cost":"PERCENT_DAMAGE","seed_source_timestamp":507321619910217,"circlet_count":0,"master_deck":["AscendersBane","Strike_R+1","Strike_R","Strike_R","Strike_R","Strike_R","Defend_R","Defend_R","Defend_R","Defend_R","Bash+1","Clothesline","Shrug It Off","Whirlwind+1","Demon Form","True Grit","Whirlwind"],"special_seed":0,"relics":["Burning Blood","Mummified Hand","Whetstone","PreservedInsect","Lantern","Cursed Key"],"potions_floor_usage":[7,11,14],"damage_taken":[{"damage":11.0,"enemies":"Jaw Worm","floor":1.0,"turns":5.0},{"damage":16.0,"enemies":"Small Slimes","floor":2.0,"turns":5.0},{"damage":3.0,"enemies":"2 Louse","floor":4.0,"turns":3.0},{"damage":11.0,"enemies":"Blue Slaver","floor":5.0,"turns":4.0},{"damage":45,"enemies":"Lagavulin","floor":7,"turns":8},{"damage":15,"enemies":"3 Louse","floor":8,"turns":4},{"damage":3,"enemies":"Gremlin Nob","floor":11,"turns":3},{"damage":15,"enemies":"Red Slaver","floor":12,"turns":4},{"damage":18,"enemies":"Exordium Thugs","floor":14,"turns":5},{"damage":50,"enemies":"Slime Boss","floor":16,"turns":10},{"damage":24,"enemies":"Spheric Guardian","floor":18,"turns":5},{"damage":23,"enemies":"2 Thieves","floor":19,"turns":4},{"damage":36,"enemies":"Sentry and Sphere","floor":20,"turns":5}],"seed_played":"7392156630266605479","potions_obtained":[{"floor":1.0,"key":"SpeedPotion"},{"floor":4.0,"key":"Swift Potion"},{"floor":8,"key":"Poison Potion"},{"floor":14,"key":"LiquidBronze"}],"is_trial":false,"path_per_floor":["M","M","?","M","M","R","E","M","T","$","E","M","R","M","R","B",null,"M","M","M"],"character_chosen":"IRONCLAD","items_purchased":["PreservedInsect"],"campfire_rested":3,"item_purchase_floors":[10],"current_hp_per_floor":[59,49,49,52,47,73,34,25,25,25,28,19,45,33,59,15,71,53,36,0],"gold":236,"neow_bonus":"TWENTY_PERCENT_HP_BONUS","is_prod":false,"is_daily":false,"chose_seed":false,"campfire_upgraded":0,"win_rate":0,"timestamp":1569645253,"path_taken":["M","M","?","M","M","R","E","M","T","$","E","M","R","M","R","BOSS","M","M","M"],"build_version":"2019-07-17","purchased_purges":0,"victory":false,"max_hp_per_floor":[89,89,89,89,89,89,89,89,89,89,89,89,89,89,89,89,89,89,89,89],"card_choices":[{"not_picked":["Thunderclap","Combust","Fire Breathing"],"picked":"SKIP","floor":1.0},{"not_picked":["Rupture","Fire Breathing","Warcry"],"picked":"SKIP","floor":2.0},{"not_picked":["Clash","Armaments"],"picked":"Clothesline","floor":4.0},{"not_picked":["Warcry","Cleave","Sword Boomerang"],"picked":"SKIP","floor":5.0},{"not_picked":["Iron Wave","Pummel"],"picked":"Shrug It Off","floor":7},{"not_picked":["Flex","Berserk"],"picked":"Whirlwind","floor":8},{"not_picked":["Blood for Blood","Pummel","Heavy Blade"],"picked":"SKIP","floor":11},{"not_picked":["Fire Breathing","Intimidate","Twin Strike"],"picked":"SKIP","floor":12},{"not_picked":["True Grit","Cleave","Spot Weakness"],"picked":"SKIP","floor":14},{"not_picked":["Barricade","Bludgeon"],"picked":"Demon Form","floor":16},{"not_picked":["Reckless Charge","Anger"],"picked":"True Grit","floor":18},{"not_picked":["Anger","Cleave"],"picked":"Whirlwind","floor":19}],"player_experience":359055,"relics_obtained":[{"floor":7,"key":"Mummified Hand"},{"floor":9,"key":"Whetstone"},{"floor":11,"key":"Lantern"}],"event_choices":[{"damage_healed":0.0,"max_hp_gain":0.0,"max_hp_loss":0.0,"gold_gain":0.0,"event_name":"Living Wall","player_choice":"Grow","floor":3.0,"gold_loss":0.0,"damage_taken":0.0,"cards_upgraded":["Bash"]}],"is_beta":false,"boss_relics":[{"not_picked":["Snecko Eye","Orrery"],"picked":"Cursed Key"}],"items_purged_floors":[],"is_endless":false,"potions_floor_spawned":[1,4,8,14],"killed_by":"Sentry and Sphere","ascension_level":20}