{"gold_per_floor":[111,111,111,67,86,120,120,134,134,161,161,161,2,19,19,91,91,63,78,3,22,35,35,66,66,66,76,88,114,125,40,40,119,119,129,141,141,159,211,211,246,246,246,276,291,291,0,13,13,13,13],"floor_reached":52,"playtime":1544,"items_purged":["Strike_R"],"score":2049,"play_id":"7b3b8911-ddf1-40ec-a4f6-4726be4842c6","local_time":"20191014112917","is_ascension_mode":true,"campfire_choices":[{"data":"Uppercut","floor":7,"key":"SMITH"},{"data":"Spot Weakness","floor":12,"key":"SMITH"},{"data":"Immolate","floor":15,"key":"SMITH"},{"data":"Heavy Blade","floor":23,"key":"SMITH"},{"data":"Spot Weakness","floor":25,"key":"SMITH"},{"data":"Spot Weakness","floor":32,"key":"SMITH"},{"data":"Heavy Blade","floor":40,"key":"SMITH"},{"data":"Spot Weakness","floor":42,"key":"SMITH"},{"data":"Impervious","floor":46,"key":"SMITH"},{"data":"Demon Form","floor":49,"key":"SMITH"}],"neow_cost":"NONE","seed_source_timestamp":324247985977600,"circlet_count":0,"master_deck":["AscendersBane","Strike_R","Defend_R","Defend_R","Defend_R+1","Defend_R+1","Bash","Spot Weakness+1","Uppercut+1","Wild Strike","Impervious","Heavy Blade+1","Immolate+1","Metallicize","Reaper","Spot Weakness+1","Battle Trance","Immolate","Uppercut+1","Spot Weakness+1","Battle Trance","Spot Weakness+1","Impervious+1","Heavy Blade+1","Barricade","Flame Barrier+1","Limit Break+1","Demon Form+1"],"relics":["Burning Blood","NeowsBlessing","Anchor","Omamori","Strawberry","Cursed Key","Ice Cream","Blood Vial","Orichalcum","The Courier","Snecko Eye","Charon\u0027s Ashes","Toxic Egg 2","Smiling Mask","Ornamental Fan","Red Mask"],"potions_floor_usage":[10,21,24,27,39,51],"damage_taken":[{"damage":0,"enemies":"Small Slimes","floor":1,"turns":1},{"damage":0,"enemies":"2 Louse","floor":5,"turns":1},{"damage":0,"enemies":"Gremlin Nob","floor":6,"turns":1},{"damage":0,"enemies":"Cultist","floor":8,"turns":3},{"damage":25,"enemies":"Lagavulin","floor":10,"turns":8},{"damage":0,"enemies":"Looter","floor":14,"turns":2},{"damage":37,"enemies":"Hexaghost","floor":16,"turns":11},{"damage":19,"enemies":"2 Thieves","floor":18,"turns":4},{"damage":11,"enemies":"Shell Parasite","floor":19,"turns":6},{"damage":24,"enemies":"Sentry and Sphere","floor":21,"turns":7},{"damage":9,"enemies":"Centurion and Healer","floor":22,"turns":7},{"damage":52,"enemies":"Gremlin Leader","floor":24,"turns":6},{"damage":10,"enemies":"Snake Plant","floor":27,"turns":3},{"damage":2,"enemies":"Snecko","floor":28,"turns":4},{"damage":13,"enemies":"Slavers","floor":29,"turns":3},{"damage":3,"enemies":"3 Cultists","floor":30,"turns":4},{"damage":35,"enemies":"Automaton","floor":33,"turns":7},{"damage":0,"enemies":"Orb Walker","floor":35,"turns":3},{"damage":10,"enemies":"3 Darklings","floor":36,"turns":4},{"damage":17,"enemies":"4 Shapes","floor":38,"turns":9},{"damage":3,"enemies":"2 Orb Walkers","floor":39,"turns":3},{"damage":3,"enemies":"Giant Head","floor":41,"turns":5},{"damage":0,"enemies":"Nemesis","floor":44,"turns":5},{"damage":0,"enemies":"Sphere and 2 Shapes","floor":45,"turns":3},{"damage":21,"enemies":"3 Darklings","floor":48,"turns":8},{"damage":6,"enemies":"Donu and Deca","floor":50,"turns":5},{"damage":15,"enemies":"Time Eater","floor":51,"turns":7}],"seed_played":"5062811300266779454","potions_obtained":[{"floor":1,"key":"Ancient Potion"},{"floor":5,"key":"Strength Potion"},{"floor":19,"key":"Swift Potion"},{"floor":21,"key":"Regen Potion"},{"floor":27,"key":"Fruit Juice"},{"floor":29,"key":"Block Potion"},{"floor":39,"key":"Fire Potion"},{"floor":41,"key":"Regen Potion"}],"is_trial":false,"path_per_floor":["M","?","?","$","M","E","R","M","T","E","?","R","$","M","R","B",null,"M","M","?","M","M","R","E","R","T","M","M","E","M","?","R","B",null,"M","M","?","M","?","R","E","R","T","E","M","R","?","M","R","B","B",null],"character_chosen":"IRONCLAD","items_purchased":["Uppercut","Metallicize"],"campfire_rested":0,"item_purchase_floors":[4,13],"current_hp_per_floor":[74,67,44,44,50,56,56,62,62,50,50,50,50,56,56,25,68,67,62,62,60,72,72,63,63,63,66,72,67,83,83,83,56,79,87,87,83,83,83,83,83,83,83,83,83,83,83,83,83,83,83],"gold":13,"neow_bonus":"THREE_ENEMY_KILL","is_prod":false,"is_daily":false,"chose_seed":false,"campfire_upgraded":10,"win_rate":0,"timestamp":1571077757,"path_taken":["M","?","?","$","M","E","R","M","T","E","?","R","$","?","R","BOSS","M","M","?","M","M","R","E","R","T","M","M","E","M","?","R","BOSS","M","M","?","M","?","R","E","R","T","E","M","R","?","M","R","BOSS","BOSS"],"build_version":"2019-10-11","purchased_purges":1,"victory":true,"max_hp_per_floor":[75,75,75,75,75,75,75,75,75,82,82,82,82,82,82,82,82,82,82,82,82,82,82,82,82,82,87,87,87,87,87,87,87,87,87,87,83,83,83,83,83,83,83,83,83,83,83,83,83,83,83],"card_choices":[{"not_picked":["Combust","Sword Boomerang"],"picked":"Spot Weakness","floor":1},{"not_picked":["Body Slam","Shockwave"],"picked":"Wild Strike","floor":5},{"not_picked":["Iron Wave","Pommel Strike"],"picked":"Impervious","floor":6},{"not_picked":["Sword Boomerang","Body Slam"],"picked":"Heavy Blade","floor":8},{"not_picked":["Ghostly Armor","Thunderclap"],"picked":"Immolate","floor":10},{"not_picked":["Pommel Strike","Sentinel","Wild Strike"],"picked":"SKIP","floor":14},{"not_picked":["Dark Embrace","Fiend Fire"],"picked":"Reaper","floor":16},{"not_picked":["Thunderclap","Twin Strike"],"picked":"Spot Weakness","floor":18},{"not_picked":["Shrug It Off","Thunderclap"],"picked":"Battle Trance","floor":19},{"not_picked":["Armaments","Cleave","Rupture"],"picked":"SKIP","floor":21},{"not_picked":["Cleave","Second Wind","Thunderclap"],"picked":"SKIP","floor":22},{"not_picked":["Iron Wave","Infernal Blade"],"picked":"Immolate","floor":24},{"not_picked":["Clothesline","Carnage"],"picked":"Uppercut+1","floor":27},{"not_picked":["Warcry","Whirlwind+1"],"picked":"Spot Weakness","floor":28},{"not_picked":["Anger","Iron Wave"],"picked":"Battle Trance","floor":29},{"not_picked":["Sever Soul","Pommel Strike+1"],"picked":"Spot Weakness","floor":30},{"not_picked":["Fiend Fire","Barricade"],"picked":"Impervious","floor":33},{"not_picked":["Warcry+1","Thunderclap","Ghostly Armor"],"picked":"SKIP","floor":35},{"not_picked":["Iron Wave","Fire Breathing+1","Havoc"],"picked":"SKIP","floor":36},{"not_picked":["Clothesline","Twin Strike"],"picked":"Heavy Blade","floor":38},{"not_picked":["Havoc","Twin Strike+1"],"picked":"Barricade","floor":39},{"not_picked":["Shrug It Off","Whirlwind"],"picked":"Flame Barrier","floor":41},{"not_picked":["Whirlwind+1","Havoc+1"],"picked":"Limit Break+1","floor":44},{"not_picked":["Fire Breathing","Twin Strike+1","True Grit+1"],"picked":"SKIP","floor":45},{"not_picked":["Flex+1","True Grit+1"],"picked":"Demon Form","floor":48}],"player_experience":1559331,"relics_obtained":[{"floor":6,"key":"Anchor"},{"floor":9,"key":"Omamori"},{"floor":10,"key":"Strawberry"},{"floor":24,"key":"Ice Cream"},{"floor":26,"key":"Blood Vial"},{"floor":29,"key":"Orichalcum"},{"floor":39,"key":"Charon\u0027s Ashes"},{"floor":41,"key":"Toxic Egg 2"},{"floor":43,"key":"Smiling Mask"},{"floor":44,"key":"Ornamental Fan"}],"event_choices":[{"cards_removed":["Strike_R"],"damage_healed":0,"gold_gain":0,"player_choice":"Card Removal","damage_taken":7,"max_hp_gain":0,"max_hp_loss":0,"event_name":"Golden Wing","floor":2,"gold_loss":0},{"damage_healed":0,"gold_gain":0,"player_choice":"Entered Light","damage_taken":23,"max_hp_gain":0,"max_hp_loss":0,"event_name":"Shining Light","floor":3,"gold_loss":0,"cards_upgraded":["Defend_R","Defend_R"]},{"cards_removed":["Strike_R"],"damage_healed":0,"gold_gain":0,"player_choice":"Purged","damage_taken":0,"max_hp_gain":0,"max_hp_loss":0,"event_name":"Purifier","floor":11,"gold_loss":0},{"cards_removed":["Strike_R"],"damage_healed":0,"gold_gain":0,"player_choice":"Gave Gold","damage_taken":0,"max_hp_gain":0,"max_hp_loss":0,"event_name":"Beggar","floor":20,"gold_loss":75},{"damage_healed":0,"gold_gain":0,"player_choice":"Obtained Relic","damage_taken":0,"relics_obtained":["The Courier"],"max_hp_gain":0,"max_hp_loss":0,"event_name":"Addict","floor":31,"gold_loss":85},{"damage_healed":0,"gold_gain":0,"player_choice":"Max HP","damage_taken":0,"max_hp_gain":0,"max_hp_loss":4,"event_name":"Winding Halls","floor":37,"gold_loss":0},{"damage_healed":0,"gold_gain":0,"player_choice":"Fight","damage_taken":0,"max_hp_gain":0,"max_hp_loss":0,"event_name":"Mysterious Sphere","floor":39,"gold_loss":0},{"damage_healed":0,"gold_gain":0,"player_choice":"Paid","damage_taken":0,"relics_obtained":["Red Mask"],"max_hp_gain":0,"max_hp_loss":0,"event_name":"Tomb of Lord Red Mask","floor":47,"gold_loss":291}],"is_beta":true,"boss_relics":[{"not_picked":["Astrolabe","SlaversCollar"],"picked":"Cursed Key"},{"not_picked":["SacredBark","Sozu"],"picked":"Snecko Eye"}],"items_purged_floors":[13],"is_endless":false,"potions_floor_spawned":[1,5,8,19,21,27,29,30,39,41,48],"ascension_level":20}