{"gold_per_floor":[111,129,129,149,74,74,103,178,178,178,205,222,240,3,3,80,80,90,110,110,110,126,126,161,161,213,8,8,26,36,49,49,121,121,137,151,151,164,164,164,212,212,212,212,212,16,26,44,44,44],"floor_reached":50,"playtime":2176,"items_purged":["Pain","Strike_R","Strike_R"],"score":1044,"play_id":"18c9dec4-5264-43b6-9f73-66f0d658ac6d","local_time":"20191002102252","is_ascension_mode":true,"campfire_choices":[{"data":"Clothesline","floor":6,"key":"SMITH"},{"floor":15,"key":"DIG"},{"floor":23,"key":"DIG"},{"floor":25,"key":"REST"},{"floor":32,"key":"DIG"},{"floor":40,"key":"DIG"},{"floor":42,"key":"REST"},{"floor":44,"key":"REST"},{"floor":49,"key":"DIG"}],"neow_cost":"NONE","seed_source_timestamp":71270277252300,"circlet_count":0,"master_deck":["AscendersBane","Strike_R","Strike_R","Strike_R","Defend_R","Defend_R+1","Defend_R+1","Defend_R","Bash","Clothesline+1","Flame Barrier","Headbutt","Evolve","Demon Form","Metallicize","Shrug It Off","Feed","Heavy Blade","Limit Break","Immolate","Heavy Blade","Bloodletting+1","Metallicize","Writhe","Limit Break","True Grit","Flex+1"],"relics":["Burning Blood","Toy Ornithopter","WarpedTongs","War Paint","Shovel","Mercury Hourglass","Bag of Preparation","FossilizedHelix","Fusion Hammer","Potion Belt","Boot","Happy Flower","Blue Candle","Dream Catcher","Runic Pyramid","HornCleat","Champion Belt","Molten Egg 2","Red Skull"],"potions_floor_usage":[16,24,24,31,33,35,36,41,47,50],"damage_taken":[{"damage":0,"enemies":"2 Louse","floor":1,"turns":3},{"damage":0,"enemies":"Cultist","floor":2,"turns":4},{"damage":10,"enemies":"Small Slimes","floor":4,"turns":3},{"damage":36,"enemies":"3 Sentries","floor":7,"turns":12},{"damage":24,"enemies":"Gremlin Nob","floor":11,"turns":4},{"damage":0,"enemies":"Looter","floor":12,"turns":3},{"damage":5,"enemies":"Exordium Thugs","floor":13,"turns":4},{"damage":9,"enemies":"Hexaghost","floor":16,"turns":8},{"damage":15,"enemies":"Spheric Guardian","floor":18,"turns":8},{"damage":11,"enemies":"Shell Parasite","floor":19,"turns":5},{"damage":9,"enemies":"Centurion and Healer","floor":22,"turns":9},{"damage":41,"enemies":"Slavers","floor":24,"turns":5},{"damage":0,"enemies":"Snake Plant","floor":29,"turns":5},{"damage":24,"enemies":"Shelled Parasite and Fungi","floor":30,"turns":6},{"damage":13,"enemies":"Centurion and Healer","floor":31,"turns":6},{"damage":21,"enemies":"Champ","floor":33,"turns":10},{"damage":25,"enemies":"3 Darklings","floor":35,"turns":5},{"damage":0,"enemies":"Orb Walker","floor":36,"turns":3},{"damage":15,"enemies":"Maw","floor":38,"turns":7},{"damage":86,"enemies":"2 Orb Walkers","floor":41,"turns":6},{"damage":9,"enemies":"Jaw Worm Horde","floor":47,"turns":4},{"damage":24,"enemies":"Sphere and 2 Shapes","floor":48,"turns":9},{"damage":101,"enemies":"Awakened One","floor":50,"turns":9}],"seed_played":"-7774937282172987115","potions_obtained":[{"floor":7,"key":"SpeedPotion"},{"floor":11,"key":"PowerPotion"},{"floor":12,"key":"DuplicationPotion"},{"floor":16,"key":"Ancient Potion"},{"floor":24,"key":"Explosive Potion"},{"floor":29,"key":"BloodPotion"},{"floor":31,"key":"Fruit Juice"},{"floor":35,"key":"Regen Potion"},{"floor":38,"key":"Ancient Potion"},{"floor":41,"key":"EssenceOfSteel"},{"floor":47,"key":"GamblersBrew"}],"is_trial":false,"path_per_floor":["M","M","?","M","$","R","E","?","T","T","E","M","M","$","R","B",null,"M","M","$","?","M","R","E","R","T","$","?","M","M","M","R","B",null,"M","M","?","M","?","R","?","R","T","R","?","$","M","M","R","B"],"character_chosen":"IRONCLAD","items_purchased":["Metallicize","Shrug It Off","DuplicationPotion","Limit Break","True Grit"],"campfire_rested":3,"item_purchase_floors":[14,14,27,46,46],"current_hp_per_floor":[74,75,75,71,71,71,41,30,30,30,12,18,19,19,19,21,62,56,54,54,54,54,54,32,58,58,58,58,64,49,55,55,64,90,76,96,96,90,90,90,18,50,50,82,104,104,108,94,94,0],"gold":44,"neow_bonus":"RANDOM_COMMON_RELIC","is_prod":false,"is_daily":false,"chose_seed":false,"campfire_upgraded":1,"win_rate":0,"timestamp":1570036972,"path_taken":["M","M","?","M","?","R","E","?","T","?","E","?","M","$","R","BOSS","M","M","$","?","M","R","E","R","T","$","?","M","M","?","R","BOSS","M","M","?","M","?","R","?","R","T","R","?","$","M","M","R","BOSS"],"build_version":"2019-10-01","purchased_purges":3,"victory":false,"max_hp_per_floor":[75,75,75,75,75,75,75,75,75,75,75,75,75,75,75,75,75,78,81,81,81,84,84,87,87,87,87,87,87,90,98,98,98,98,98,102,102,105,105,105,108,108,108,108,108,108,111,115,115,115],"card_choices":[{"not_picked":["Twin Strike","Clash"],"picked":"Clothesline","floor":1},{"not_picked":["Wild Strike","Bloodletting"],"picked":"Flame Barrier","floor":2},{"not_picked":["Shockwave","Cleave","Ghostly Armor"],"picked":"SKIP","floor":4},{"not_picked":["Uppercut","Inflame"],"picked":"Headbutt","floor":7},{"not_picked":["Armaments","Clothesline","Hemokinesis"],"picked":"SKIP","floor":11},{"not_picked":["Warcry","Perfected Strike"],"picked":"Evolve","floor":12},{"not_picked":["Dropkick","Shrug It Off"],"picked":"Demon Form","floor":13},{"not_picked":["Juggernaut","Double Tap"],"picked":"Feed","floor":16},{"not_picked":["Warcry","Clothesline","Twin Strike"],"picked":"SKIP","floor":18},{"not_picked":["Thunderclap","Pommel Strike"],"picked":"Heavy Blade","floor":19},{"not_picked":["Corruption","Dropkick"],"picked":"Battle Trance","floor":22},{"not_picked":["Clash","Cleave","Sentinel"],"picked":"SKIP","floor":24},{"not_picked":["Perfected Strike+1","Thunderclap","Rupture"],"picked":"SKIP","floor":29},{"not_picked":["Perfected Strike","Sever Soul"],"picked":"Limit Break","floor":30},{"not_picked":["Fire Breathing","Carnage","Body Slam"],"picked":"SKIP","floor":31},{"not_picked":["Brutality","Fiend Fire"],"picked":"Immolate","floor":33},{"not_picked":["Fire Breathing","Clash","Sword Boomerang+1"],"picked":"SKIP","floor":35},{"not_picked":["Armaments","Ghostly Armor+1","Havoc"],"picked":"SKIP","floor":36},{"not_picked":["Cleave+1","Clash+1"],"picked":"Heavy Blade","floor":38},{"not_picked":["Shrug It Off","Rage"],"picked":"Bloodletting+1","floor":42},{"not_picked":["Rupture","Iron Wave+1"],"picked":"Metallicize","floor":44},{"not_picked":["Shockwave","Inflame+1","Wild Strike+1"],"picked":"SKIP","floor":47},{"not_picked":["Seeing Red","Havoc"],"picked":"Flex+1","floor":48}],"player_experience":1186258,"relics_obtained":[{"floor":7,"key":"War Paint"},{"floor":9,"key":"Shovel"},{"floor":10,"key":"Mercury Hourglass"},{"floor":11,"key":"Bag of Preparation"},{"floor":15,"key":"FossilizedHelix"},{"floor":23,"key":"Potion Belt"},{"floor":24,"key":"Boot"},{"floor":26,"key":"Happy Flower"},{"floor":32,"key":"Dream Catcher"},{"floor":40,"key":"HornCleat"},{"floor":41,"key":"Champion Belt"},{"floor":43,"key":"Molten Egg 2"},{"floor":49,"key":"Red Skull"}],"event_choices":[{"damage_healed":0,"gold_gain":0,"player_choice":"Rummage","damage_taken":0,"relics_obtained":["WarpedTongs"],"max_hp_gain":0,"max_hp_loss":0,"event_name":"Accursed Blacksmith","floor":3,"gold_loss":0,"cards_obtained":["Pain"]},{"damage_healed":0,"gold_gain":75,"player_choice":"Gather Gold","damage_taken":11,"max_hp_gain":0,"max_hp_loss":0,"event_name":"World of Goop","floor":8,"gold_loss":0},{"damage_healed":0,"gold_gain":0,"player_choice":"Ignored","damage_taken":0,"max_hp_gain":0,"max_hp_loss":0,"event_name":"The Mausoleum","floor":21,"gold_loss":0},{"damage_healed":0,"gold_gain":0,"player_choice":"Gave Potion","damage_taken":0,"relics_obtained":["Blue Candle"],"max_hp_gain":0,"max_hp_loss":0,"event_name":"WeMeetAgain","floor":28,"gold_loss":0},{"damage_healed":0,"gold_gain":0,"player_choice":"Ignored","damage_taken":0,"max_hp_gain":0,"max_hp_loss":0,"event_name":"Tomb of Lord Red Mask","floor":37,"gold_loss":0},{"cards_removed":["Battle Trance"],"damage_healed":0,"gold_gain":0,"player_choice":"Removed Skill","damage_taken":0,"max_hp_gain":0,"max_hp_loss":0,"event_name":"Falling","floor":39,"gold_loss":0},{"damage_healed":0,"gold_gain":0,"player_choice":"Fight","damage_taken":0,"max_hp_gain":0,"max_hp_loss":0,"event_name":"Mysterious Sphere","floor":41,"gold_loss":0},{"damage_healed":22,"gold_gain":0,"player_choice":"Writhe","damage_taken":0,"max_hp_gain":0,"max_hp_loss":0,"event_name":"Winding Halls","floor":45,"gold_loss":0,"cards_obtained":["Writhe"]}],"is_beta":true,"boss_relics":[{"not_picked":["Velvet Choker","Astrolabe"],"picked":"Fusion Hammer"},{"not_picked":["Philosopher\u0027s Stone","SacredBark"],"picked":"Runic Pyramid"}],"items_purged_floors":[5,14,27],"is_endless":false,"potions_floor_spawned":[7,11,12,13,16,19,24,29,31,35,38,41,47],"killed_by":"Awakened One","ascension_level":20}