{"gold_per_floor":[115,190,209,220,220,248,248,273,273,289,289],"floor_reached":11,"playtime":476,"items_purged":[],"score":104,"play_id":"be6f89e5-d2da-4399-ad55-3b10ac7c3cc6","local_time":"20190923224354","is_ascension_mode":true,"campfire_choices":[{"floor":7,"key":"REST"}],"neow_cost":"NONE","seed_source_timestamp":312672555896200,"circlet_count":0,"master_deck":["Strike_G","Strike_G","Strike_G","Strike_G","Strike_G","Defend_G","Defend_G","Defend_G","Defend_G","Defend_G","Survivor","Neutralize","Endless Agony","Finisher","Predator","Neutralize","Underhanded Strike","Expertise","Cloak And Dagger","Cloak And Dagger"],"relics":["Ring of the Snake","NeowsBlessing","Blue Candle","Tough Bandages","Torii"],"potions_floor_usage":[6,11],"damage_taken":[{"damage":0,"enemies":"Jaw Worm","floor":1,"turns":1},{"damage":0,"enemies":"Cultist","floor":3,"turns":1},{"damage":0,"enemies":"Small Slimes","floor":4,"turns":1},{"damage":22,"enemies":"Lagavulin","floor":6,"turns":5},{"damage":20,"enemies":"Gremlin Nob","floor":8,"turns":4},{"damage":30,"enemies":"Gremlin Gang","floor":10,"turns":5},{"damage":12,"enemies":"Large Slime","floor":11,"turns":1}],"seed_played":"-7321838592056165131","potions_obtained":[{"floor":1,"key":"Energy Potion"},{"floor":10,"key":"SteroidPotion"}],"is_trial":false,"path_per_floor":["M","?","M","M","?","E","R","E","T","M","M"],"character_chosen":"THE_SILENT","items_purchased":[],"campfire_rested":1,"item_purchase_floors":[],"current_hp_per_floor":[70,63,63,63,63,41,62,42,42,12,0],"gold":289,"neow_bonus":"THREE_ENEMY_KILL","is_prod":false,"is_daily":false,"chose_seed":false,"campfire_upgraded":0,"win_rate":0,"timestamp":1569271434,"path_taken":["M","?","M","?","?","E","R","E","T","M","M"],"build_version":"2019-07-17","purchased_purges":0,"victory":false,"max_hp_per_floor":[70,70,70,70,70,70,70,70,70,70,70],"card_choices":[{"not_picked":["Concentrate","Prepared"],"picked":"Endless Agony","floor":1},{"not_picked":["Backflip","Deflect"],"picked":"Finisher","floor":3},{"not_picked":["Slice","Deflect"],"picked":"Predator","floor":4},{"not_picked":["Dash","Crippling Poison"],"picked":"Expertise","floor":6},{"not_picked":["Infinite Blades","Quick Slash"],"picked":"Cloak And Dagger","floor":8},{"not_picked":["Heel Hook","Eviscerate"],"picked":"Cloak And Dagger","floor":10}],"player_experience":234792,"relics_obtained":[{"floor":6,"key":"Blue Candle"},{"floor":8,"key":"Tough Bandages"},{"floor":9,"key":"Torii"}],"event_choices":[{"damage_healed":0,"gold_gain":75,"player_choice":"Touch","damage_taken":7,"max_hp_gain":0,"max_hp_loss":0,"event_name":"FaceTrader","floor":2,"gold_loss":0},{"damage_healed":0,"gold_gain":0,"player_choice":"2 cards matched","damage_taken":0,"max_hp_gain":0,"max_hp_loss":0,"event_name":"Match and Keep!","floor":5,"gold_loss":0,"cards_obtained":["Neutralize","Underhanded Strike"]}],"is_beta":false,"boss_relics":[],"items_purged_floors":[],"is_endless":false,"potions_floor_spawned":[1,10],"killed_by":"Large Slime","ascension_level":5}