{"gold_per_floor":[117,117,117,131,0,34,45,55,55,55,74,92,17,34,34,133,133,148,73,90,90,100,100,113,125,125,136,155,169,179,104,104,199,199,211,211,211,231,231],"floor_reached":39,"playtime":5386,"items_purged":["Strike_R"],"score":466,"play_id":"b4518ffc-96be-4060-835c-e797a139c537","local_time":"20191010074128","is_ascension_mode":false,"campfire_choices":[{"data":"Entrench","floor":10,"key":"SMITH"},{"floor":15,"key":"REST"},{"data":"Armaments","floor":23,"key":"SMITH"},{"data":"Armaments","floor":32,"key":"SMITH"}],"neow_cost":"","seed_source_timestamp":2098300056423778,"circlet_count":0,"master_deck":["Strike_R","Strike_R","Defend_R","Defend_R","Bash+1","Uppercut+1","Iron Wave","Battle Trance","Pommel Strike","Warcry","Carnage","Twin Strike","Entrench+1","Twin Strike","Ghostly Armor","Armaments+1","Anger","Blood for Blood","Juggernaut","Dark Embrace+1","Barricade+1","Berserk+1","Armaments+1","Body Slam+1","Ghostly","Ghostly","Ghostly","Ghostly","Ghostly","True Grit+1","Rampage+1","Disarm","Entrench","Shrug It Off","Shrug It Off","Body Slam","Juggernaut","Armaments","Madness","Madness","Burning Pact+1"],"relics":["Burning Blood","Pocketwatch","Peace Pipe","Astrolabe","Meat on the Bone","SlaversCollar","Darkstone Periapt"],"potions_floor_usage":[6,12,16,25,27,27,33,39,39],"damage_taken":[{"damage":4,"enemies":"Cultist","floor":1,"turns":4},{"damage":8,"enemies":"Jaw Worm","floor":4,"turns":3},{"damage":39,"enemies":"3 Sentries","floor":6,"turns":9},{"damage":1,"enemies":"2 Louse","floor":7,"turns":2},{"damage":6,"enemies":"2 Fungi Beasts","floor":8,"turns":3},{"damage":26,"enemies":"Large Slime","floor":11,"turns":4},{"damage":13,"enemies":"Exordium Thugs","floor":12,"turns":3},{"damage":7,"enemies":"Looter","floor":14,"turns":2},{"damage":32,"enemies":"The Guardian","floor":16,"turns":13},{"damage":18,"enemies":"2 Thieves","floor":18,"turns":5},{"damage":16,"enemies":"Chosen","floor":20,"turns":6},{"damage":34,"enemies":"Sentry and Sphere","floor":22,"turns":9},{"damage":11,"enemies":"Cultist and Chosen","floor":24,"turns":7},{"damage":4,"enemies":"Shelled Parasite and Fungi","floor":25,"turns":8},{"damage":7,"enemies":"Chosen and Byrds","floor":27,"turns":9},{"damage":14,"enemies":"Sentry and Sphere","floor":28,"turns":10},{"damage":18,"enemies":"Centurion and Healer","floor":29,"turns":10},{"damage":18,"enemies":"Cultist and Chosen","floor":30,"turns":10},{"damage":12,"enemies":"Champ","floor":33,"turns":9},{"damage":7,"enemies":"3 Shapes","floor":35,"turns":7},{"damage":8,"enemies":"Orb Walker","floor":38,"turns":6},{"damage":39,"enemies":"2 Orb Walkers","floor":39,"turns":2}],"seed_played":"2763492657123628130","potions_obtained":[{"floor":4,"key":"Weak Potion"},{"floor":6,"key":"DuplicationPotion"},{"floor":8,"key":"BloodPotion"},{"floor":11,"key":"Explosive Potion"},{"floor":16,"key":"SkillPotion"},{"floor":20,"key":"Dexterity Potion"},{"floor":27,"key":"Block Potion"},{"floor":28,"key":"Regen Potion"},{"floor":33,"key":"Energy Potion"},{"floor":35,"key":"Ancient Potion"}],"is_trial":false,"path_per_floor":["M","?","?","M","$","E","M","M","T","R","M","M","$","M","R","B",null,"M","?","M","?","M","R","M","M","T","M","M","M","M","$","R","B",null,"M","?","T","M","?"],"character_chosen":"IRONCLAD","items_purchased":["Battle Trance","Pommel Strike","Warcry","Armaments","Anger"],"campfire_rested":1,"item_purchase_floors":[5,5,5,13,13],"current_hp_per_floor":[80,80,80,78,78,45,50,50,50,50,30,23,23,22,46,40,80,68,68,58,40,12,12,7,9,9,20,24,24,24,24,24,33,40,39,34,34,32,0],"gold":231,"neow_bonus":"","is_prod":false,"is_daily":false,"chose_seed":false,"campfire_upgraded":3,"win_rate":0.0,"timestamp":1570689688,"path_taken":["M","?","?","M","$","E","M","M","T","R","M","M","$","?","R","BOSS","M","?","M","?","M","R","M","M","T","M","M","M","M","$","R","BOSS","M","?","?","M","?"],"build_version":"2019-09-09v2","purchased_purges":1,"victory":false,"max_hp_per_floor":[80,80,80,80,80,80,80,80,80,80,80,80,80,80,80,80,80,80,80,80,40,40,40,40,40,40,40,40,40,40,40,40,40,40,40,40,40,40,40],"card_choices":[{"not_picked":["Warcry","Headbutt"],"picked":"Uppercut","floor":1},{"not_picked":["Entrench","Twin Strike"],"picked":"Iron Wave","floor":4},{"not_picked":["Perfected Strike","Disarm"],"picked":"Carnage","floor":6},{"not_picked":["Flex","Flame Barrier"],"picked":"Twin Strike","floor":7},{"not_picked":["Sword Boomerang","Combust"],"picked":"Entrench","floor":8},{"not_picked":["Berserk","Burning Pact"],"picked":"Twin Strike","floor":11},{"not_picked":["Power Through","True Grit"],"picked":"Ghostly Armor","floor":12},{"not_picked":["Thunderclap","Sword Boomerang"],"picked":"Blood for Blood","floor":14},{"not_picked":["Impervious","Fiend Fire"],"picked":"Juggernaut","floor":16},{"not_picked":["Anger","Pommel Strike"],"picked":"Armaments","floor":18},{"not_picked":["Carnage+1","Armaments"],"picked":"Body Slam+1","floor":20},{"not_picked":["Flex","Twin Strike"],"picked":"True Grit+1","floor":22},{"not_picked":["Thunderclap","Fire Breathing+1"],"picked":"Rampage+1","floor":24},{"not_picked":["Blood for Blood","Flex"],"picked":"Disarm","floor":25},{"not_picked":["Iron Wave","Clothesline"],"picked":"Entrench","floor":27},{"not_picked":["Thunderclap","Uppercut"],"picked":"Shrug It Off","floor":28},{"not_picked":["Cleave","Twin Strike"],"picked":"Shrug It Off","floor":29},{"not_picked":["Anger","Dual Wield"],"picked":"Body Slam","floor":30},{"not_picked":["Feed","Bludgeon"],"picked":"Juggernaut","floor":33},{"not_picked":["Battle Trance","Twin Strike+1"],"picked":"Armaments","floor":35},{"not_picked":["Twin Strike","Perfected Strike+1"],"picked":"Burning Pact+1","floor":38}],"player_experience":0,"relics_obtained":[{"floor":6,"key":"Pocketwatch"},{"floor":9,"key":"Peace Pipe"},{"floor":26,"key":"Meat on the Bone"},{"floor":37,"key":"Darkstone Periapt"}],"event_choices":[{"damage_healed":0,"gold_gain":0,"player_choice":"Grow","damage_taken":0,"max_hp_gain":0,"max_hp_loss":0,"event_name":"Living Wall","floor":2,"gold_loss":0,"cards_upgraded":["Bash"]},{"damage_healed":0,"gold_gain":0,"player_choice":"Forge","damage_taken":0,"max_hp_gain":0,"max_hp_loss":0,"event_name":"Accursed Blacksmith","floor":3,"gold_loss":0,"cards_upgraded":["Uppercut"]},{"cards_removed":["Strike_R"],"damage_healed":0,"gold_gain":0,"player_choice":"Gave Gold","damage_taken":0,"max_hp_gain":0,"max_hp_loss":0,"event_name":"Beggar","floor":19,"gold_loss":75},{"damage_healed":0,"gold_gain":0,"player_choice":"Became a Ghost","damage_taken":0,"max_hp_gain":0,"max_hp_loss":40,"event_name":"Ghosts","floor":21,"gold_loss":0,"cards_obtained":["Ghostly","Ghostly","Ghostly","Ghostly","Ghostly"]},{"damage_healed":0,"gold_gain":0,"player_choice":"Embrace Madness","damage_taken":5,"max_hp_gain":0,"max_hp_loss":0,"event_name":"Winding Halls","floor":36,"gold_loss":0,"cards_obtained":["Madness","Madness"]},{"damage_healed":0,"gold_gain":0,"player_choice":"Fight","damage_taken":0,"max_hp_gain":0,"max_hp_loss":0,"event_name":"Mysterious Sphere","floor":39,"gold_loss":0}],"is_beta":true,"boss_relics":[{"not_picked":["SacredBark","Ectoplasm"],"picked":"Astrolabe"},{"not_picked":["Runic Pyramid","Coffee Dripper"],"picked":"SlaversCollar"}],"items_purged_floors":[31],"is_endless":false,"potions_floor_spawned":[4,6,8,11,16,20,27,28,33,35],"killed_by":"2 Orb Walkers","ascension_level":0}