{"gold_per_floor":[119,137,137,187,45,84,84,120,120,69,85,120,145,145,145,238,238,256,256,256,256,95,130,130,171,224,260,260,37,60,4,4,4],"floor_reached":33,"playtime":1355,"items_purged":[],"score":634,"play_id":"dc4d17a2-c459-4a02-9217-973efdafb11f","local_time":"20191004152516","is_ascension_mode":true,"campfire_choices":[{"floor":7.0,"key":"REST"},{"data":"Inflame","floor":15.0,"key":"SMITH"},{"floor":24.0,"key":"REST"},{"data":"Brutality","floor":28.0,"key":"SMITH"},{"data":"Berserk","floor":32,"key":"SMITH"}],"neow_cost":"NONE","seed_source_timestamp":262954553040100,"circlet_count":0,"master_deck":["AscendersBane","Strike_R","Strike_R","Strike_R","Strike_R","Strike_R","Defend_R","Defend_R","Defend_R","Defend_R","Bash","Headbutt","Inflame+1","Fiend Fire","Ghostly Armor","Shrug It Off","Heavy Blade","Sword Boomerang","Berserk+1","Feel No Pain","Brutality+1","True Grit","Burning Pact","Evolve","Corruption","Fiend Fire","Shrug It Off+1","True Grit+1"],"special_seed":0,"relics":["Burning Blood","Blood Vial","Golden Idol","Strawberry","Meat on the Bone","MealTicket","Regal Pillow","SlaversCollar","Enchiridion","Pen Nib","Orrery","Charon\u0027s Ashes","Toxic Egg 2","Bag of Marbles","InkBottle","Lee\u0027s Waffle"],"potions_floor_usage":[],"damage_taken":[{"damage":1.0,"enemies":"Small Slimes","floor":1.0,"turns":4.0},{"damage":2.0,"enemies":"2 Louse","floor":2.0,"turns":4.0},{"damage":40.0,"enemies":"Lagavulin","floor":6.0,"turns":7.0},{"damage":32.0,"enemies":"Gremlin Nob","floor":8.0,"turns":4.0},{"damage":0.0,"enemies":"Cultist","floor":11.0,"turns":3.0},{"damage":20.0,"enemies":"3 Sentries","floor":12.0,"turns":8.0},{"damage":22.0,"enemies":"Large Slime","floor":13.0,"turns":6.0},{"damage":35.0,"enemies":"The Guardian","floor":16.0,"turns":17.0},{"damage":37.0,"enemies":"3 Byrds","floor":18.0,"turns":8.0},{"damage":43.0,"enemies":"Slavers","floor":23.0,"turns":6.0},{"damage":61.0,"enemies":"Book of Stabbing","floor":25.0,"turns":5.0},{"damage":20.0,"enemies":"Slavers","floor":27.0,"turns":5.0},{"damage":2,"enemies":"2 Thieves","floor":30,"turns":3},{"damage":102,"enemies":"Automaton","floor":33,"turns":12}],"seed_played":"-7704134336773160244","potions_obtained":[{"floor":6.0,"key":"FearPotion"},{"floor":11.0,"key":"AttackPotion"},{"floor":13.0,"key":"AttackPotion"},{"floor":16.0,"key":"EssenceOfSteel"},{"floor":18.0,"key":"EssenceOfSteel"},{"floor":25.0,"key":"ElixirPotion"}],"is_trial":false,"path_per_floor":["M","M","?","?","$","E","R","E","T","$","M","E","M","?","R","B",null,"M","?","?","T","$","E","R","E","T","E","R","$","M","$","R","B"],"character_chosen":"IRONCLAD","items_purchased":["BloodPotion","Inflame","Shrug It Off","Orrery","Shrug It Off+1","Lee\u0027s Waffle","True Grit+1"],"campfire_rested":2,"item_purchase_floors":[5,5,10,22,29,29,31],"current_hp_per_floor":[75,75,49,42,42,32,56,32,32,47,55,55,53,58,58,43,76,59,59,38,38,53,30,71,30,30,30,30,94,94,94,94,0],"gold":4,"neow_bonus":"RANDOM_COMMON_RELIC","is_prod":false,"is_daily":false,"chose_seed":false,"campfire_upgraded":3,"win_rate":0,"timestamp":1570227916,"path_taken":["M","M","?","?","$","E","R","E","T","$","?","E","M","?","R","BOSS","M","?","?","?","$","E","R","E","T","E","R","$","?","?","R","BOSS"],"build_version":"2019-10-03","purchased_purges":0,"victory":false,"max_hp_per_floor":[75,75,75,75,75,82,82,82,82,82,82,82,82,87,87,87,87,87,87,87,87,87,87,87,87,87,87,87,94,94,94,94,94],"card_choices":[{"not_picked":["Twin Strike","Iron Wave","Blood for Blood"],"picked":"SKIP","floor":1.0},{"not_picked":["Whirlwind","Clothesline"],"picked":"Headbutt","floor":2.0},{"not_picked":["Thunderclap","Armaments"],"picked":"Fiend Fire","floor":6.0},{"not_picked":["Clash","Body Slam"],"picked":"Ghostly Armor","floor":8.0},{"not_picked":["Hemokinesis","Perfected Strike"],"picked":"Heavy Blade","floor":11.0},{"not_picked":["Clothesline","Body Slam"],"picked":"Sword Boomerang","floor":12.0},{"not_picked":["Whirlwind","Sword Boomerang","Twin Strike"],"picked":"SKIP","floor":13.0},{"not_picked":["Barricade","Bludgeon"],"picked":"Berserk","floor":16.0},{"not_picked":["Clothesline","Pommel Strike","Sword Boomerang"],"picked":"SKIP","floor":18.0},{"not_picked":["Corruption","Second Wind"],"picked":"Feel No Pain","floor":22.0},{"not_picked":["Anger+1","Havoc"],"picked":"Brutality","floor":22.0},{"not_picked":["Flame Barrier","Wild Strike"],"picked":"True Grit","floor":22.0},{"not_picked":["Searing Blow+1","Dropkick+1"],"picked":"Burning Pact","floor":22.0},{"not_picked":["Fire Breathing","Twin Strike"],"picked":"Evolve","floor":23.0},{"not_picked":["Double Tap","Armaments"],"picked":"Corruption","floor":25.0},{"not_picked":["Uppercut","Perfected Strike"],"picked":"Fiend Fire","floor":27.0},{"not_picked":["Hemokinesis","Clothesline","Pummel"],"picked":"SKIP","floor":30}],"player_experience":1245191,"relics_obtained":[{"floor":6.0,"key":"Strawberry"},{"floor":8.0,"key":"Meat on the Bone"},{"floor":9.0,"key":"MealTicket"},{"floor":12.0,"key":"Regal Pillow"},{"floor":20.0,"key":"Enchiridion"},{"floor":21.0,"key":"Pen Nib"},{"floor":23.0,"key":"Charon\u0027s Ashes"},{"floor":25.0,"key":"Toxic Egg 2"},{"floor":26.0,"key":"Bag of Marbles"},{"floor":27.0,"key":"InkBottle"}],"event_choices":[{"damage_healed":0.0,"max_hp_gain":0.0,"max_hp_loss":0.0,"gold_gain":0.0,"event_name":"Golden Idol","player_choice":"Take Damage","floor":3.0,"gold_loss":0.0,"damage_taken":26.0,"relics_obtained":["Golden Idol"]},{"damage_healed":0.0,"max_hp_gain":0.0,"max_hp_loss":0.0,"gold_gain":50.0,"event_name":"FaceTrader","player_choice":"Touch","floor":4.0,"gold_loss":0.0,"damage_taken":7.0},{"damage_healed":0.0,"max_hp_gain":5.0,"max_hp_loss":0.0,"gold_gain":0.0,"event_name":"Big Fish","player_choice":"Donut","floor":14.0,"gold_loss":0.0,"damage_taken":0.0},{"damage_healed":0.0,"max_hp_gain":0.0,"max_hp_loss":0.0,"gold_gain":0.0,"event_name":"The Mausoleum","player_choice":"Ignored","floor":19.0,"gold_loss":0.0,"damage_taken":0.0},{"damage_healed":0.0,"max_hp_gain":0.0,"max_hp_loss":0.0,"gold_gain":0.0,"event_name":"Cursed Tome","player_choice":"Obtained Book","floor":20.0,"gold_loss":0.0,"damage_taken":21.0}],"is_beta":true,"boss_relics":[{"not_picked":["Astrolabe","SacredBark"],"picked":"SlaversCollar"}],"items_purged_floors":[],"is_endless":false,"potions_floor_spawned":[6,11,13,16,18,25],"killed_by":"Automaton","ascension_level":20}