{"gold_per_floor":[115,115,115,65,84,111,111,38,64,81,96,110,136,152,152,256,256,275,285,135,135,135,135,135],"floor_reached":24,"playtime":1205,"items_purged":["Defend_B"],"score":371,"play_id":"3af76f69-a28a-4536-9bdb-e7e4b6ee4cca","local_time":"20190927215310","is_ascension_mode":true,"campfire_choices":[{"floor":7,"key":"REST"},{"data":"Defragment","floor":15,"key":"SMITH"},{"data":"Defragment","floor":23,"key":"SMITH"}],"neow_cost":"NONE","seed_source_timestamp":654494984743000,"circlet_count":0,"master_deck":["Strike_B","Defend_B","Defend_B","Defend_B","Zap","Dualcast","Compile Driver","Doom and Gloom","Echo Form","Coolheaded","Rainbow","Defragment+1","Cold Snap","Core Surge","Leap","Defragment+1"],"relics":["Cracked Core","Oddly Smooth Stone","Singing Bowl","Vajra","Dream Catcher","Bag of Preparation","Empty Cage"],"potions_floor_usage":[6,13,16,24],"damage_taken":[{"damage":7,"enemies":"Jaw Worm","floor":1,"turns":3},{"damage":0,"enemies":"2 Louse","floor":5,"turns":3},{"damage":34,"enemies":"3 Sentries","floor":6,"turns":6},{"damage":0,"enemies":"Cultist","floor":10,"turns":3},{"damage":3,"enemies":"Looter","floor":11,"turns":4},{"damage":0,"enemies":"Large Slime","floor":12,"turns":3},{"damage":9,"enemies":"Lagavulin","floor":13,"turns":6},{"damage":0,"enemies":"2 Fungi Beasts","floor":14,"turns":3},{"damage":0,"enemies":"Slime Boss","floor":16,"turns":6},{"damage":16,"enemies":"3 Byrds","floor":18,"turns":4},{"damage":0,"enemies":"Chosen","floor":19,"turns":6},{"damage":71,"enemies":"Gremlin Leader","floor":24,"turns":5}],"seed_played":"-8402129300300343864","potions_obtained":[{"floor":1,"key":"SteroidPotion"},{"floor":6,"key":"Energy Potion"},{"floor":10,"key":"FocusPotion"},{"floor":12,"key":"Dexterity Potion"},{"floor":14,"key":"SpeedPotion"},{"floor":19,"key":"Regen Potion"}],"is_trial":false,"path_per_floor":["M","?","T","?","M","E","R","$","T","M","M","M","E","M","R","B",null,"M","M","$","?","?","R","E"],"character_chosen":"DEFECT","items_purchased":["Echo Form","Defragment"],"campfire_rested":1,"item_purchase_floors":[8,20],"current_hp_per_floor":[68,61,61,61,63,29,54,54,54,54,51,51,42,44,44,44,76,60,62,62,62,45,45,0],"gold":135,"neow_bonus":"TEN_PERCENT_HP_BONUS","is_prod":false,"is_daily":false,"chose_seed":false,"campfire_upgraded":2,"win_rate":0,"timestamp":1569613990,"path_taken":["M","?","?","?","M","E","R","?","T","?","M","M","E","?","R","BOSS","M","M","$","?","?","R","E"],"build_version":"2019-07-17","purchased_purges":1,"victory":false,"max_hp_per_floor":[82,82,82,82,84,84,84,84,84,84,84,84,84,86,86,86,86,86,88,88,88,93,93,93],"card_choices":[{"not_picked":["Skim","Conserve Battery"],"picked":"Compile Driver","floor":1},{"not_picked":["Redo","Compile Driver","Conserve Battery"],"picked":"Singing Bowl","floor":5},{"not_picked":["Reprogram","Redo"],"picked":"Doom and Gloom","floor":6},{"not_picked":["Sunder","Redo"],"picked":"Coolheaded","floor":10},{"not_picked":["Coolheaded","Double Energy"],"picked":"Rainbow","floor":11},{"not_picked":["Rebound","Leap"],"picked":"Defragment","floor":12},{"not_picked":["Compile Driver","Skim"],"picked":"Cold Snap","floor":13},{"not_picked":["Hello World","Compile Driver","Steam Power"],"picked":"Singing Bowl","floor":14},{"not_picked":["Hyperbeam","Buffer"],"picked":"Core Surge","floor":16},{"not_picked":["Storm","Barrage"],"picked":"Leap","floor":18},{"not_picked":["Steam Power","Compile Driver","Scrape"],"picked":"Singing Bowl","floor":19}],"player_experience":264078,"relics_obtained":[{"floor":3,"key":"Singing Bowl"},{"floor":6,"key":"Vajra"},{"floor":9,"key":"Dream Catcher"},{"floor":13,"key":"Bag of Preparation"}],"event_choices":[{"damage_healed":0,"gold_gain":0,"player_choice":"Success","damage_taken":7,"relics_obtained":["Oddly Smooth Stone"],"max_hp_gain":0,"max_hp_loss":0,"event_name":"Scrap Ooze","floor":2,"gold_loss":0},{"cards_removed":["Strike_B"],"damage_healed":0,"gold_gain":0,"player_choice":"Card Removal","damage_taken":0,"max_hp_gain":0,"max_hp_loss":0,"event_name":"The Cleric","floor":4,"gold_loss":50},{"damage_healed":0,"gold_gain":0,"player_choice":"Ignored","damage_taken":0,"max_hp_gain":0,"max_hp_loss":0,"event_name":"The Mausoleum","floor":21,"gold_loss":0},{"damage_healed":0,"gold_gain":0,"player_choice":"Shed Blood","damage_taken":22,"max_hp_gain":5,"max_hp_loss":0,"event_name":"Forgotten Altar","floor":22,"gold_loss":0}],"is_beta":false,"boss_relics":[{"not_picked":["Calling Bell","Orrery"],"picked":"Empty Cage"}],"items_purged_floors":[20],"is_endless":false,"potions_floor_spawned":[1,6,10,12,14,19],"killed_by":"Gremlin Leader","ascension_level":7}