{"gold_per_floor":[115,129,149,160,160,30,62,79,79,79,109,127,138,158,158,261,261,275,200,26,26,26,26,52,52,101,101,16,16,0,14,14,117,117,127,127,127,138,156,156,156],"floor_reached":41,"playtime":3063,"items_purged":[],"score":614,"play_id":"bd191b13-05ad-4f71-879b-20662d5b235e","local_time":"20190727200421","is_ascension_mode":true,"campfire_choices":[{"floor":10.0,"key":"REST"},{"floor":15.0,"key":"REST"},{"data":"Apotheosis","floor":23.0,"key":"SMITH"},{"data":"Noxious Fumes","floor":32.0,"key":"SMITH"},{"data":"Ghostly","floor":40.0,"key":"SMITH"}],"neow_cost":"NONE","seed_source_timestamp":0,"circlet_count":0,"master_deck":["Defend_G","Defend_G","Defend_G","Defend_G+1","Defend_G+1","Strike_G","Strike_G+1","Strike_G+1","Survivor","Neutralize+1","Deflect","Escape Plan","PiercingWail","Noxious Fumes+1","PiercingWail","Escape Plan","Footwork+1","Apotheosis+1","Footwork+1","Ghostly","Ghostly","Ghostly","Ghostly","Ghostly+1","Deflect","Acrobatics","Malaise","Decay","Caltrops+1"],"special_seed":0,"relics":["Ring of the Snake","Whetstone","Frozen Egg 2","War Paint","Coffee Dripper","Girya","Oddly Smooth Stone","Matryoshka","Philosopher\u0027s Stone"],"potions_floor_usage":[],"damage_taken":[{"damage":12.0,"enemies":"Small Slimes","floor":1.0,"turns":5.0},{"damage":3.0,"enemies":"Cultist","floor":2.0,"turns":4.0},{"damage":1.0,"enemies":"2 Louse","floor":3.0,"turns":5.0},{"damage":1.0,"enemies":"Blue Slaver","floor":4.0,"turns":5.0},{"damage":10.0,"enemies":"Lagavulin","floor":7.0,"turns":7.0},{"damage":1.0,"enemies":"3 Louse","floor":8.0,"turns":4.0},{"damage":42.0,"enemies":"Gremlin Nob","floor":11.0,"turns":6.0},{"damage":4.0,"enemies":"Large Slime","floor":12.0,"turns":7.0},{"damage":3.0,"enemies":"2 Fungi Beasts","floor":13.0,"turns":5.0},{"damage":0.0,"enemies":"Red Slaver","floor":14.0,"turns":5.0},{"damage":16.0,"enemies":"Hexaghost","floor":16.0,"turns":16.0},{"damage":1.0,"enemies":"3 Byrds","floor":18.0,"turns":8.0},{"damage":2.0,"enemies":"Colosseum Slavers","floor":22.0,"turns":8.0},{"damage":28.0,"enemies":"Slavers","floor":24.0,"turns":7.0},{"damage":2.0,"enemies":"2 Thieves","floor":30.0,"turns":5.0},{"damage":1.0,"enemies":"Snake Plant","floor":31.0,"turns":7.0},{"damage":10.0,"enemies":"Champ","floor":33.0,"turns":27.0},{"damage":0.0,"enemies":"3 Shapes","floor":35.0,"turns":9.0},{"damage":0.0,"enemies":"Orb Walker","floor":38.0,"turns":8.0},{"damage":2.0,"enemies":"Spire Growth","floor":39.0,"turns":10.0},{"damage":0,"enemies":"Jaw Worm Horde","floor":41,"turns":1}],"seed_played":"3972255817709101094","potions_obtained":[{"floor":1.0,"key":"Strength Potion"},{"floor":3.0,"key":"AttackPotion"},{"floor":7.0,"key":"Weak Potion"},{"floor":11.0,"key":"Ancient Potion"},{"floor":13.0,"key":"GamblersBrew"},{"floor":31.0,"key":"Dexterity Potion"},{"floor":33.0,"key":"SteroidPotion"},{"floor":35.0,"key":"Strength Potion"}],"is_trial":false,"path_per_floor":["M","M","M","M","?","$","E","M","T","R","E","M","M","M","R","B",null,"M","?","$","?","?","R","E","$","T","?","?","?","M","M","R","B",null,"M","?","?","M","M","R","M"],"character_chosen":"THE_SILENT","items_purchased":["Noxious Fumes","Dexterity Potion","Apotheosis"],"campfire_rested":2,"item_purchase_floors":[6,6,20],"current_hp_per_floor":[58,55,54,53,53,53,43,42,42,65,23,19,16,16,39,23,64,63,63,63,49,47,47,19,19,19,19,19,19,17,16,16,6,32,32,32,32,32,30,30,30],"gold":156,"neow_bonus":"TEN_PERCENT_HP_BONUS","is_prod":false,"is_daily":false,"chose_seed":false,"campfire_upgraded":3,"win_rate":0,"timestamp":1564283061,"path_taken":["M","M","M","M","?","$","E","M","T","R","E","M","M","?","R","BOSS","M","?","$","?","?","R","E","$","T","?","?","?","M","M","R","BOSS","M","?","?","M","M","R","?"],"build_version":"2019-07-17","purchased_purges":0,"victory":false,"max_hp_per_floor":[77,77,77,77,77,77,77,77,77,77,77,77,77,77,77,77,77,77,77,77,82,82,82,82,82,82,82,82,41,41,41,41,41,41,41,41,41,41,41,41,41],"card_choices":[{"not_picked":["Well Laid Plans","Calculated Gamble","Flying Knee"],"picked":"SKIP","floor":1.0},{"not_picked":["Flechettes","Bane"],"picked":"Deflect","floor":2.0},{"not_picked":["Poisoned Stab","Terror"],"picked":"Escape Plan","floor":3.0},{"not_picked":["Acrobatics","Calculated Gamble"],"picked":"PiercingWail","floor":4.0},{"not_picked":["Calculated Gamble","Underhanded Strike"],"picked":"PiercingWail","floor":7.0},{"not_picked":["Dagger Throw","Skewer","Dagger Spray"],"picked":"SKIP","floor":8.0},{"not_picked":["Glass Knife","Outmaneuver"],"picked":"Escape Plan","floor":11.0},{"not_picked":["Deadly Poison","Flying Knee","Acrobatics"],"picked":"SKIP","floor":12.0},{"not_picked":["Underhanded Strike","Bane","Envenom+1"],"picked":"SKIP","floor":13.0},{"not_picked":["Dagger Spray","Dash"],"picked":"Footwork+1","floor":14.0},{"not_picked":["Quick Slash+1","Sucker Punch","Cloak And Dagger"],"picked":"SKIP","floor":18.0},{"not_picked":["Flying Knee","Flechettes"],"picked":"Footwork+1","floor":24.0},{"not_picked":["Choke","Terror"],"picked":"Deflect","floor":30.0},{"not_picked":["Deadly Poison","Skewer+1"],"picked":"Acrobatics","floor":31.0},{"not_picked":["Venomology","Bullet Time"],"picked":"Malaise","floor":33.0},{"not_picked":["Poisoned Stab+1","Finisher+1","Bane+1"],"picked":"SKIP","floor":35.0},{"not_picked":["Flying Knee","Blade Dance+1"],"picked":"Caltrops+1","floor":38.0},{"not_picked":["Slice+1","Eviscerate+1","PiercingWail"],"picked":"SKIP","floor":39.0}],"player_experience":114937,"relics_obtained":[{"floor":7.0,"key":"Whetstone"},{"floor":9.0,"key":"Frozen Egg 2"},{"floor":11.0,"key":"War Paint"},{"floor":24.0,"key":"Girya"},{"floor":26.0,"key":"Oddly Smooth Stone"}],"event_choices":[{"damage_healed":0.0,"max_hp_gain":0.0,"max_hp_loss":0.0,"gold_gain":0.0,"event_name":"Upgrade Shrine","player_choice":"Upgraded","floor":5.0,"gold_loss":0.0,"damage_taken":0.0,"cards_upgraded":["Neutralize"]},{"cards_removed":["Strike_G"],"damage_healed":0.0,"max_hp_gain":0.0,"max_hp_loss":0.0,"gold_gain":0.0,"event_name":"Beggar","player_choice":"Gave Gold","floor":19.0,"gold_loss":75.0,"damage_taken":0.0},{"damage_healed":0.0,"max_hp_gain":5.0,"max_hp_loss":0.0,"gold_gain":0.0,"event_name":"Forgotten Altar","player_choice":"Shed Blood","floor":21.0,"gold_loss":0.0,"damage_taken":19.0},{"damage_healed":0.0,"max_hp_gain":0.0,"max_hp_loss":0.0,"gold_gain":0.0,"event_name":"Colosseum","player_choice":"Fight","floor":22.0,"gold_loss":0.0,"damage_taken":0.0},{"damage_healed":0.0,"max_hp_gain":0.0,"max_hp_loss":0.0,"gold_gain":0.0,"event_name":"Colosseum","player_choice":"Fled From Nobs","floor":22.0,"gold_loss":0.0,"damage_taken":0.0},{"cards_removed":["Strike_G"],"damage_healed":0.0,"max_hp_gain":0.0,"max_hp_loss":0.0,"gold_gain":0.0,"event_name":"Back to Basics","player_choice":"Elegance","floor":27.0,"gold_loss":0.0,"damage_taken":0.0},{"damage_healed":0.0,"max_hp_gain":0.0,"max_hp_loss":0.0,"gold_gain":0.0,"event_name":"Addict","player_choice":"Obtained Relic","floor":28.0,"gold_loss":85.0,"damage_taken":0.0,"relics_obtained":["Matryoshka"]},{"damage_healed":0.0,"max_hp_gain":0.0,"max_hp_loss":41.0,"gold_gain":0.0,"event_name":"Ghosts","player_choice":"Became a Ghost","floor":29.0,"gold_loss":0.0,"damage_taken":0.0,"cards_obtained":["Ghostly","Ghostly","Ghostly","Ghostly","Ghostly"]},{"damage_healed":0.0,"max_hp_gain":0.0,"max_hp_loss":0.0,"gold_gain":0.0,"event_name":"SensoryStone","player_choice":"Memory 1","floor":36.0,"gold_loss":0.0,"damage_taken":0.0},{"damage_healed":0.0,"max_hp_gain":0.0,"max_hp_loss":0.0,"gold_gain":0.0,"event_name":"Wheel of Change","player_choice":"Cursed","floor":37.0,"gold_loss":0.0,"damage_taken":0.0,"cards_obtained":["Decay"]}],"is_beta":false,"boss_relics":[{"not_picked":["Astrolabe","HoveringKite"],"picked":"Coffee Dripper"},{"not_picked":["Busted Crown","Ring of the Serpent"],"picked":"Philosopher\u0027s Stone"}],"items_purged_floors":[],"is_endless":false,"potions_floor_spawned":[1,3,7,11,13,22,31,33,35],"killed_by":"Jaw Worm Horde","ascension_level":8}