{"gold_per_floor":[109,34,34,34,50,50,80,51,51,69,100,118,118,149,149,226,226,240,240,275,293,312,312,342,342,342,342,355,390,401,401,401,478,478,493,503,111,1110,1090,1090,1118,1118,1118,1118,1136,1147,706,719,719,719,719],"floor_reached":51,"playtime":6716,"items_purged":["Strike_R+1","Normality"],"score":1466,"play_id":"327b362d-5bbc-45ca-ae8b-46f405d72c06","local_time":"20191003120509","is_ascension_mode":true,"campfire_choices":[{"data":"Immolate","floor":6.0,"key":"SMITH"},{"data":"Anger","floor":13.0,"key":"SMITH"},{"data":"Evolve","floor":15.0,"key":"SMITH"},{"floor":23.0,"key":"REST"},{"floor":25.0,"key":"REST"},{"floor":32.0,"key":"REST"},{"data":"Offering","floor":40.0,"key":"SMITH"},{"data":"Burning Pact","floor":42.0,"key":"SMITH"},{"data":"Feel No Pain","floor":44.0,"key":"SMITH"},{"floor":49.0,"key":"REST"}],"neow_cost":"TEN_PERCENT_HP_LOSS","seed_source_timestamp":158388984843900,"circlet_count":0,"master_deck":["AscendersBane","Strike_R+1","Strike_R+1","Strike_R+1","Defend_R+1","Defend_R+1","Defend_R+1","Defend_R+1","Bash","Master of Strategy","Anger+1","Shrug It Off","Immolate+1","Shrug It Off","Shrug It Off","Headbutt","Evolve+1","Fiend Fire","Metallicize","Disarm","Offering+1","Feel No Pain+1","Exhume","Immolate","Power Through","Shrug It Off","Flash of Steel","Normality","Burning Pact+1","Second Wind","Exhume","Dark Embrace+1","Second Wind+1","Intimidate+1"],"special_seed":0,"relics":["Burning Blood","Oddly Smooth Stone","Pantograph","Unceasing Top","Lantern","Philosopher\u0027s Stone","Red Mask","MealTicket","Happy Flower","Blue Candle","Sozu","Vajra","Frozen Egg 2","Pear","Orrery","Dream Catcher"],"potions_floor_usage":[],"damage_taken":[{"damage":4.0,"enemies":"2 Louse","floor":1.0,"turns":4.0},{"damage":7.0,"enemies":"Jaw Worm","floor":5.0,"turns":3.0},{"damage":4.0,"enemies":"3 Sentries","floor":7.0,"turns":3.0},{"damage":0.0,"enemies":"Cultist","floor":10.0,"turns":2.0},{"damage":16.0,"enemies":"Lagavulin","floor":11.0,"turns":7.0},{"damage":1.0,"enemies":"3 Louse","floor":12.0,"turns":3.0},{"damage":8.0,"enemies":"Gremlin Nob","floor":14.0,"turns":3.0},{"damage":52.0,"enemies":"Hexaghost","floor":16.0,"turns":9.0},{"damage":18.0,"enemies":"Shell Parasite","floor":18.0,"turns":6.0},{"damage":8.0,"enemies":"Masked Bandits","floor":20.0,"turns":3.0},{"damage":12.0,"enemies":"2 Thieves","floor":21.0,"turns":2.0},{"damage":4.0,"enemies":"Cultist and Chosen","floor":22.0,"turns":5.0},{"damage":28.0,"enemies":"Book of Stabbing","floor":24.0,"turns":5.0},{"damage":24.0,"enemies":"Snake Plant","floor":28.0,"turns":5.0},{"damage":17.0,"enemies":"Slavers","floor":29.0,"turns":4.0},{"damage":7.0,"enemies":"Centurion and Healer","floor":30.0,"turns":6.0},{"damage":38.0,"enemies":"Champ","floor":33.0,"turns":12.0},{"damage":7.0,"enemies":"Orb Walker","floor":35.0,"turns":3.0},{"damage":6.0,"enemies":"3 Darklings","floor":36.0,"turns":3.0},{"damage":40.0,"enemies":"Reptomancer","floor":41.0,"turns":6.0},{"damage":34.0,"enemies":"Sphere and 2 Shapes","floor":45.0,"turns":6.0},{"damage":19.0,"enemies":"Maw","floor":46.0,"turns":10.0},{"damage":7.0,"enemies":"4 Shapes","floor":48.0,"turns":6.0},{"damage":46.0,"enemies":"Donu and Deca","floor":50.0,"turns":5.0},{"damage":56,"enemies":"Awakened One","floor":51,"turns":7}],"seed_played":"-1080664446118021229","potions_obtained":[{"floor":1.0,"key":"Dexterity Potion"},{"floor":7.0,"key":"ElixirPotion"},{"floor":16.0,"key":"Block Potion"},{"floor":18.0,"key":"Strength Potion"},{"floor":21.0,"key":"EntropicBrew"},{"floor":22.0,"key":"Swift Potion"},{"floor":24.0,"key":"LiquidBronze"},{"floor":30.0,"key":"Block Potion"}],"is_trial":false,"path_per_floor":["M","?","$","?","M","R","E","$","T","M","E","M","R","E","R","B",null,"M","?","?","M","M","R","E","R","T","?","M","E","M","?","R","B",null,"M","M","$","?","?","R","E","R","T","R","M","M","$","M","R","B","B"],"character_chosen":"IRONCLAD","items_purchased":["Shrug It Off","Shrug It Off","Flash of Steel","Vajra","Orrery","Dream Catcher"],"campfire_rested":4,"item_purchase_floors":[8,37,37,37,47,47],"current_hp_per_floor":[68,68,68,68,67,67,68,68,68,68,58,63,63,61,61,22,57,45,26,24,18,34,55,33,54,54,54,36,25,24,24,45,38,64,63,63,73,73,73,73,39,39,49,49,21,8,23,22,46,31,0],"gold":719,"neow_bonus":"RANDOM_COLORLESS_2","is_prod":false,"is_daily":false,"chose_seed":false,"campfire_upgraded":6,"win_rate":0,"timestamp":1570129509,"path_taken":["M","?","$","?","M","R","E","$","T","M","E","?","R","E","R","BOSS","M","?","?","M","M","R","E","R","T","?","M","E","M","?","R","BOSS","M","M","$","?","?","R","E","R","T","R","?","M","$","M","R","BOSS","BOSS"],"build_version":"2019-10-02","purchased_purges":2,"victory":false,"max_hp_per_floor":[68,68,68,68,68,68,68,68,68,68,68,68,68,68,68,68,68,68,73,73,73,73,73,73,73,73,73,73,73,73,73,73,73,73,73,73,73,73,73,73,73,73,83,83,83,83,83,83,83,83,83],"card_choices":[{"not_picked":["Mayhem","Transmutation"],"picked":"Master of Strategy","floor":0.0},{"not_picked":["Perfected Strike","Sever Soul"],"picked":"Anger","floor":1.0},{"not_picked":["Armaments","Intimidate"],"picked":"Shrug It Off","floor":5.0},{"not_picked":["Twin Strike","Infernal Blade","Cleave"],"picked":"SKIP","floor":7.0},{"not_picked":["Hemokinesis","Searing Blow","Heavy Blade"],"picked":"SKIP","floor":10.0},{"not_picked":["Reckless Charge","Perfected Strike","True Grit"],"picked":"SKIP","floor":11.0},{"not_picked":["Clash","Flex"],"picked":"Headbutt","floor":12.0},{"not_picked":["Burning Pact","Clothesline"],"picked":"Evolve","floor":14.0},{"not_picked":["Barricade","Exhume"],"picked":"Fiend Fire","floor":16.0},{"not_picked":["Sword Boomerang","Dropkick+1"],"picked":"Metallicize","floor":18.0},{"not_picked":["Twin Strike","Warcry","Clothesline"],"picked":"SKIP","floor":21.0},{"not_picked":["Sword Boomerang","Headbutt"],"picked":"Disarm","floor":22.0},{"not_picked":["Anger","Warcry"],"picked":"Offering","floor":24.0},{"not_picked":["Reckless Charge","Rage","Iron Wave"],"picked":"SKIP","floor":28.0},{"not_picked":["Rampage","Dropkick"],"picked":"Exhume","floor":29.0},{"not_picked":["Clash+1","Searing Blow","Body Slam"],"picked":"SKIP","floor":30.0},{"not_picked":["Reaper","Fiend Fire"],"picked":"Immolate","floor":33.0},{"not_picked":["Combust+1","Reckless Charge"],"picked":"Power Through","floor":35.0},{"not_picked":["Combust","Warcry","Clash"],"picked":"SKIP","floor":36.0},{"not_picked":["Flex","Ghostly Armor+1"],"picked":"Burning Pact","floor":41.0},{"not_picked":["Combust+1","Armaments"],"picked":"Second Wind","floor":45.0},{"not_picked":["Headbutt","Wild Strike+1"],"picked":"Exhume","floor":46.0},{"not_picked":["Infernal Blade+1","Flex"],"picked":"Dark Embrace+1","floor":47.0},{"not_picked":["Sword Boomerang","True Grit+1"],"picked":"Second Wind+1","floor":47.0},{"not_picked":["Bloodletting","Spot Weakness","Combust+1"],"picked":"SKIP","floor":48.0},{"not_picked":["Sword Boomerang","Iron Wave+1"],"picked":"Intimidate+1","floor":49.0}],"player_experience":1210498,"relics_obtained":[{"floor":7.0,"key":"Oddly Smooth Stone"},{"floor":9.0,"key":"Pantograph"},{"floor":11.0,"key":"Unceasing Top"},{"floor":14.0,"key":"Lantern"},{"floor":20.0,"key":"Red Mask"},{"floor":24.0,"key":"MealTicket"},{"floor":26.0,"key":"Happy Flower"},{"floor":29.0,"key":"Blue Candle"},{"floor":41.0,"key":"Frozen Egg 2"},{"floor":43.0,"key":"Pear"}],"event_choices":[{"cards_removed":["Strike_R"],"damage_healed":0.0,"max_hp_gain":0.0,"max_hp_loss":0.0,"gold_gain":0.0,"event_name":"The Cleric","player_choice":"Card Removal","floor":2.0,"gold_loss":75.0,"damage_taken":0.0},{"damage_healed":0.0,"max_hp_gain":0.0,"max_hp_loss":0.0,"gold_gain":0.0,"event_name":"Match and Keep!","player_choice":"2 cards matched","floor":4.0,"gold_loss":0.0,"damage_taken":0.0,"cards_obtained":["Shrug It Off","Immolate"]},{"damage_healed":0.0,"max_hp_gain":5.0,"max_hp_loss":0.0,"gold_gain":0.0,"event_name":"Forgotten Altar","player_choice":"Shed Blood","floor":19.0,"gold_loss":0.0,"damage_taken":24.0},{"damage_healed":0.0,"max_hp_gain":0.0,"max_hp_loss":0.0,"gold_gain":0.0,"event_name":"Masked Bandits","player_choice":"Fought Bandits","floor":20.0,"gold_loss":0.0,"damage_taken":0.0},{"damage_healed":0.0,"max_hp_gain":0.0,"max_hp_loss":0.0,"gold_gain":0.0,"event_name":"The Library","player_choice":"Read","floor":27.0,"gold_loss":0.0,"damage_taken":0.0,"cards_obtained":["Feel No Pain"]},{"damage_healed":0.0,"max_hp_gain":0.0,"max_hp_loss":0.0,"gold_gain":0.0,"event_name":"Back to Basics","player_choice":"Simplicity","floor":31.0,"gold_loss":0.0,"damage_taken":0.0,"cards_upgraded":["Strike_R","Strike_R","Strike_R","Strike_R","Defend_R","Defend_R","Defend_R","Defend_R"]},{"damage_healed":0.0,"max_hp_gain":0.0,"max_hp_loss":0.0,"gold_gain":999.0,"event_name":"MindBloom","player_choice":"Gold","floor":38.0,"gold_loss":0.0,"damage_taken":0.0,"cards_obtained":["Normality","Normality"]},{"damage_healed":0.0,"max_hp_gain":0.0,"max_hp_loss":0.0,"gold_gain":0.0,"event_name":"The Woman in Blue","player_choice":"Bought 1 Potion","floor":39.0,"gold_loss":0.0,"damage_taken":0.0}],"is_beta":true,"boss_relics":[{"not_picked":["Busted Crown","Pandora\u0027s Box"],"picked":"Philosopher\u0027s Stone"},{"not_picked":["Fusion Hammer","SlaversCollar"],"picked":"Sozu"}],"items_purged_floors":[37,47],"is_endless":false,"potions_floor_spawned":[1,7,16,18,21,22,24,30,35,45],"killed_by":"Awakened One","ascension_level":20}