{"gold_per_floor":[111,126,57,76,95,128,138,157,157,157,82,112,112,112,112,112],"floor_reached":16,"playtime":1140,"items_purged":["Strike_G"],"score":118,"play_id":"4a4b50f6-f3b5-465a-8985-08359047b165","local_time":"20190621211326","is_ascension_mode":true,"campfire_choices":[{"floor":10,"key":"REST"},{"floor":13,"key":"REST"},{"data":"Footwork","floor":15,"key":"SMITH"}],"neow_cost":"NONE","seed_source_timestamp":789771068737648,"circlet_count":0,"master_deck":["Defend_G","Defend_G","Defend_G","Defend_G","Defend_G","Strike_G","Strike_G","Strike_G","Strike_G","Survivor","Neutralize","Footwork+1","Expertise","Shame","Caltrops"],"relics":["Cursed Key","Dodecahedron","Mummified Hand","Anchor"],"potions_floor_usage":[6,6,12,16],"damage_taken":[{"damage":0,"enemies":"Cultist","floor":1,"turns":4},{"damage":0,"enemies":"2 Louse","floor":2,"turns":2},{"damage":0,"enemies":"Jaw Worm","floor":4,"turns":4},{"damage":2,"enemies":"Red Slaver","floor":5,"turns":5},{"damage":41,"enemies":"Gremlin Nob","floor":6,"turns":9},{"damage":7,"enemies":"Large Slime","floor":7,"turns":10},{"damage":0,"enemies":"Blue Slaver","floor":8,"turns":5},{"damage":21,"enemies":"Lagavulin","floor":12,"turns":12},{"damage":38,"enemies":"Slime Boss","floor":16,"turns":10}],"seed_played":"-6207129152229432008","potions_obtained":[{"floor":1,"key":"Swift Potion"},{"floor":5,"key":"Dexterity Potion"},{"floor":7,"key":"GamblersBrew"},{"floor":12,"key":"Ancient Potion"}],"is_trial":false,"path_per_floor":["M","M","$","M","M","E","M","M","T","R","$","E","R","?","R","B"],"character_chosen":"THE_SILENT","items_purchased":["Footwork"],"campfire_rested":2,"item_purchase_floors":[3],"current_hp_per_floor":[70,70,70,70,68,27,20,20,20,41,41,20,41,29,29,0],"gold":112,"neow_bonus":"BOSS_RELIC","is_prod":false,"is_daily":false,"chose_seed":false,"campfire_upgraded":1,"win_rate":0,"timestamp":1561176806,"path_taken":["M","M","$","M","M","E","M","M","T","R","$","E","R","?","R","BOSS"],"build_version":"2019-01-23","purchased_purges":1,"victory":false,"max_hp_per_floor":[70,70,70,70,70,70,70,70,70,70,70,70,70,70,70,70],"card_choices":[{"not_picked":["Terror","Blade Dance","Backstab"],"picked":"SKIP","floor":1},{"not_picked":["Terror","Underhanded Strike","Prepared"],"picked":"SKIP","floor":2},{"not_picked":["Quick Slash","Flying Knee","Slice"],"picked":"SKIP","floor":4},{"not_picked":["Dagger Throw","Dash","Escape Plan"],"picked":"SKIP","floor":5},{"not_picked":["Calculated Gamble","Outmaneuver","Reflex"],"picked":"SKIP","floor":6},{"not_picked":["Blade Dance","Predator"],"picked":"Expertise","floor":7},{"not_picked":["Quick Slash","Escape Plan","Dash"],"picked":"SKIP","floor":8},{"not_picked":["Bullet Time","Calculated Gamble"],"picked":"Caltrops","floor":12}],"player_experience":44295,"relics_obtained":[{"floor":6,"key":"Dodecahedron"},{"floor":12,"key":"Mummified Hand"}],"event_choices":[{"damage_healed":0,"gold_gain":0,"player_choice":"Success","damage_taken":12,"relics_obtained":["Anchor"],"max_hp_gain":0,"max_hp_loss":0,"event_name":"Scrap Ooze","floor":14,"gold_loss":0}],"is_beta":false,"boss_relics":[],"items_purged_floors":[11],"is_endless":false,"potions_floor_spawned":[1,5,7,12],"killed_by":"Slime Boss","ascension_level":1}