{"gold_per_floor":[364,364,39,58,72,72,106,106,106,133,133,153,153,171,171,244,244,263,263,263,263,263,295,34,53,80,80,108,108,108,139,139,215,215,229,1228,548,409,421,448,466,416,416,448,468,111,130,142,142,142,142],"floor_reached":52,"playtime":2190,"items_purged":["Writhe","Strike_R","Normality","Normality","Strike_R"],"score":1977,"play_id":"3475098d-ee1a-4592-bb6f-c99963e0d1bc","local_time":"20191018115650","is_ascension_mode":true,"campfire_choices":[{"data":"Immolate","floor":6.0,"key":"SMITH"},{"data":"True Grit","floor":8.0,"key":"SMITH"},{"data":"1","floor":11.0,"key":"LIFT"},{"data":"2","floor":13.0,"key":"LIFT"},{"data":"3","floor":15.0,"key":"LIFT"},{"floor":27.0,"key":"REST"},{"floor":29.0,"key":"REST"},{"floor":32.0,"key":"REST"},{"floor":49,"key":"REST"}],"neow_cost":"CURSE","seed_source_timestamp":312828104522800,"circlet_count":0,"master_deck":["AscendersBane","Strike_R","Defend_R+1","Defend_R+1","Defend_R","Defend_R","Bash","Uppercut+1","Immolate+1","Evolve","Shrug It Off","True Grit+1","Power Through","Offering","Metallicize","Exhume","Blasphemy","Echo Form","Acrobatics","Acrobatics+1","Backflip","Sword Boomerang","Pummel","Footwork"],"special_seed":0,"relics":["Burning Blood","Girya","Meat on the Bone","Fusion Hammer","Nilry\u0027s Codex","Letter Opener","Strawberry","PrismaticShard","Akabeko","Lizard Tail","Boot","Empty Cage","Brimstone","Thread and Needle","Smiling Mask","Gremlin Horn","Art of War","War Paint"],"potions_floor_usage":[40,44,47,51],"damage_taken":[{"damage":6.0,"enemies":"Jaw Worm","floor":1.0,"turns":5.0},{"damage":12.0,"enemies":"Small Slimes","floor":4.0,"turns":2.0},{"damage":9.0,"enemies":"2 Louse","floor":5.0,"turns":2.0},{"damage":13.0,"enemies":"3 Sentries","floor":7.0,"turns":4.0},{"damage":13.0,"enemies":"Lagavulin","floor":10.0,"turns":6.0},{"damage":6.0,"enemies":"Exordium Wildlife","floor":12.0,"turns":3.0},{"damage":0.0,"enemies":"Red Slaver","floor":14.0,"turns":2.0},{"damage":45.0,"enemies":"Slime Boss","floor":16.0,"turns":11.0},{"damage":18.0,"enemies":"Shell Parasite","floor":18.0,"turns":4.0},{"damage":53.0,"enemies":"Gremlin Leader","floor":23.0,"turns":7.0},{"damage":18.0,"enemies":"3 Byrds","floor":25.0,"turns":4.0},{"damage":22.0,"enemies":"Book of Stabbing","floor":28.0,"turns":4.0},{"damage":44.0,"enemies":"Slavers","floor":31.0,"turns":4.0},{"damage":102.0,"enemies":"Automaton","floor":33.0,"turns":9.0},{"damage":18.0,"enemies":"3 Shapes","floor":35.0,"turns":5.0},{"damage":9.0,"enemies":"3 Darklings","floor":39.0,"turns":7.0},{"damage":25,"enemies":"Reptomancer","floor":40,"turns":3},{"damage":12,"enemies":"Spire Growth","floor":41,"turns":2},{"damage":12,"enemies":"Giant Head","floor":44,"turns":5},{"damage":13,"enemies":"Writhing Mass","floor":45,"turns":4},{"damage":16,"enemies":"Transient","floor":47,"turns":6},{"damage":25,"enemies":"Maw","floor":48,"turns":4},{"damage":27,"enemies":"Time Eater","floor":50,"turns":12},{"damage":34,"enemies":"Donu and Deca","floor":51,"turns":11}],"seed_played":"-1251025016201369281","potions_obtained":[{"floor":4.0,"key":"FairyPotion"},{"floor":5.0,"key":"DuplicationPotion"},{"floor":10.0,"key":"FearPotion"},{"floor":23.0,"key":"Block Potion"},{"floor":33.0,"key":"Strength Potion"},{"floor":39.0,"key":"SpeedPotion"},{"floor":40,"key":"ElixirPotion"},{"floor":41,"key":"DistilledChaos"},{"floor":48,"key":"DistilledChaos"}],"is_trial":false,"path_per_floor":["M","?","$","M","M","R","E","R","T","E","R","M","R","M","R","B",null,"M","?","T","?","?","E","$","M","T","R","E","R","?","E","R","B",null,"M","?","$","?","M","E","M","$","T","E","M","$","M","M","R","B","B",null],"character_chosen":"IRONCLAD","items_purchased":["Immolate","Evolve","PrismaticShard","Brimstone","Thread and Needle","BloodPotion","Pummel","War Paint","BloodPotion"],"campfire_rested":4,"item_purchase_floors":[3,3,24,37,37,37,46,46,46],"current_hp_per_floor":[68,68,68,62,59,59,52,52,52,45,45,45,45,51,51,24,62,50,29,29,29,44,45,45,45,45,69,53,77,53,27,53,35,74,62,62,62,62,76,57,51,51,51,57,50,50,52,45,71,50,51],"gold":142,"neow_bonus":"TWO_FIFTY_GOLD","is_prod":false,"is_daily":false,"chose_seed":false,"campfire_upgraded":2,"win_rate":0,"timestamp":1571425010,"path_taken":["M","?","$","M","M","R","E","R","T","E","R","M","R","M","R","BOSS","M","?","?","?","?","E","?","M","T","R","E","R","?","E","R","BOSS","M","?","$","?","M","E","?","$","T","E","M","$","M","M","R","BOSS","BOSS"],"build_version":"2019-10-17","purchased_purges":5,"victory":true,"max_hp_per_floor":[75,75,75,75,75,75,75,75,75,75,75,75,75,75,75,75,75,75,75,75,75,75,82,82,82,82,82,82,82,87,87,87,87,87,87,87,87,87,87,87,87,87,87,87,87,87,87,87,87,87,87],"card_choices":[{"not_picked":["Hemokinesis","Heavy Blade"],"picked":"Uppercut","floor":1.0},{"not_picked":["Perfected Strike","Thunderclap"],"picked":"Shrug It Off","floor":4.0},{"not_picked":["Perfected Strike","Intimidate"],"picked":"True Grit","floor":5.0},{"not_picked":["Thunderclap","Combust","Whirlwind"],"picked":"SKIP","floor":7.0},{"not_picked":["Dark Embrace","Armaments"],"picked":"Power Through","floor":10.0},{"not_picked":["Whirlwind","Twin Strike","Dropkick"],"picked":"SKIP","floor":12.0},{"not_picked":["Cleave","Combust","Flex"],"picked":"SKIP","floor":14.0},{"not_picked":["Immolate","Bludgeon"],"picked":"Offering","floor":16.0},{"not_picked":["Thunderclap","Twin Strike"],"picked":"Metallicize","floor":18.0},{"not_picked":["Body Slam+1","Entrench"],"picked":"Exhume","floor":23.0},{"not_picked":["Beam Cell","InnerPeace","Conserve Battery"],"picked":"SKIP","floor":25.0},{"not_picked":["Predator+1","Shrug It Off"],"picked":"Blasphemy","floor":28.0},{"not_picked":["Capacitor","Poisoned Stab","Clothesline"],"picked":"SKIP","floor":31.0},{"not_picked":["Omniscience","Brilliance"],"picked":"Echo Form","floor":33.0},{"not_picked":["Meditate","BootSequence"],"picked":"Acrobatics","floor":35.0},{"not_picked":["Steam","Flying Knee","Clothesline"],"picked":"SKIP","floor":39.0},{"not_picked":["Metallicize","EmptyBody"],"picked":"Acrobatics+1","floor":40},{"not_picked":["Disarm","Leap"],"picked":"Backflip","floor":41},{"not_picked":["Barrage+1","Headbutt","The Bomb"],"picked":"SKIP","floor":44},{"not_picked":["Disarm","Riddle With Holes"],"picked":"Sword Boomerang","floor":45},{"not_picked":["Clash","Halt+1"],"picked":"Footwork","floor":47},{"not_picked":["BowlingBash","Beam Cell","SignatureMove+1"],"picked":"SKIP","floor":48}],"player_experience":1628526,"relics_obtained":[{"floor":9.0,"key":"Girya"},{"floor":10.0,"key":"Meat on the Bone"},{"floor":19.0,"key":"Nilry\u0027s Codex"},{"floor":20.0,"key":"Letter Opener"},{"floor":23.0,"key":"Strawberry"},{"floor":26.0,"key":"Akabeko"},{"floor":28.0,"key":"Lizard Tail"},{"floor":31.0,"key":"Boot"},{"floor":40,"key":"Gremlin Horn"},{"floor":44,"key":"Art of War"}],"event_choices":[{"damage_healed":0.0,"max_hp_gain":0.0,"max_hp_loss":0.0,"gold_gain":0.0,"event_name":"Living Wall","player_choice":"Grow","floor":2.0,"gold_loss":0.0,"damage_taken":0.0,"cards_upgraded":["Uppercut"]},{"damage_healed":0.0,"max_hp_gain":0.0,"max_hp_loss":0.0,"gold_gain":0.0,"event_name":"Cursed Tome","player_choice":"Obtained Book","floor":19.0,"gold_loss":0.0,"damage_taken":21.0},{"damage_healed":0.0,"max_hp_gain":0.0,"max_hp_loss":0.0,"gold_gain":0.0,"event_name":"Ghosts","player_choice":"Ignored","floor":21.0,"gold_loss":0.0,"damage_taken":0.0},{"damage_healed":15.0,"max_hp_gain":0.0,"max_hp_loss":0.0,"gold_gain":0.0,"event_name":"The Library","player_choice":"Heal","floor":22.0,"gold_loss":0.0,"damage_taken":0.0},{"damage_healed":0.0,"max_hp_gain":5.0,"max_hp_loss":0.0,"gold_gain":0.0,"event_name":"Forgotten Altar","player_choice":"Shed Blood","floor":30.0,"gold_loss":0.0,"damage_taken":29.0},{"damage_healed":0.0,"max_hp_gain":0.0,"max_hp_loss":0.0,"gold_gain":999.0,"event_name":"MindBloom","player_choice":"Gold","floor":36.0,"gold_loss":0.0,"damage_taken":0.0,"cards_obtained":["Normality","Normality"]},{"damage_healed":0.0,"max_hp_gain":0.0,"max_hp_loss":0.0,"gold_gain":0.0,"event_name":"WeMeetAgain","player_choice":"Paid Gold","floor":38.0,"gold_loss":139.0,"damage_taken":0.0,"relics_obtained":["Smiling Mask"]}],"is_beta":true,"boss_relics":[{"not_picked":["Velvet Choker","Runic Cube"],"picked":"Fusion Hammer"},{"not_picked":["Busted Crown","Pandora\u0027s Box"],"picked":"Empty Cage"}],"items_purged_floors":[3,24,37,42,46],"is_endless":false,"potions_floor_spawned":[4,5,7,10,14,18,23,33,39,40,41,48],"ascension_level":20}