{"gold_per_floor":[114,189,207,225,225,225,281,281,331,364,364],"floor_reached":11,"playtime":223,"items_purged":[],"score":162,"play_id":"8d3f6faa-80e0-44b1-9b17-fcbf33e7bbfb","local_time":"20191003174219","is_ascension_mode":true,"campfire_choices":[{"data":"Bash","floor":6,"key":"SMITH"},{"data":"Pommel Strike","floor":8,"key":"SMITH"}],"neow_cost":"NONE","seed_source_timestamp":185995982805500,"circlet_count":0,"master_deck":["AscendersBane","Strike_R","Strike_R+1","Strike_R","Strike_R","Strike_R+1","Defend_R","Defend_R","Defend_R","Defend_R","Bash+1","Perfected Strike+1","Pommel Strike+1","Seeing Red","Offering"],"relics":["Burning Blood","Tiny Chest","Whetstone","Letter Opener"],"potions_floor_usage":[],"damage_taken":[{"damage":1,"enemies":"Cultist","floor":1,"turns":4},{"damage":10,"enemies":"Small Slimes","floor":3,"turns":4},{"damage":7,"enemies":"2 Louse","floor":4,"turns":2},{"damage":30,"enemies":"Lagavulin","floor":7,"turns":5},{"damage":25,"enemies":"3 Sentries","floor":10,"turns":6},{"damage":26,"enemies":"Gremlin Gang","floor":11,"turns":2}],"seed_played":"-3646357779982327897","potions_obtained":[{"floor":4,"key":"ElixirPotion"},{"floor":7,"key":"Ancient Potion"}],"is_trial":false,"path_per_floor":["M","?","M","M","?","R","E","R","T","E","M"],"character_chosen":"IRONCLAD","items_purchased":[],"campfire_rested":0,"item_purchase_floors":[],"current_hp_per_floor":[80,69,65,64,64,64,40,40,40,21,0],"gold":364,"neow_bonus":"TEN_PERCENT_HP_BONUS","is_prod":false,"is_daily":false,"chose_seed":false,"campfire_upgraded":2,"win_rate":0,"timestamp":1570149739,"path_taken":["M","?","M","M","?","R","E","R","T","E","M"],"build_version":"2019-10-03","purchased_purges":0,"victory":false,"max_hp_per_floor":[82,82,82,82,82,82,82,82,82,82,82],"card_choices":[{"not_picked":["Iron Wave","Whirlwind"],"picked":"Perfected Strike","floor":1},{"not_picked":["True Grit","Warcry"],"picked":"Pommel Strike","floor":3},{"not_picked":["Hemokinesis","Sword Boomerang","Blood for Blood"],"picked":"SKIP","floor":4},{"not_picked":["Warcry","Body Slam"],"picked":"Seeing Red","floor":7},{"not_picked":["Fire Breathing","Feel No Pain"],"picked":"Offering","floor":10}],"player_experience":1221652,"relics_obtained":[{"floor":7,"key":"Tiny Chest"},{"floor":9,"key":"Whetstone"},{"floor":10,"key":"Letter Opener"}],"event_choices":[{"damage_healed":0,"gold_gain":75,"player_choice":"Gather Gold","damage_taken":11,"max_hp_gain":0,"max_hp_loss":0,"event_name":"World of Goop","floor":2,"gold_loss":0},{"damage_healed":0,"gold_gain":0,"player_choice":"Upgraded","damage_taken":0,"max_hp_gain":0,"max_hp_loss":0,"event_name":"Upgrade Shrine","floor":5,"gold_loss":0,"cards_upgraded":["Perfected Strike"]}],"is_beta":true,"boss_relics":[],"items_purged_floors":[],"is_endless":false,"potions_floor_spawned":[4,7,10],"killed_by":"Gremlin Gang","ascension_level":20}