{"gold_per_floor":[17,17,42,62,62,101,101,136,162,162,242,265,350,363,363,452,452,468,468,393,416,430,430,463,463,512,512,545,355,379,388,388,490,490,514,494,394,415,145,145,184,196,279,300,645,657,669],"floor_reached":47,"playtime":1821,"items_purged":["Strike_R","Strike_R","Strike_R"],"score":1017,"play_id":"22f33c69-d2b6-4213-a462-e007ef7c0fd4","local_time":"20191017185052","is_ascension_mode":true,"campfire_choices":[{"data":"Apotheosis","floor":7.0,"key":"SMITH"},{"floor":10.0,"key":"REST"},{"floor":15,"key":"REST"},{"data":"Searing Blow","floor":23,"key":"SMITH"},{"data":"Searing Blow+1","floor":25,"key":"SMITH"},{"data":"Searing Blow+2","floor":27,"key":"SMITH"},{"data":"Searing Blow+3","floor":32,"key":"SMITH"},{"floor":40,"key":"RECALL"},{"floor":42,"key":"REST"}],"neow_cost":"NO_GOLD","seed_source_timestamp":251651606543900,"circlet_count":0,"master_deck":["AscendersBane","Strike_R","Defend_R","Defend_R","Defend_R","Defend_R","Bash","Apotheosis+1","Hemokinesis","Battle Trance","Anger","Headbutt","True Grit","Searing Blow+4","Battle Trance","Disarm","Armaments","Immolate","True Grit","Feel No Pain","Barricade","Battle Trance","Disarm","PanicButton"],"special_seed":0,"relics":["Burning Blood","Toy Ornithopter","CeramicFish","Tiny Chest","CaptainsWheel","Runic Dome","Enchiridion","MealTicket","Fusion Hammer","Membership Card","MawBank","Question Card"],"potions_floor_usage":[16,30,33,38,41,47],"damage_taken":[{"damage":8.0,"enemies":"Small Slimes","floor":1.0,"turns":5.0},{"damage":10.0,"enemies":"Jaw Worm","floor":3.0,"turns":4.0},{"damage":4.0,"enemies":"Cultist","floor":4.0,"turns":3.0},{"damage":48.0,"enemies":"3 Sentries","floor":6.0,"turns":10.0},{"damage":8.0,"enemies":"Gremlin Nob","floor":8.0,"turns":3.0},{"damage":22.0,"enemies":"Lagavulin","floor":11.0,"turns":7.0},{"damage":3.0,"enemies":"Blue Slaver","floor":12.0,"turns":4.0},{"damage":13,"enemies":"3 Sentries","floor":13,"turns":6},{"damage":12,"enemies":"2 Fungi Beasts","floor":14,"turns":3},{"damage":26,"enemies":"The Guardian","floor":16,"turns":17},{"damage":21,"enemies":"2 Thieves","floor":18,"turns":4},{"damage":2,"enemies":"Chosen","floor":21,"turns":3},{"damage":14,"enemies":"Snake Plant","floor":22,"turns":4},{"damage":7,"enemies":"Sentry and Sphere","floor":24,"turns":5},{"damage":8,"enemies":"3 Cultists","floor":28,"turns":4},{"damage":9,"enemies":"Shelled Parasite and Fungi","floor":30,"turns":3},{"damage":29,"enemies":"Champ","floor":33,"turns":21},{"damage":6,"enemies":"3 Shapes","floor":35,"turns":10},{"damage":4,"enemies":"Orb Walker","floor":38,"turns":3},{"damage":68,"enemies":"Reptomancer","floor":41,"turns":7},{"damage":32,"enemies":"Jaw Worm Horde","floor":47,"turns":2}],"seed_played":"5861592566825944291","potions_obtained":[{"floor":3.0,"key":"ElixirPotion"},{"floor":4.0,"key":"Weak Potion"},{"floor":6.0,"key":"Fruit Juice"},{"floor":8.0,"key":"Energy Potion"},{"floor":18,"key":"FearPotion"},{"floor":24,"key":"Swift Potion"},{"floor":36,"key":"EntropicBrew"},{"floor":41,"key":"PowerPotion"}],"is_trial":false,"path_per_floor":["M","?","M","M","?","E","R","E","T","R","E","M","?","M","R","B",null,"M","?","?","M","M","R","M","R","T","R","M","$","M","?","R","B",null,"M","?","$","M","$","R","E","R","T","?","?","?","M"],"character_chosen":"IRONCLAD","items_purchased":["Immolate","True Grit","Membership Card","Disarm"],"campfire_rested":3,"item_purchase_floors":[29,29,39,39],"current_hp_per_floor":[66,66,62,64,64,27,27,25,25,46,30,33,26,20,41,26,61,46,25,25,29,21,21,20,20,20,20,18,33,35,35,35,17,59,59,59,73,73,73,73,16,37,37,27,27,27,0],"gold":669,"neow_bonus":"RANDOM_COLORLESS_2","is_prod":false,"is_daily":false,"chose_seed":false,"campfire_upgraded":5,"win_rate":0,"timestamp":1571363452,"path_taken":["M","?","M","M","?","E","R","E","T","R","E","?","?","M","R","BOSS","M","?","?","M","M","R","M","R","T","R","M","$","M","?","R","BOSS","M","?","$","?","$","R","E","R","T","?","?","?","M"],"build_version":"2019-10-17","purchased_purges":3,"victory":false,"max_hp_per_floor":[75,68,68,68,68,73,73,73,73,73,73,73,73,73,73,73,73,73,73,73,73,73,73,73,73,73,73,73,73,73,73,73,73,73,73,73,73,73,73,73,73,73,73,73,73,69,69],"card_choices":[{"not_picked":["Mayhem","Thinking Ahead"],"picked":"Apotheosis","floor":0.0},{"not_picked":["Rupture","Intimidate"],"picked":"Hemokinesis","floor":1.0},{"not_picked":["Body Slam","Havoc","Intimidate"],"picked":"SKIP","floor":3.0},{"not_picked":["Twin Strike","Intimidate"],"picked":"Battle Trance","floor":4.0},{"not_picked":["Entrench","Limit Break"],"picked":"Anger","floor":6.0},{"not_picked":["Infernal Blade","Heavy Blade"],"picked":"Headbutt","floor":8.0},{"not_picked":["Rampage","Blood for Blood"],"picked":"True Grit","floor":11.0},{"not_picked":["Entrench","Cleave"],"picked":"Searing Blow","floor":12.0},{"not_picked":["Clothesline","Ghostly Armor"],"picked":"Battle Trance","floor":13},{"not_picked":["Perfected Strike","Flex","Burning Pact"],"picked":"SKIP","floor":14},{"not_picked":["Searing Blow","Cleave","Blood for Blood"],"picked":"SKIP","floor":18},{"not_picked":["Flex","Clothesline","Sword Boomerang"],"picked":"SKIP","floor":21},{"not_picked":["Perfected Strike","Clothesline","Havoc"],"picked":"SKIP","floor":22},{"not_picked":["Rage","Heavy Blade"],"picked":"Disarm","floor":24},{"not_picked":["True Grit","Warcry"],"picked":"Armaments","floor":28},{"not_picked":["Anger","Wild Strike","Limit Break"],"picked":"SKIP","floor":30},{"not_picked":["Exhume","Brutality"],"picked":"Barricade","floor":33},{"not_picked":["Disarm","Flex"],"picked":"Battle Trance","floor":35},{"not_picked":["Clothesline+1","Dropkick+1","Iron Wave"],"picked":"SKIP","floor":38},{"not_picked":["Headbutt","Pommel Strike","Reckless Charge"],"picked":"SKIP","floor":41},{"not_picked":["Purity","Madness","Secret Weapon"],"picked":"PanicButton","floor":44}],"player_experience":1621229,"relics_obtained":[{"floor":8.0,"key":"Toy Ornithopter"},{"floor":9.0,"key":"CeramicFish"},{"floor":11.0,"key":"Tiny Chest"},{"floor":13,"key":"CaptainsWheel"},{"floor":19,"key":"Enchiridion"},{"floor":26,"key":"MealTicket"},{"floor":41,"key":"MawBank"},{"floor":43,"key":"Question Card"}],"event_choices":[{"damage_healed":0.0,"max_hp_gain":0.0,"max_hp_loss":7.0,"gold_gain":0.0,"event_name":"Golden Idol","player_choice":"Lose Max HP","floor":2.0,"gold_loss":0.0,"damage_taken":0.0,"relics_obtained":["Golden Idol"]},{"damage_healed":0.0,"max_hp_gain":0.0,"max_hp_loss":0.0,"gold_gain":0.0,"event_name":"Match and Keep!","player_choice":"0 cards matched","floor":5.0,"gold_loss":0.0,"damage_taken":0.0,"cards_obtained":[]},{"damage_healed":0,"gold_gain":0,"player_choice":"Searched \u00271\u0027 times","damage_taken":0,"max_hp_gain":0,"max_hp_loss":0,"event_name":"Dead Adventurer","floor":13,"gold_loss":0},{"damage_healed":0,"gold_gain":0,"player_choice":"Obtained Book","damage_taken":21,"max_hp_gain":0,"max_hp_loss":0,"event_name":"Cursed Tome","floor":19,"gold_loss":0},{"cards_removed":["Strike_R"],"damage_healed":0,"gold_gain":0,"player_choice":"Gave Gold","damage_taken":0,"max_hp_gain":0,"max_hp_loss":0,"event_name":"Beggar","floor":20,"gold_loss":75},{"damage_healed":0,"gold_gain":0,"player_choice":"Read","damage_taken":0,"max_hp_gain":0,"max_hp_loss":0,"event_name":"The Library","floor":31,"gold_loss":0,"cards_obtained":["Feel No Pain"]},{"damage_healed":0,"gold_gain":0,"player_choice":"Bought 1 Potion","damage_taken":0,"max_hp_gain":0,"max_hp_loss":0,"event_name":"The Woman in Blue","floor":36,"gold_loss":0},{"damage_healed":0,"gold_gain":0,"player_choice":"Memory 3","damage_taken":10,"max_hp_gain":0,"max_hp_loss":0,"event_name":"SensoryStone","floor":44,"gold_loss":0},{"damage_healed":0,"gold_gain":333,"player_choice":"Gave Idol","damage_taken":0,"max_hp_gain":0,"max_hp_loss":0,"event_name":"The Moai Head","floor":45,"relics_lost":["Golden Idol"],"gold_loss":0},{"damage_healed":0,"gold_gain":0,"player_choice":"Max HP","damage_taken":0,"max_hp_gain":0,"max_hp_loss":4,"event_name":"Winding Halls","floor":46,"gold_loss":0}],"is_beta":true,"boss_relics":[{"not_picked":["Empty Cage","Runic Cube"],"picked":"Runic Dome"},{"not_picked":["SacredBark","Velvet Choker"],"picked":"Fusion Hammer"}],"items_purged_floors":[29,37,39],"is_endless":false,"potions_floor_spawned":[3,4,6,8,18,24,41],"killed_by":"Jaw Worm Horde","ascension_level":20}