{"gold_per_floor":[114,133,151,162,178,211,33,51,51,51,69,85,111,54,54,126,126,141,141,120,131,89,122,141,170,197,287,300,315,346,356,356,430,430,440,365,375,98,98,108,108,108,108,208,225,239,239,254,254,254,254,254,254,123,158,158],"floor_reached":56,"playtime":5645,"items_purged":["Strike_G"],"score":2034,"play_id":"db0824a2-3ff5-4475-9258-4a0f9ff0d3c5","local_time":"20190825160245","is_ascension_mode":true,"campfire_choices":[{"data":"Apotheosis","floor":10.0,"key":"SMITH"},{"data":"Leg Sweep","floor":15.0,"key":"SMITH"},{"data":"Footwork","floor":32.0,"key":"SMITH"},{"data":"Well Laid Plans","floor":41.0,"key":"SMITH"},{"floor":47.0,"key":"RECALL"},{"data":"Doppelganger","floor":49.0,"key":"SMITH"},{"data":"Cloak And Dagger","floor":53.0,"key":"SMITH"}],"neow_cost":"NONE","seed_source_timestamp":404915777765009,"circlet_count":0,"master_deck":["AscendersBane","Strike_G","Defend_G","Defend_G","Defend_G","Defend_G","Defend_G","Survivor","Leg Sweep+1","Dash","Well Laid Plans+1","Apotheosis+1","Doppelganger+1","Venomology","Underhanded Strike","Acrobatics+1","Dagger Spray","Footwork+1","Cloak And Dagger","Riddle With Holes","Cloak And Dagger+1","After Image"],"special_seed":0,"relics":["Coffee Dripper","Bag of Preparation","Strawberry","Odd Mushroom","Busted Crown","Shuriken","Anchor","Bronze Scales","Darkstone Periapt","Snecko Eye","Meat on the Bone","The Specimen","Pantograph"],"potions_floor_usage":[56,56],"damage_taken":[{"damage":0.0,"enemies":"Cultist","floor":1.0,"turns":5.0},{"damage":0.0,"enemies":"2 Louse","floor":2.0,"turns":5.0},{"damage":5.0,"enemies":"Small Slimes","floor":3.0,"turns":4.0},{"damage":0.0,"enemies":"Blue Slaver","floor":4.0,"turns":6.0},{"damage":0.0,"enemies":"3 Louse","floor":5.0,"turns":4.0},{"damage":30.0,"enemies":"Gremlin Nob","floor":6.0,"turns":6.0},{"damage":0.0,"enemies":"Looter","floor":8.0,"turns":4.0},{"damage":1.0,"enemies":"Lots of Slimes","floor":11.0,"turns":5.0},{"damage":0.0,"enemies":"2 Fungi Beasts","floor":12.0,"turns":3.0},{"damage":0.0,"enemies":"The Mushroom Lair","floor":13.0,"turns":6.0},{"damage":3.0,"enemies":"The Guardian","floor":16.0,"turns":14.0},{"damage":0.0,"enemies":"3 Byrds","floor":18.0,"turns":8.0},{"damage":0.0,"enemies":"2 Thieves","floor":20.0,"turns":5.0},{"damage":0.0,"enemies":"3 Cultists","floor":21.0,"turns":7.0},{"damage":20.0,"enemies":"Slavers","floor":23.0,"turns":8.0},{"damage":0.0,"enemies":"Shelled Parasite and Fungi","floor":24.0,"turns":6.0},{"damage":0.0,"enemies":"Book of Stabbing","floor":25.0,"turns":6.0},{"damage":0.0,"enemies":"Snake Plant","floor":28.0,"turns":4.0},{"damage":0.0,"enemies":"Sentry and Sphere","floor":29.0,"turns":9.0},{"damage":12.0,"enemies":"Slavers","floor":30.0,"turns":7.0},{"damage":0.0,"enemies":"Chosen and Byrds","floor":31.0,"turns":6.0},{"damage":0.0,"enemies":"Collector","floor":33.0,"turns":14.0},{"damage":0.0,"enemies":"3 Shapes","floor":35.0,"turns":3.0},{"damage":19.0,"enemies":"3 Darklings","floor":37.0,"turns":5.0},{"damage":8.0,"enemies":"Jaw Worm Horde","floor":40.0,"turns":4.0},{"damage":2.0,"enemies":"Mind Bloom Boss Battle","floor":44.0,"turns":7.0},{"damage":0.0,"enemies":"Transient","floor":45.0,"turns":6.0},{"damage":9.0,"enemies":"Maw","floor":46.0,"turns":8.0},{"damage":5.0,"enemies":"Writhing Mass","floor":48.0,"turns":7.0},{"damage":14.0,"enemies":"Donu and Deca","floor":50.0,"turns":10.0},{"damage":0.0,"enemies":"Awakened One","floor":51.0,"turns":12.0},{"damage":35.0,"enemies":"Shield and Spear","floor":55.0,"turns":8.0},{"damage":66,"enemies":"The Heart","floor":56,"turns":6}],"seed_played":"2956411690284466254","potions_obtained":[{"floor":3.0,"key":"Block Potion"},{"floor":4.0,"key":"SteroidPotion"},{"floor":8.0,"key":"SpeedPotion"},{"floor":11.0,"key":"Strength Potion"},{"floor":12.0,"key":"Regen Potion"},{"floor":30.0,"key":"Block Potion"},{"floor":31.0,"key":"GamblersBrew"}],"is_trial":false,"path_per_floor":["M","M","M","M","M","E","$","M","T","R","M","M","?","$","R","B",null,"M","?","M","M","$","E","M","E","T","?","M","M","E","M","R","B",null,"M","?","M","$","?","M","R","?","T","?","M","M","R","M","R","B","B",null,"R","$","E","B"],"character_chosen":"THE_SILENT","items_purchased":["Apotheosis","Dexterity Potion","Footwork","Meat on the Bone","Strength Potion"],"campfire_rested":0,"item_purchase_floors":[7,14,22,38,54],"current_hp_per_floor":[59,59,54,54,54,24,24,24,31,31,30,30,45,45,45,42,65,65,65,65,65,65,45,45,45,45,31,31,46,34,34,34,34,63,63,63,44,44,44,48,48,48,48,46,46,37,37,44,44,42,42,62,62,62,39,0],"gold":158,"neow_bonus":"BOSS_RELIC","is_prod":false,"is_daily":false,"chose_seed":false,"campfire_upgraded":6,"win_rate":0,"timestamp":1566774165,"path_taken":["M","M","M","M","M","E","$","M","T","R","M","M","?","$","R","BOSS","M","?","M","M","$","E","M","E","T","?","?","?","E","M","R","BOSS","M","?","?","$","?","M","R","?","T","?","M","M","R","M","R","BOSS","BOSS","R","$","E","BOSS"],"build_version":"2019-07-17","purchased_purges":1,"victory":false,"max_hp_per_floor":[66,66,66,66,66,66,66,66,73,73,73,73,73,73,73,73,73,73,73,73,73,73,73,73,73,73,73,73,73,73,73,73,73,73,73,73,73,73,73,73,73,69,69,69,69,69,69,69,69,69,69,69,69,69,69,69],"card_choices":[{"not_picked":["Poisoned Stab","Setup"],"picked":"Leg Sweep","floor":1.0},{"not_picked":["Blade Dance","Endless Agony","Distraction"],"picked":"SKIP","floor":2.0},{"not_picked":["Eviscerate","Masterful Stab"],"picked":"Dash","floor":3.0},{"not_picked":["Infinite Blades","Cloak And Dagger"],"picked":"Well Laid Plans","floor":4.0},{"not_picked":["Finisher","Acrobatics","Quick Slash"],"picked":"SKIP","floor":5.0},{"not_picked":["Quick Slash","Calculated Gamble","Bullet Time"],"picked":"SKIP","floor":6.0},{"not_picked":["Expertise","Underhanded Strike","Prepared"],"picked":"SKIP","floor":8.0},{"not_picked":["Bane","Slice","Infinite Blades"],"picked":"SKIP","floor":11.0},{"not_picked":["Deflect","Expertise","Flying Knee"],"picked":"SKIP","floor":12.0},{"not_picked":["Phantasmal Killer","Unload"],"picked":"Doppelganger","floor":16.0},{"not_picked":["Endless Agony"],"picked":"SKIP","floor":18.0},{"not_picked":[],"picked":"Acrobatics+1","floor":20.0},{"not_picked":[],"picked":"Dagger Spray","floor":21.0},{"not_picked":["Outmaneuver"],"picked":"SKIP","floor":23.0},{"not_picked":["Prepared"],"picked":"SKIP","floor":24.0},{"not_picked":["Quick Slash"],"picked":"SKIP","floor":25.0},{"not_picked":["Catalyst"],"picked":"SKIP","floor":28.0},{"not_picked":[],"picked":"Deflect","floor":29.0},{"not_picked":[],"picked":"Cloak And Dagger","floor":30.0},{"not_picked":[],"picked":"Riddle With Holes","floor":31.0},{"not_picked":["Blade Dance"],"picked":"SKIP","floor":35.0},{"not_picked":["Distraction"],"picked":"SKIP","floor":37.0},{"not_picked":["Prepared"],"picked":"SKIP","floor":40.0},{"not_picked":["Poisoned Stab"],"picked":"SKIP","floor":45.0},{"not_picked":["Prepared+1"],"picked":"SKIP","floor":46.0},{"not_picked":["Escape Plan"],"picked":"SKIP","floor":48.0},{"not_picked":["Outmaneuver"],"picked":"SKIP","floor":55.0}],"player_experience":206695,"relics_obtained":[{"floor":6.0,"key":"Bag of Preparation"},{"floor":9.0,"key":"Strawberry"},{"floor":13.0,"key":"Odd Mushroom"},{"floor":23.0,"key":"Shuriken"},{"floor":25.0,"key":"Anchor"},{"floor":26.0,"key":"Bronze Scales"},{"floor":30.0,"key":"Darkstone Periapt"},{"floor":44.0,"key":"The Specimen"},{"floor":55.0,"key":"Pantograph"}],"event_choices":[{"damage_healed":0.0,"max_hp_gain":0.0,"max_hp_loss":0.0,"gold_gain":0.0,"event_name":"Mushrooms","player_choice":"Fought Mushrooms","floor":13.0,"gold_loss":0.0,"damage_taken":0.0},{"damage_healed":0.0,"max_hp_gain":0.0,"max_hp_loss":0.0,"gold_gain":0.0,"cards_transformed":["Strike_G","Strike_G"],"event_name":"Drug Dealer","player_choice":"Became Test Subject","floor":19.0,"gold_loss":0.0,"damage_taken":0.0,"cards_obtained":["Venomology","Underhanded Strike"]},{"damage_healed":0.0,"max_hp_gain":0.0,"max_hp_loss":0.0,"gold_gain":90.0,"event_name":"Knowing Skull","player_choice":"GOLD ","floor":27.0,"potions_obtained":[],"gold_loss":0.0,"damage_taken":14.0,"cards_obtained":[]},{"damage_healed":0.0,"max_hp_gain":0.0,"max_hp_loss":0.0,"gold_gain":0.0,"cards_transformed":["Deflect","Neutralize"],"event_name":"Designer","player_choice":"Transformed Cards","floor":36.0,"gold_loss":75.0,"damage_taken":0.0,"cards_obtained":["Cloak And Dagger","After Image"]},{"cards_removed":["Strike_G"],"damage_healed":0.0,"max_hp_gain":0.0,"max_hp_loss":0.0,"gold_gain":0.0,"event_name":"Falling","player_choice":"Removed Attack","floor":39.0,"gold_loss":0.0,"damage_taken":0.0},{"damage_healed":0.0,"max_hp_gain":0.0,"max_hp_loss":4.0,"gold_gain":0.0,"event_name":"Winding Halls","player_choice":"Max HP","floor":42.0,"gold_loss":0.0,"damage_taken":0.0},{"damage_healed":0.0,"max_hp_gain":0.0,"max_hp_loss":0.0,"gold_gain":0.0,"event_name":"MindBloom","player_choice":"Fight","floor":44.0,"gold_loss":0.0,"damage_taken":0.0}],"is_beta":false,"boss_relics":[{"not_picked":["Orrery","Runic Dome"],"picked":"Busted Crown"},{"not_picked":["Velvet Choker","HoveringKite"],"picked":"Snecko Eye"}],"items_purged_floors":[54],"is_endless":false,"potions_floor_spawned":[3,4,8,11,12,16,20,25,30,31,35,46,48],"killed_by":"The Heart","ascension_level":20}