{"gold_per_floor":[116,136,150,161,20,20,31,306,329,348,348],"floor_reached":11,"playtime":562,"items_purged":[],"score":67,"play_id":"8c0e0d9f-4784-4f11-a7b4-ed172b54d9ed","local_time":"20191011055232","is_ascension_mode":false,"campfire_choices":[{"data":"Capacitor","floor":6,"key":"SMITH"}],"neow_cost":"TEN_PERCENT_HP_LOSS","seed_source_timestamp":2182988507143661,"circlet_count":0,"master_deck":["Strike_B","Strike_B","Strike_B","Strike_B","Defend_B","Defend_B","Defend_B","Defend_B","Zap","Dualcast","Ball Lightning","Compile Driver","Capacitor+1","Skim","Static Discharge","Reprogram","Steam","Regret","Capacitor"],"relics":["Cracked Core","Girya","Anchor"],"potions_floor_usage":[],"damage_taken":[{"damage":0,"enemies":"Cultist","floor":1,"turns":4},{"damage":1,"enemies":"Jaw Worm","floor":2,"turns":3},{"damage":5,"enemies":"Small Slimes","floor":3,"turns":2},{"damage":9,"enemies":"Blue Slaver","floor":4,"turns":4},{"damage":27,"enemies":"Exordium Thugs","floor":7,"turns":4},{"damage":12,"enemies":"3 Louse","floor":10,"turns":4},{"damage":21,"enemies":"Gremlin Gang","floor":11,"turns":2}],"seed_played":"8270014668839819068","potions_obtained":[{"floor":2,"key":"SkillPotion"},{"floor":3,"key":"SkillPotion"},{"floor":4,"key":"AttackPotion"},{"floor":7,"key":"LiquidBronze"}],"is_trial":false,"path_per_floor":["M","M","M","M","$","R","M","?","T","M","M"],"character_chosen":"DEFECT","items_purchased":["Static Discharge","Reprogram"],"campfire_rested":0,"item_purchase_floors":[5,5],"current_hp_per_floor":[68,67,62,53,53,53,26,26,26,14,0],"gold":348,"neow_bonus":"ONE_RARE_RELIC","is_prod":false,"is_daily":false,"chose_seed":false,"campfire_upgraded":1,"win_rate":0.0,"timestamp":1570769552,"path_taken":["M","?","M","M","$","R","M","?","T","?","M"],"build_version":"2019-09-09v2","purchased_purges":0,"victory":false,"max_hp_per_floor":[68,68,68,68,68,68,68,68,68,68,68],"card_choices":[{"not_picked":["Hologram","Consume"],"picked":"Ball Lightning","floor":1},{"not_picked":["Redo","Steam Power"],"picked":"Compile Driver","floor":2},{"not_picked":["Sweeping Beam","Undo"],"picked":"Capacitor","floor":3},{"not_picked":["Ball Lightning","Storm"],"picked":"Skim","floor":4},{"not_picked":["Rip and Tear","Coolheaded"],"picked":"Steam","floor":7},{"not_picked":["Hello World","Redo"],"picked":"Capacitor","floor":10}],"player_experience":81621,"relics_obtained":[{"floor":9,"key":"Anchor"}],"event_choices":[{"damage_healed":0,"gold_gain":275,"player_choice":"Desecrate","damage_taken":0,"max_hp_gain":0,"max_hp_loss":0,"event_name":"Golden Shrine","floor":8,"gold_loss":0,"cards_obtained":["Regret"]}],"is_beta":true,"boss_relics":[],"items_purged_floors":[],"is_endless":false,"potions_floor_spawned":[2,3,4,7],"killed_by":"Gremlin Gang","ascension_level":0}