{"gold_per_floor":[112,18,38,38,38,38,70,70,143,143,68,68,28,47,47,143,143,159,178,178],"floor_reached":20,"playtime":632,"items_purged":["Strike_G"],"score":361,"play_id":"89aa4ed3-e3ca-4ac0-aa4b-7509f4fb6256","local_time":"20190803090944","is_ascension_mode":true,"campfire_choices":[{"data":"Noxious Fumes","floor":6.0,"key":"SMITH"},{"data":"Neutralize","floor":8.0,"key":"SMITH"},{"floor":15.0,"key":"REST"}],"neow_cost":"NONE","seed_source_timestamp":1696713208122133,"circlet_count":0,"master_deck":["AscendersBane","Strike_G","Strike_G","Strike_G","Defend_G","Defend_G","Defend_G","Defend_G","Defend_G","Survivor","Neutralize+1","Footwork","Noxious Fumes+1","Backflip","Footwork","Deadly Poison","Corpse Explosion","PiercingWail"],"special_seed":0,"relics":["Ring of the Snake","NeowsBlessing","Bronze Scales","Bottled Lightning","Golden Idol","Eternal Feather"],"potions_floor_usage":[18,19],"damage_taken":[{"damage":0.0,"enemies":"Cultist","floor":1.0,"turns":1.0},{"damage":0.0,"enemies":"2 Louse","floor":3.0,"turns":1.0},{"damage":0.0,"enemies":"Lagavulin","floor":7.0,"turns":1.0},{"damage":0.0,"enemies":"Small Slimes","floor":14.0,"turns":4.0},{"damage":36.0,"enemies":"The Guardian","floor":16.0,"turns":11.0},{"damage":26,"enemies":"2 Thieves","floor":18,"turns":4},{"damage":26,"enemies":"Chosen","floor":19,"turns":7},{"damage":12,"enemies":"Centurion and Healer","floor":20,"turns":2}],"seed_played":"-6901137639142854360","potions_obtained":[{"floor":16.0,"key":"Dexterity Potion"},{"floor":18,"key":"Weak Potion"}],"is_trial":false,"path_per_floor":["M","$","M","$","?","R","E","R","T","?","$","?","$","M","R","B",null,"M","M","M"],"character_chosen":"THE_SILENT","items_purchased":["Noxious Fumes","Backflip","Footwork"],"campfire_rested":1,"item_purchase_floors":[2,2,13],"current_hp_per_floor":[59,59,59,59,52,52,52,52,52,29,29,29,29,29,48,12,53,27,1,0],"gold":178,"neow_bonus":"THREE_ENEMY_KILL","is_prod":false,"is_daily":false,"chose_seed":false,"campfire_upgraded":2,"win_rate":0,"timestamp":1564848584,"path_taken":["M","$","?","$","?","R","E","R","T","?","$","?","?","?","R","BOSS","M","M","M"],"build_version":"2019-07-17","purchased_purges":1,"victory":false,"max_hp_per_floor":[66,66,66,66,66,66,66,66,66,66,66,66,66,66,66,66,66,66,66,66],"card_choices":[{"not_picked":["PiercingWail","Dagger Spray"],"picked":"Footwork","floor":1.0},{"not_picked":["Endless Agony","Cloak And Dagger","Calculated Gamble"],"picked":"SKIP","floor":3.0},{"not_picked":["Flying Knee","Caltrops","Tools of the Trade"],"picked":"SKIP","floor":7.0},{"not_picked":["Dagger Spray","Crippling Poison"],"picked":"Deadly Poison","floor":14.0},{"not_picked":["Envenom","A Thousand Cuts"],"picked":"Corpse Explosion","floor":16.0},{"not_picked":["Crippling Poison","Backstab"],"picked":"PiercingWail","floor":18},{"not_picked":["Prepared","Masterful Stab+1","Distraction"],"picked":"SKIP","floor":19}],"player_experience":160839,"relics_obtained":[{"floor":7.0,"key":"Bronze Scales"},{"floor":9.0,"key":"Bottled Lightning"}],"event_choices":[{"cards_removed":["Strike_G"],"damage_healed":0.0,"max_hp_gain":0.0,"max_hp_loss":0.0,"gold_gain":0.0,"event_name":"Golden Wing","player_choice":"Card Removal","floor":5.0,"gold_loss":0.0,"damage_taken":7.0},{"damage_healed":0.0,"max_hp_gain":0.0,"max_hp_loss":0.0,"gold_gain":0.0,"event_name":"Golden Idol","player_choice":"Take Damage","floor":10.0,"gold_loss":0.0,"damage_taken":23.0,"relics_obtained":["Golden Idol"]},{"damage_healed":0.0,"max_hp_gain":0.0,"max_hp_loss":0.0,"gold_gain":0.0,"event_name":"Dead Adventurer","player_choice":"Searched \u00271\u0027 times","floor":12.0,"gold_loss":0.0,"damage_taken":0.0}],"is_beta":false,"boss_relics":[{"not_picked":["Runic Pyramid","Lizard Tail"],"picked":"Eternal Feather"}],"items_purged_floors":[11],"is_endless":false,"potions_floor_spawned":[16,18],"killed_by":"Centurion and Healer","ascension_level":17}