{"gold_per_floor":[368,378,397,408,419,419,453,79,131,108,133,1,1,13,13,113,113,128,128,139,139,139,139,58,84,153,153],"floor_reached":27,"playtime":1911,"items_purged":["Regret"],"score":268,"play_id":"4460e479-0442-4dea-be18-5fbcfaa2b560","local_time":"20190915140901","is_ascension_mode":true,"campfire_choices":[{"floor":6,"key":"REST"},{"data":"Dualcast","floor":13,"key":"SMITH"},{"data":"Zap","floor":15,"key":"SMITH"},{"floor":23,"key":"REST"}],"neow_cost":"CURSE","seed_source_timestamp":266673465046200,"circlet_count":0,"master_deck":["Zap+1","Dualcast+1","Redo","Coolheaded","Streamline","Reboot","Conserve Battery","Go for the Eyes","Ball Lightning","Compile Driver","Ball Lightning","Echo Form","Creative AI","Redo","Double Energy","Biased Cognition","Reinforced Body","Sunder","Reprogram","Hyperbeam","Storm","Coolheaded","Glacier"],"relics":["Cracked Core","Blood Vial","Meat on the Bone","MawBank","Bronze Scales","Pandora\u0027s Box","Nilry\u0027s Codex","Letter Opener","Sundial"],"potions_floor_usage":[5,16,16,18,27],"damage_taken":[{"damage":10,"enemies":"Cultist","floor":1,"turns":4},{"damage":4,"enemies":"2 Louse","floor":2,"turns":2},{"damage":19,"enemies":"Small Slimes","floor":3,"turns":3},{"damage":3,"enemies":"3 Louse","floor":4,"turns":3},{"damage":15,"enemies":"Large Slime","floor":5,"turns":4},{"damage":39,"enemies":"Lagavulin","floor":7,"turns":9},{"damage":0,"enemies":"Exordium Wildlife","floor":11,"turns":3},{"damage":9,"enemies":"2 Fungi Beasts","floor":14,"turns":2},{"damage":34,"enemies":"The Guardian","floor":16,"turns":8},{"damage":4,"enemies":"Spheric Guardian","floor":18,"turns":3},{"damage":14,"enemies":"Shell Parasite","floor":20,"turns":5},{"damage":20,"enemies":"Book of Stabbing","floor":25,"turns":6},{"damage":58,"enemies":"Gremlin Leader","floor":27,"turns":4}],"seed_played":"-8068941605038824316","potions_obtained":[{"floor":2,"key":"PowerPotion"},{"floor":3,"key":"Swift Potion"},{"floor":11,"key":"Weak Potion"},{"floor":14,"key":"Swift Potion"},{"floor":20,"key":"EssenceOfSteel"}],"is_trial":false,"path_per_floor":["M","M","M","M","M","R","E","$","T","?","M","$","R","M","R","B",null,"M","?","M","?","?","R","$","E","T","E"],"character_chosen":"DEFECT","items_purchased":["Meat on the Bone","Ball Lightning","Bronze Scales","Glacier"],"campfire_rested":2,"item_purchase_floors":[8,8,12,24],"current_hp_per_floor":[65,61,42,39,24,46,7,7,7,25,39,39,39,44,44,24,75,71,55,43,43,29,53,53,47,47,0],"gold":153,"neow_bonus":"TWO_FIFTY_GOLD","is_prod":false,"is_daily":false,"chose_seed":false,"campfire_upgraded":2,"win_rate":0,"timestamp":1568549341,"path_taken":["M","M","M","?","M","R","E","$","T","?","M","$","R","M","R","BOSS","M","?","M","?","?","R","$","E","T","E"],"build_version":"2019-07-17","purchased_purges":1,"victory":false,"max_hp_per_floor":[75,75,75,75,75,75,75,75,75,75,75,75,75,75,75,75,75,75,75,75,75,80,80,80,80,80,80],"card_choices":[{"not_picked":["Chaos","Sunder"],"picked":"Redo","floor":1},{"not_picked":["Streamline","Gash"],"picked":"Coolheaded","floor":2},{"not_picked":["Turbo","Genetic Algorithm"],"picked":"Streamline","floor":3},{"not_picked":["Aggregate","Stack"],"picked":"Reboot","floor":4},{"not_picked":["Coolheaded","Sweeping Beam"],"picked":"Conserve Battery","floor":5},{"not_picked":["Blizzard","Meteor Strike"],"picked":"Go for the Eyes","floor":7},{"not_picked":["Stack","Turbo"],"picked":"Compile Driver","floor":11},{"not_picked":["Redo","Steam"],"picked":"Ball Lightning","floor":14},{"not_picked":["All For One","Biased Cognition"],"picked":"Echo Form","floor":16},{"not_picked":["Ball Lightning","Sweeping Beam"],"picked":"Storm","floor":18},{"not_picked":["Compile Driver","Genetic Algorithm"],"picked":"Coolheaded","floor":20},{"not_picked":["Fusion","Barrage","Self Repair"],"picked":"SKIP","floor":25}],"player_experience":146560,"relics_obtained":[{"floor":7,"key":"Blood Vial"},{"floor":9,"key":"MawBank"},{"floor":19,"key":"Nilry\u0027s Codex"},{"floor":25,"key":"Letter Opener"},{"floor":26,"key":"Sundial"}],"event_choices":[{"damage_healed":18,"gold_gain":0,"player_choice":"Healed","damage_taken":0,"max_hp_gain":0,"max_hp_loss":0,"event_name":"The Cleric","floor":10,"gold_loss":35},{"damage_healed":0,"gold_gain":0,"player_choice":"Obtained Book","damage_taken":16,"max_hp_gain":0,"max_hp_loss":0,"event_name":"Cursed Tome","floor":19,"gold_loss":0},{"damage_healed":0,"gold_gain":0,"player_choice":"Ignored","damage_taken":0,"max_hp_gain":0,"max_hp_loss":0,"event_name":"The Mausoleum","floor":21,"gold_loss":0},{"damage_healed":0,"gold_gain":0,"player_choice":"Shed Blood","damage_taken":19,"max_hp_gain":5,"max_hp_loss":0,"event_name":"Forgotten Altar","floor":22,"gold_loss":0}],"is_beta":false,"boss_relics":[{"not_picked":["Sozu","Lizard Tail"],"picked":"Pandora\u0027s Box"}],"items_purged_floors":[8],"is_endless":false,"potions_floor_spawned":[2,3,11,14,20],"killed_by":"Gremlin Leader","ascension_level":3}