{"gold_per_floor":[119,138,10,20,39,64,81,81,81,106,118,118,136,311,311,416,416,426,426,426,440,450,450,496,496],"floor_reached":25,"playtime":2460,"items_purged":[],"score":252,"play_id":"6196a8a8-58f7-4f38-bc43-62e119902444","local_time":"20191013224935","is_ascension_mode":true,"campfire_choices":[{"data":"Zap","floor":12,"key":"SMITH"},{"data":"Dualcast","floor":15,"key":"SMITH"},{"data":"Redo","floor":23,"key":"SMITH"}],"neow_cost":"NONE","seed_source_timestamp":2414910316720545,"circlet_count":0,"master_deck":["Zap+1","Dualcast+1","Genetic Algorithm","Multi-Cast","Seek","Reinforced Body","Barrage","Blizzard","Coolheaded","Chaos","Gash","Go for the Eyes","Capacitor","Steam","Redo+1","Glacier","Self Repair","Go for the Eyes","BootSequence","Steam","Tempest","Doubt","Buffer","Steam","Necronomicurse","Turbo"],"relics":["Pandora\u0027s Box","Mango","Unceasing Top","FossilizedHelix","SlaversCollar","Necronomicon","Anchor"],"potions_floor_usage":[13,16,22],"damage_taken":[{"damage":2,"enemies":"Cultist","floor":1,"turns":4},{"damage":8,"enemies":"Jaw Worm","floor":2,"turns":5},{"damage":3,"enemies":"2 Louse","floor":4,"turns":4},{"damage":5,"enemies":"Large Slime","floor":5,"turns":7},{"damage":0,"enemies":"Lagavulin","floor":6,"turns":7},{"damage":15,"enemies":"Exordium Thugs","floor":7,"turns":7},{"damage":14,"enemies":"3 Sentries","floor":10,"turns":10},{"damage":9,"enemies":"Gremlin Gang","floor":11,"turns":5},{"damage":0,"enemies":"Large Slime","floor":13,"turns":6},{"damage":15,"enemies":"Hexaghost","floor":16,"turns":13},{"damage":16,"enemies":"3 Byrds","floor":18,"turns":8},{"damage":0,"enemies":"Spheric Guardian","floor":21,"turns":7},{"damage":7,"enemies":"Snake Plant","floor":22,"turns":8},{"damage":76,"enemies":"3 Cultists","floor":25,"turns":6}],"seed_played":"-552340713109203300","potions_obtained":[{"floor":2,"key":"Ancient Potion"},{"floor":4,"key":"Regen Potion"},{"floor":6,"key":"Explosive Potion"},{"floor":7,"key":"Energy Potion"},{"floor":16,"key":"DuplicationPotion"},{"floor":18,"key":"Weak Potion"},{"floor":22,"key":"LiquidBronze"}],"is_trial":false,"path_per_floor":["M","M","$","M","M","E","M","?","T","E","M","R","M","?","R","B",null,"M","?","?","M","M","R","T","M"],"character_chosen":"DEFECT","items_purchased":["Capacitor","Steam"],"campfire_rested":0,"item_purchase_floors":[3,3],"current_hp_per_floor":[73,65,65,62,57,71,63,60,60,53,51,51,70,70,70,62,89,80,80,64,71,71,71,71,0],"gold":496,"neow_bonus":"BOSS_RELIC","is_prod":false,"is_daily":false,"chose_seed":false,"campfire_upgraded":3,"win_rate":0,"timestamp":1571003375,"path_taken":["M","M","?","M","M","E","M","?","T","E","M","R","M","?","R","BOSS","M","?","?","?","?","R","?","M"],"build_version":"2019-09-09v2","purchased_purges":0,"victory":false,"max_hp_per_floor":[75,75,75,75,75,89,89,89,89,89,89,89,89,89,89,89,89,89,89,89,89,89,89,89,89],"card_choices":[{"not_picked":["Conserve Battery","Darkness"],"picked":"Gash","floor":1},{"not_picked":["Cold Snap","Turbo"],"picked":"Go for the Eyes","floor":2},{"not_picked":["Cold Snap","Multi-Cast"],"picked":"Redo","floor":4},{"not_picked":["Sweeping Beam","Barrage"],"picked":"Glacier","floor":5},{"not_picked":["Barrage","Beam Cell"],"picked":"Self Repair","floor":6},{"not_picked":["Hello World","Conserve Battery"],"picked":"Go for the Eyes","floor":7},{"not_picked":["Barrage","Hyperbeam"],"picked":"BootSequence","floor":10},{"not_picked":["Streamline","Hello World"],"picked":"Steam","floor":11},{"not_picked":["Consume","Scrape"],"picked":"Tempest","floor":13},{"not_picked":["Hyperbeam","Meteor Strike"],"picked":"Buffer","floor":16},{"not_picked":["Static Discharge+1","Chaos"],"picked":"Steam","floor":18},{"not_picked":["Compile Driver+1","Blizzard+1","Rebound"],"picked":"SKIP","floor":21},{"not_picked":["Defragment","Cold Snap"],"picked":"Turbo","floor":22}],"player_experience":179099,"relics_obtained":[{"floor":6,"key":"Mango"},{"floor":10,"key":"FossilizedHelix"},{"floor":20,"key":"Necronomicon"},{"floor":24,"key":"Anchor"}],"event_choices":[{"damage_healed":0,"gold_gain":0,"player_choice":"Success","damage_taken":3,"relics_obtained":["Unceasing Top"],"max_hp_gain":0,"max_hp_loss":0,"event_name":"Scrap Ooze","floor":8,"gold_loss":0},{"damage_healed":0,"gold_gain":175,"player_choice":"AGREE","damage_taken":0,"max_hp_gain":0,"max_hp_loss":0,"event_name":"Liars Game","floor":14,"gold_loss":0,"cards_obtained":["Doubt"]},{"damage_healed":0,"gold_gain":0,"player_choice":"Ignored","damage_taken":0,"max_hp_gain":0,"max_hp_loss":0,"event_name":"Vampires","floor":19,"gold_loss":0},{"damage_healed":0,"gold_gain":0,"player_choice":"Obtained Book","damage_taken":16,"max_hp_gain":0,"max_hp_loss":0,"event_name":"Cursed Tome","floor":20,"gold_loss":0}],"is_beta":true,"boss_relics":[{"not_picked":["Snecko Eye","Ectoplasm"],"picked":"SlaversCollar"}],"items_purged_floors":[],"is_endless":false,"potions_floor_spawned":[2,4,6,7,16,18,21,22],"killed_by":"3 Cultists","ascension_level":1}