{"gold_per_floor":[112,124,199,199,209,238,238,265,311,324,324],"floor_reached":11,"playtime":568,"items_purged":[],"score":91,"play_id":"bb6cec59-d91a-4754-b785-1220db00d629","local_time":"20191015144111","is_ascension_mode":true,"campfire_choices":[{"data":"Flame Barrier","floor":7,"key":"SMITH"}],"neow_cost":"NONE","seed_source_timestamp":2560298785044834,"circlet_count":0,"master_deck":["Strike_R","Strike_R","Strike_R","Strike_R","Strike_R","Defend_R","Defend_R","Defend_R","Defend_R","Bash","Flame Barrier+1","Shrug It Off","Shrug It Off","Fiend Fire","Pummel","Armaments"],"relics":["Runic Cube","Blue Candle","Ancient Tea Set","Happy Flower"],"potions_floor_usage":[6,6,8,11],"damage_taken":[{"damage":1,"enemies":"Cultist","floor":1,"turns":4},{"damage":0,"enemies":"2 Louse","floor":2,"turns":3},{"damage":3,"enemies":"Small Slimes","floor":5,"turns":4},{"damage":8,"enemies":"3 Sentries","floor":6,"turns":10},{"damage":34,"enemies":"Lagavulin","floor":8,"turns":9},{"damage":34,"enemies":"Gremlin Gang","floor":10,"turns":6},{"damage":5,"enemies":"3 Sentries","floor":11,"turns":2}],"seed_played":"6959028207257238391","potions_obtained":[{"floor":1,"key":"PowerPotion"},{"floor":4,"key":"Strength Potion"},{"floor":4,"key":"AttackPotion"},{"floor":4,"key":"Regen Potion"},{"floor":10,"key":"Strength Potion"}],"is_trial":false,"path_per_floor":["M","M","?","?","M","E","R","E","T","M","E"],"character_chosen":"IRONCLAD","items_purchased":[],"campfire_rested":0,"item_purchase_floors":[],"current_hp_per_floor":[79,79,68,68,65,57,57,38,38,4,0],"gold":324,"neow_bonus":"BOSS_RELIC","is_prod":false,"is_daily":false,"chose_seed":false,"campfire_upgraded":1,"win_rate":0,"timestamp":1571146871,"path_taken":["M","M","?","?","M","E","R","E","T","M","E"],"build_version":"2019-09-09v2","purchased_purges":0,"victory":false,"max_hp_per_floor":[80,80,80,80,80,80,80,80,80,80,80],"card_choices":[{"not_picked":["Sentinel","Havoc"],"picked":"Flame Barrier","floor":1},{"not_picked":["Iron Wave","Anger"],"picked":"Shrug It Off","floor":2},{"not_picked":["Burning Pact","True Grit"],"picked":"Shrug It Off","floor":5},{"not_picked":["Cleave","Armaments"],"picked":"Fiend Fire","floor":6},{"not_picked":["Thunderclap","True Grit"],"picked":"Pummel","floor":8},{"not_picked":["Cleave","Body Slam"],"picked":"Armaments","floor":10}],"player_experience":212301,"relics_obtained":[{"floor":6,"key":"Blue Candle"},{"floor":8,"key":"Ancient Tea Set"},{"floor":9,"key":"Happy Flower"}],"event_choices":[{"damage_healed":0,"gold_gain":75,"player_choice":"Gather Gold","damage_taken":11,"max_hp_gain":0,"max_hp_loss":0,"event_name":"World of Goop","floor":3,"gold_loss":0},{"damage_healed":0,"gold_gain":0,"player_choice":"Got Potions","damage_taken":0,"max_hp_gain":0,"max_hp_loss":0,"event_name":"Lab","floor":4,"gold_loss":0}],"is_beta":true,"boss_relics":[],"items_purged_floors":[],"is_endless":false,"potions_floor_spawned":[1,10],"killed_by":"3 Sentries","ascension_level":2}