{"gold_per_floor":[117,131,131,31,43,43,62,62,62,96,96,130,145,155,155,233,233,253,271,62,81,1,1,14,44,92,92,17,0,0,18,18,90,90,105,129,129,129,145,173,173,199,251,263,276,376,376,388,388,388,388],"floor_reached":52,"playtime":2257,"items_purged":["Whirlwind"],"score":2209,"play_id":"c14eeba1-15a6-4647-994c-a7d406aa121d","local_time":"20191017124634","is_ascension_mode":true,"campfire_choices":[{"data":"Perfected Strike","floor":6,"key":"SMITH"},{"data":"Bash","floor":8,"key":"SMITH"},{"data":"Evolve","floor":15,"key":"SMITH"},{"floor":23,"key":"REST"},{"data":"Barricade","floor":27,"key":"SMITH"},{"data":"Corruption","floor":32,"key":"SMITH"},{"data":"Offering","floor":41,"key":"SMITH"},{"floor":49,"key":"REST"}],"neow_cost":"NONE","seed_source_timestamp":229401111322600,"circlet_count":0,"master_deck":["AscendersBane","Battle Trance","Power Through","Shrug It Off","Battle Trance","Perfected Strike+1","Evolve+1","Offering","Feel No Pain","Offering","Ghostly Armor","Sentinel","Barricade+1","Dual Wield","Brutality","Offering+1","Anger","Fire Breathing+1","Corruption+1","Seeing Red","Feel No Pain","Shrug It Off","Disarm","Dark Embrace","Body Slam","Shrug It Off","Warcry","Body Slam","Warcry"],"relics":["Burning Blood","Eternal Feather","Bronze Scales","Self Forming Clay","Pandora\u0027s Box","Akabeko","Ancient Tea Set","Mark of Pain","Dream Catcher","Anchor","Strawberry","StoneCalendar"],"potions_floor_usage":[10,11,12,16,19,21,24,33,40,50,51],"damage_taken":[{"damage":4,"enemies":"Small Slimes","floor":1,"turns":4},{"damage":7,"enemies":"Cultist","floor":2,"turns":4},{"damage":2,"enemies":"2 Louse","floor":5,"turns":3},{"damage":5,"enemies":"Blue Slaver","floor":7,"turns":5},{"damage":27,"enemies":"Gremlin Nob","floor":10,"turns":4},{"damage":12,"enemies":"Lagavulin","floor":12,"turns":5},{"damage":4,"enemies":"2 Fungi Beasts","floor":13,"turns":3},{"damage":6,"enemies":"Red Slaver","floor":14,"turns":1},{"damage":44,"enemies":"Hexaghost","floor":16,"turns":12},{"damage":24,"enemies":"Spheric Guardian","floor":18,"turns":7},{"damage":39,"enemies":"Shell Parasite","floor":19,"turns":4},{"damage":29,"enemies":"Shelled Parasite and Fungi","floor":21,"turns":4},{"damage":15,"enemies":"Sentry and Sphere","floor":24,"turns":4},{"damage":38,"enemies":"Gremlin Leader","floor":25,"turns":5},{"damage":14,"enemies":"3 Cultists","floor":31,"turns":4},{"damage":23,"enemies":"Collector","floor":33,"turns":8},{"damage":15,"enemies":"Orb Walker","floor":35,"turns":4},{"damage":31,"enemies":"3 Shapes","floor":39,"turns":3},{"damage":12,"enemies":"Nemesis","floor":40,"turns":7},{"damage":19,"enemies":"Giant Head","floor":42,"turns":5},{"damage":7,"enemies":"3 Darklings","floor":44,"turns":3},{"damage":3,"enemies":"Maw","floor":45,"turns":6},{"damage":7,"enemies":"Mind Bloom Boss Battle","floor":46,"turns":3},{"damage":12,"enemies":"Spire Growth","floor":48,"turns":3},{"damage":13,"enemies":"Donu and Deca","floor":50,"turns":3},{"damage":38,"enemies":"Time Eater","floor":51,"turns":8}],"seed_played":"8265782574813200890","potions_obtained":[{"floor":5,"key":"Weak Potion"},{"floor":7,"key":"Dexterity Potion"},{"floor":10,"key":"Block Potion"},{"floor":11,"key":"Fruit Juice"},{"floor":11,"key":"SpeedPotion"},{"floor":14,"key":"LiquidMemories"},{"floor":16,"key":"FearPotion"},{"floor":18,"key":"BloodPotion"},{"floor":31,"key":"Regen Potion"},{"floor":39,"key":"BloodPotion"},{"floor":42,"key":"EssenceOfSteel"},{"floor":46,"key":"Block Potion"}],"is_trial":false,"path_per_floor":["M","M","?","$","M","R","M","R","T","E","?","E","M","M","R","B",null,"M","M","$","M","$","R","M","E","T","R","?","?","?","M","R","B",null,"M","T","?","?","M","E","R","E","T","M","M","?","?","M","R","B","B",null],"character_chosen":"IRONCLAD","items_purchased":["Shrug It Off","Battle Trance","BloodPotion","Corruption","Feel No Pain"],"campfire_rested":2,"item_purchase_floors":[4,4,20,20,22],"current_hp_per_floor":[77,76,51,51,55,55,56,56,56,35,40,34,36,36,45,7,67,49,33,33,27,27,65,56,24,24,39,39,39,39,31,46,44,76,67,67,67,67,42,53,68,62,62,61,64,63,63,57,94,87,55],"gold":388,"neow_bonus":"TEN_PERCENT_HP_BONUS","is_prod":false,"is_daily":false,"chose_seed":false,"campfire_upgraded":6,"win_rate":0,"timestamp":1571341594,"path_taken":["M","M","?","$","M","R","M","R","T","E","?","E","M","M","R","BOSS","M","M","$","?","?","R","M","E","T","R","?","?","?","?","R","BOSS","M","?","?","?","M","E","R","E","T","M","?","?","?","?","R","BOSS","BOSS"],"build_version":"2019-10-16","purchased_purges":1,"victory":true,"max_hp_per_floor":[82,82,82,82,82,82,82,82,82,82,87,87,87,87,87,87,87,87,87,87,87,87,87,87,87,87,87,87,87,87,87,87,87,87,87,87,87,87,87,87,87,94,94,94,94,94,94,94,94,94,94],"card_choices":[{"not_picked":["Pommel Strike","Flame Barrier"],"picked":"Battle Trance","floor":1},{"not_picked":["Body Slam","Sword Boomerang"],"picked":"Power Through","floor":2},{"not_picked":["Armaments","Twin Strike"],"picked":"Perfected Strike","floor":5},{"not_picked":["Clothesline","Fire Breathing"],"picked":"Evolve","floor":7},{"not_picked":["Dropkick","Inflame","Uppercut"],"picked":"SKIP","floor":10},{"not_picked":["Evolve","Thunderclap","Cleave"],"picked":"SKIP","floor":12},{"not_picked":["Cleave","Havoc"],"picked":"Offering","floor":13},{"not_picked":["Heavy Blade","Rage"],"picked":"Feel No Pain","floor":14},{"not_picked":["Brutality","Reaper"],"picked":"Offering","floor":16},{"not_picked":["Sword Boomerang","Searing Blow"],"picked":"Anger","floor":18},{"not_picked":["Iron Wave+1","Corruption"],"picked":"Fire Breathing+1","floor":19},{"not_picked":["Headbutt","Iron Wave"],"picked":"Seeing Red","floor":21},{"not_picked":["Twin Strike","Armaments"],"picked":"Shrug It Off","floor":24},{"not_picked":["Sever Soul","Reckless Charge+1"],"picked":"Disarm","floor":25},{"not_picked":["Anger","Wild Strike","Clothesline"],"picked":"SKIP","floor":31},{"not_picked":["Fiend Fire","Exhume"],"picked":"Dark Embrace","floor":33},{"not_picked":["Iron Wave+1","Dropkick+1","Carnage"],"picked":"SKIP","floor":35},{"not_picked":["Hemokinesis","Heavy Blade","True Grit"],"picked":"SKIP","floor":39},{"not_picked":["Disarm","Seeing Red+1"],"picked":"Body Slam","floor":40},{"not_picked":["Searing Blow","Reckless Charge","Cleave"],"picked":"SKIP","floor":42},{"not_picked":["Headbutt","Carnage","Cleave"],"picked":"SKIP","floor":44},{"not_picked":["Rampage","Thunderclap","Perfected Strike"],"picked":"SKIP","floor":45},{"not_picked":["Flame Barrier","True Grit"],"picked":"Shrug It Off","floor":46},{"not_picked":["Havoc","Inflame"],"picked":"Body Slam","floor":48},{"not_picked":["Blood for Blood","Anger"],"picked":"Warcry","floor":49}],"player_experience":1615988,"relics_obtained":[{"floor":9,"key":"Eternal Feather"},{"floor":10,"key":"Bronze Scales"},{"floor":12,"key":"Self Forming Clay"},{"floor":25,"key":"Akabeko"},{"floor":26,"key":"Ancient Tea Set"},{"floor":36,"key":"Dream Catcher"},{"floor":40,"key":"Anchor"},{"floor":42,"key":"Strawberry"},{"floor":46,"key":"StoneCalendar"}],"event_choices":[{"damage_healed":0,"gold_gain":0,"player_choice":"Entered Light","damage_taken":25,"max_hp_gain":0,"max_hp_loss":0,"event_name":"Shining Light","floor":3,"gold_loss":0,"cards_upgraded":["Defend_R","Defend_R"]},{"damage_healed":0,"gold_gain":0,"player_choice":"Got Potions","damage_taken":0,"max_hp_gain":0,"max_hp_loss":0,"event_name":"Lab","floor":11,"gold_loss":0},{"cards_removed":["Twin Strike"],"damage_healed":0,"gold_gain":0,"player_choice":"Gave Gold","damage_taken":0,"max_hp_gain":0,"max_hp_loss":0,"event_name":"Beggar","floor":28,"gold_loss":75},{"damage_healed":0,"gold_gain":0,"player_choice":"Paid Fearfully","damage_taken":0,"max_hp_gain":0,"max_hp_loss":0,"event_name":"Masked Bandits","floor":29,"gold_loss":17},{"damage_healed":0,"gold_gain":0,"player_choice":"Smashed Altar","damage_taken":0,"max_hp_gain":0,"max_hp_loss":0,"event_name":"Forgotten Altar","floor":30,"gold_loss":0,"cards_obtained":["Decay"]},{"cards_removed":["Bash"],"damage_healed":0,"gold_gain":0,"player_choice":"Removed Attack","damage_taken":0,"max_hp_gain":0,"max_hp_loss":0,"event_name":"Falling","floor":37,"gold_loss":0},{"cards_removed":["Decay"],"damage_healed":0,"gold_gain":0,"player_choice":"Card Removal","damage_taken":0,"max_hp_gain":0,"max_hp_loss":0,"event_name":"Wheel of Change","floor":38,"gold_loss":0},{"damage_healed":0,"gold_gain":0,"player_choice":"Fight","damage_taken":0,"max_hp_gain":0,"max_hp_loss":0,"event_name":"MindBloom","floor":46,"gold_loss":0},{"damage_healed":0,"gold_gain":0,"cards_transformed":["Intimidate"],"player_choice":"Transformed","damage_taken":0,"max_hp_gain":0,"max_hp_loss":0,"event_name":"Transmorgrifier","floor":47,"gold_loss":0,"cards_obtained":["Warcry"]}],"is_beta":true,"boss_relics":[{"not_picked":["Tiny House","Empty Cage"],"picked":"Pandora\u0027s Box"},{"not_picked":["Busted Crown","Philosopher\u0027s Stone"],"picked":"Mark of Pain"}],"items_purged_floors":[20],"is_endless":false,"potions_floor_spawned":[5,7,10,14,16,18,31,39,42,46],"ascension_level":20}