{"gold_per_floor":[110,6,23,23,33,62,62,62,62,79,79,99,126,51,51,127,127,145,145,145,195,207,207,218,251,251,251,327,337,337,356,356,434,434,450,187,187,207,225,258,258,290,290,317,337,287,31,41,41,41,41],"floor_reached":51,"playtime":2124,"items_purged":["Strike_R","Anger"],"score":1480,"play_id":"64895360-9616-4279-8a50-0ffffb132c24","local_time":"20191018175916","is_ascension_mode":true,"campfire_choices":[{"data":"Hemokinesis","floor":7.0,"key":"SMITH"},{"floor":11.0,"key":"REST"},{"floor":15.0,"key":"REST"},{"data":"Demon Form","floor":23,"key":"SMITH"},{"data":"Shockwave","floor":27,"key":"SMITH"},{"data":"Flame Barrier","floor":30,"key":"SMITH"},{"data":"Whirlwind","floor":32,"key":"SMITH"},{"floor":41,"key":"REST"},{"floor":49,"key":"REST"}],"neow_cost":"NONE","seed_source_timestamp":334689650675200,"circlet_count":0,"master_deck":["AscendersBane","Strike_R","Strike_R+1","Strike_R","Strike_R+1","Defend_R+1","Defend_R","Defend_R+1","Defend_R","Bash","Power Through","Perfected Strike","Power Through+1","Hemokinesis+1","Flame Barrier+1","Demon Form+1","Offering","Whirlwind+1","Shockwave+1","Armaments+1","Evolve+1","Limit Break+1","Heavy Blade+1","Demon Form","Heavy Blade","Feel No Pain","Fiend Fire","Barricade","Feel No Pain+1","Burning Pact+1","Disarm+1","Disarm+1","Flame Barrier+1"],"special_seed":0,"relics":["Burning Blood","Akabeko","Question Card","White Beast Statue","Happy Flower","Snecko Eye","War Paint","Toxic Egg 2","Kunai","SlaversCollar","Anchor","Bottled Lightning","Magic Flower","Darkstone Periapt","Vajra","Orrery"],"potions_floor_usage":[24,25,33,40,44,50],"damage_taken":[{"damage":2.0,"enemies":"Small Slimes","floor":1.0,"turns":4.0},{"damage":2.0,"enemies":"Jaw Worm","floor":3.0,"turns":3.0},{"damage":0.0,"enemies":"Cultist","floor":5.0,"turns":4.0},{"damage":35.0,"enemies":"3 Sentries","floor":6.0,"turns":10.0},{"damage":0.0,"enemies":"2 Fungi Beasts","floor":10.0,"turns":3.0},{"damage":0.0,"enemies":"Large Slime","floor":12.0,"turns":6.0},{"damage":34.0,"enemies":"Lagavulin","floor":13.0,"turns":5.0},{"damage":35.0,"enemies":"Slime Boss","floor":16.0,"turns":11.0},{"damage":12.0,"enemies":"Shell Parasite","floor":18.0,"turns":3.0},{"damage":0,"enemies":"Chosen","floor":22,"turns":3},{"damage":0,"enemies":"Sentry and Sphere","floor":24,"turns":1},{"damage":17,"enemies":"Book of Stabbing","floor":25,"turns":4},{"damage":0,"enemies":"Centurion and Healer","floor":29,"turns":1},{"damage":0,"enemies":"Chosen and Byrds","floor":31,"turns":5},{"damage":11,"enemies":"Collector","floor":33,"turns":5},{"damage":8,"enemies":"3 Shapes","floor":35,"turns":8},{"damage":7,"enemies":"3 Darklings","floor":38,"turns":4},{"damage":14,"enemies":"Jaw Worm Horde","floor":39,"turns":5},{"damage":45,"enemies":"Reptomancer","floor":40,"turns":5},{"damage":13,"enemies":"Nemesis","floor":42,"turns":5},{"damage":19,"enemies":"Giant Head","floor":44,"turns":5},{"damage":19,"enemies":"Writhing Mass","floor":45,"turns":3},{"damage":0,"enemies":"Maw","floor":48,"turns":6},{"damage":17,"enemies":"Donu and Deca","floor":50,"turns":5},{"damage":59,"enemies":"Awakened One","floor":51,"turns":4}],"seed_played":"1085466956071371482","potions_obtained":[{"floor":6.0,"key":"LiquidBronze"},{"floor":10.0,"key":"Regen Potion"},{"floor":12.0,"key":"Ancient Potion"},{"floor":13.0,"key":"EssenceOfSteel"},{"floor":16.0,"key":"SteroidPotion"},{"floor":18.0,"key":"Fire Potion"},{"floor":22,"key":"GamblersBrew"},{"floor":24,"key":"SpeedPotion"},{"floor":25,"key":"Weak Potion"},{"floor":29,"key":"PowerPotion"},{"floor":33,"key":"FearPotion"},{"floor":35,"key":"SmokeBomb"},{"floor":40,"key":"Strength Potion"},{"floor":44,"key":"Swift Potion"},{"floor":45,"key":"Block Potion"}],"is_trial":false,"path_per_floor":["M","$","M","?","M","E","R","?","T","M","R","M","E","$","R","B",null,"M","?","?","?","M","R","M","E","T","R","T","M","R","M","R","B",null,"M","$","?","M","M","E","R","E","T","E","M","?","$","M","R","B","B"],"character_chosen":"IRONCLAD","items_purchased":["Perfected Strike","Power Through","Anchor","Orrery","Flame Barrier+1"],"campfire_rested":4,"item_purchase_floors":[2,2,36,47,47],"current_hp_per_floor":[79,79,82,56,62,33,33,8,8,14,38,59,31,31,55,26,68,62,62,62,62,68,68,74,63,63,63,63,69,69,75,75,70,79,77,77,77,76,68,29,53,46,46,36,26,26,26,35,59,51,0],"gold":41,"neow_bonus":"TEN_PERCENT_HP_BONUS","is_prod":false,"is_daily":false,"chose_seed":false,"campfire_upgraded":5,"win_rate":0,"timestamp":1571446756,"path_taken":["M","$","M","?","M","E","R","?","T","?","R","M","E","?","R","BOSS","M","?","?","?","M","R","M","E","T","R","?","?","R","M","R","BOSS","M","$","?","M","M","E","R","E","T","E","M","?","$","M","R","BOSS","BOSS"],"build_version":"2019-10-17","purchased_purges":2,"victory":false,"max_hp_per_floor":[82,82,82,82,82,82,82,82,82,82,82,82,82,82,82,82,82,82,82,82,82,82,82,82,82,82,82,82,82,82,82,82,82,82,82,82,82,82,82,82,82,82,82,82,82,82,82,82,82,82,82],"card_choices":[{"not_picked":["Shrug It Off","Sword Boomerang"],"picked":"Power Through","floor":1.0},{"not_picked":["Armaments","Cleave"],"picked":"Anger","floor":3.0},{"not_picked":["Pommel Strike","Iron Wave","Clothesline"],"picked":"SKIP","floor":5.0},{"not_picked":["Body Slam","Exhume"],"picked":"Hemokinesis","floor":6.0},{"not_picked":["Carnage","Twin Strike","Infernal Blade","Havoc"],"picked":"SKIP","floor":10.0},{"not_picked":["Headbutt","Infernal Blade","Wild Strike"],"picked":"Flame Barrier","floor":12.0},{"not_picked":["Thunderclap","Wild Strike","Inflame"],"picked":"Demon Form","floor":13.0},{"not_picked":["Bludgeon","Brutality","Double Tap"],"picked":"Offering","floor":16.0},{"not_picked":["Cleave","Uppercut","Twin Strike+1"],"picked":"Whirlwind","floor":18.0},{"not_picked":["Sword Boomerang","Rampage","Shrug It Off"],"picked":"Shockwave","floor":22},{"not_picked":["Ghostly Armor","Pommel Strike","Rampage+1","Headbutt"],"picked":"SKIP","floor":24},{"not_picked":["Double Tap","Havoc","Flex"],"picked":"Armaments+1","floor":25},{"not_picked":["Pommel Strike","Ghostly Armor+1","Headbutt","Seeing Red+1"],"picked":"SKIP","floor":29},{"not_picked":["Dual Wield+1","True Grit+1","Flex+1"],"picked":"Evolve+1","floor":31},{"not_picked":["Immolate","Brutality","Dark Embrace"],"picked":"Limit Break+1","floor":33},{"not_picked":["Searing Blow","Twin Strike","Pommel Strike+1"],"picked":"Heavy Blade","floor":35},{"not_picked":["Warcry+1","Wild Strike","Sword Boomerang+1"],"picked":"Demon Form","floor":38},{"not_picked":["Sword Boomerang","Twin Strike","Clash","Infernal Blade+1"],"picked":"SKIP","floor":39},{"not_picked":["Iron Wave+1","Headbutt","Wild Strike"],"picked":"Heavy Blade","floor":40},{"not_picked":["Burning Pact+1","Ghostly Armor+1","Sword Boomerang"],"picked":"Feel No Pain","floor":42},{"not_picked":["True Grit+1","Entrench+1","Body Slam"],"picked":"Fiend Fire","floor":44},{"not_picked":["Havoc+1","Warcry+1","Infernal Blade+1","Battle Trance+1"],"picked":"SKIP","floor":45},{"not_picked":["Ghostly Armor+1","Headbutt","Clothesline"],"picked":"Barricade","floor":47},{"not_picked":["Body Slam+1","Intimidate+1","Armaments+1"],"picked":"Feel No Pain+1","floor":47},{"not_picked":["Shrug It Off+1","Sentinel+1","Perfected Strike+1"],"picked":"Burning Pact+1","floor":47},{"not_picked":["Pommel Strike","Thunderclap","Iron Wave+1"],"picked":"Disarm+1","floor":47},{"not_picked":["Feed","Armaments+1","Uppercut"],"picked":"Disarm+1","floor":47},{"not_picked":["Flex+1","Warcry+1","Rampage","Clash+1"],"picked":"SKIP","floor":48}],"player_experience":1644459,"relics_obtained":[{"floor":6.0,"key":"Question Card"},{"floor":9.0,"key":"White Beast Statue"},{"floor":13.0,"key":"Happy Flower"},{"floor":25,"key":"War Paint"},{"floor":26,"key":"Toxic Egg 2"},{"floor":28,"key":"Kunai"},{"floor":40,"key":"Bottled Lightning"},{"floor":42,"key":"Magic Flower"},{"floor":43,"key":"Darkstone Periapt"},{"floor":44,"key":"Vajra"}],"event_choices":[{"damage_healed":0.0,"max_hp_gain":0.0,"max_hp_loss":0.0,"gold_gain":0.0,"event_name":"Scrap Ooze","player_choice":"Success","floor":4.0,"gold_loss":0.0,"damage_taken":26.0,"relics_obtained":["Akabeko"]},{"damage_healed":0.0,"max_hp_gain":0.0,"max_hp_loss":0.0,"gold_gain":0.0,"event_name":"Shining Light","player_choice":"Entered Light","floor":8.0,"gold_loss":0.0,"damage_taken":25.0,"cards_upgraded":["Defend_R","Strike_R"]},{"damage_healed":0.0,"max_hp_gain":0.0,"max_hp_loss":0.0,"gold_gain":0.0,"event_name":"Ghosts","player_choice":"Ignored","floor":19.0,"gold_loss":0.0,"damage_taken":0.0},{"damage_healed":0.0,"max_hp_gain":0.0,"max_hp_loss":0.0,"gold_gain":0.0,"event_name":"Vampires","player_choice":"Ignored","floor":20.0,"gold_loss":0.0,"damage_taken":0.0},{"damage_healed":0.0,"max_hp_gain":0.0,"max_hp_loss":0.0,"gold_gain":50.0,"event_name":"Nest","player_choice":"Stole From Cult","floor":21.0,"gold_loss":0.0,"damage_taken":0.0},{"damage_healed":0,"gold_gain":0,"player_choice":"Ignored","damage_taken":0,"max_hp_gain":0,"max_hp_loss":0,"event_name":"Tomb of Lord Red Mask","floor":37,"gold_loss":0},{"damage_healed":0,"gold_gain":0,"player_choice":"Upgraded Two","damage_taken":0,"max_hp_gain":0,"max_hp_loss":0,"event_name":"Designer","floor":46,"gold_loss":50,"cards_upgraded":["Strike_R","Heavy Blade"]}],"is_beta":true,"boss_relics":[{"not_picked":["Black Star","Philosopher\u0027s Stone"],"picked":"Snecko Eye"},{"not_picked":["Runic Dome","SacredBark"],"picked":"SlaversCollar"}],"items_purged_floors":[14,36],"is_endless":false,"potions_floor_spawned":[6,10,12,13,16,18,22,24,25,29,31,33,35,38,39,40,42,44,45,48],"killed_by":"Awakened One","ascension_level":20}