{"gold_per_floor":[111,121,141,151,3,3,31,62,74,112,143,155],"floor_reached":12,"playtime":976,"items_purged":[],"score":97,"play_id":"5e357fbb-b2ce-492b-b0fb-7f5f661f7e91","local_time":"20190901140341","is_ascension_mode":true,"campfire_choices":[{"data":"Entrench","floor":6.0,"key":"SMITH"}],"neow_cost":"NONE","seed_source_timestamp":146316499204694,"circlet_count":0,"master_deck":["Strike_R","Strike_R","Strike_R","Strike_R","Strike_R","Defend_R","Defend_R","Defend_R","Defend_R","Bash","Inflame","Dropkick","Entrench+1","Uppercut","Offering","Burning Pact","Body Slam"],"special_seed":0,"relics":["Burning Blood","MawBank","Kunai","Matryoshka"],"potions_floor_usage":[12],"damage_taken":[{"damage":1.0,"enemies":"Cultist","floor":1.0,"turns":3.0},{"damage":1.0,"enemies":"Jaw Worm","floor":2.0,"turns":4.0},{"damage":7.0,"enemies":"Small Slimes","floor":3.0,"turns":3.0},{"damage":9.0,"enemies":"Blue Slaver","floor":4.0,"turns":3.0},{"damage":31.0,"enemies":"3 Sentries","floor":7.0,"turns":9.0},{"damage":6.0,"enemies":"3 Louse","floor":8.0,"turns":4.0},{"damage":30.0,"enemies":"Gremlin Nob","floor":10.0,"turns":4.0},{"damage":21.0,"enemies":"Exordium Thugs","floor":11.0,"turns":7.0},{"damage":21,"enemies":"3 Sentries","floor":12,"turns":4}],"seed_played":"8512941446453767205","potions_obtained":[{"floor":2.0,"key":"SteroidPotion"},{"floor":4.0,"key":"Swift Potion"},{"floor":10.0,"key":"Swift Potion"},{"floor":11.0,"key":"GamblersBrew"}],"is_trial":false,"path_per_floor":["M","M","M","M","$","R","E","M","T","E","M","E"],"character_chosen":"IRONCLAD","items_purchased":["Offering"],"campfire_rested":0,"item_purchase_floors":[5],"current_hp_per_floor":[88,88,87,84,84,84,59,59,59,35,20,0],"gold":155,"neow_bonus":"TEN_PERCENT_HP_BONUS","is_prod":false,"is_daily":false,"chose_seed":false,"campfire_upgraded":1,"win_rate":0,"timestamp":1567371821,"path_taken":["M","?","M","M","?","R","E","M","T","E","M","E"],"build_version":"2019-07-17","purchased_purges":0,"victory":false,"max_hp_per_floor":[88,88,88,88,88,88,88,88,88,88,88,88],"card_choices":[{"not_picked":["Sword Boomerang","Thunderclap"],"picked":"Inflame","floor":1.0},{"not_picked":["Blood for Blood","Whirlwind"],"picked":"Dropkick","floor":2.0},{"not_picked":["Sever Soul","Spot Weakness"],"picked":"Entrench","floor":3.0},{"not_picked":["Cleave","Twin Strike"],"picked":"Uppercut","floor":4.0},{"not_picked":["Power Through","Thunderclap","Wild Strike"],"picked":"SKIP","floor":7.0},{"not_picked":["Rupture","Sword Boomerang","Intimidate"],"picked":"SKIP","floor":8.0},{"not_picked":["Metallicize","Reckless Charge"],"picked":"Burning Pact","floor":10.0},{"not_picked":["Rupture","Cleave"],"picked":"Body Slam","floor":11.0}],"player_experience":230772,"relics_obtained":[{"floor":7.0,"key":"MawBank"},{"floor":9.0,"key":"Kunai"},{"floor":10.0,"key":"Matryoshka"}],"event_choices":[],"is_beta":false,"boss_relics":[],"items_purged_floors":[],"is_endless":false,"potions_floor_spawned":[2,4,10,11],"killed_by":"3 Sentries","ascension_level":1}