{"gold_per_floor":[111,127,52,64,64,64,91,61,61,61,80,93,93,108,108,204,204,217,117,132,7,17,43,0,20,20,20,36,47,67,86,86,181,181,195,195,45,45,45,80,80,98,98,98],"floor_reached":44,"playtime":3091,"items_purged":["Strike_R","Strike_R","Strike_R","Defend_R"],"score":589,"play_id":"9f9d31b8-b22c-4ce4-a66a-cb24a59bc4c0","local_time":"20190914012619","is_ascension_mode":true,"campfire_choices":[{"data":"Bash","floor":6,"key":"SMITH"},{"data":"1","floor":13,"key":"LIFT"},{"data":"2","floor":15,"key":"LIFT"},{"floor":32,"key":"REST"},{"floor":41,"key":"REST"}],"neow_cost":"NONE","seed_source_timestamp":133333696354699,"circlet_count":0,"master_deck":["Strike_R","Strike_R","Defend_R+1","Defend_R+1","Bash+1","Iron Wave","Battle Trance","Evolve","Demon Form","Sever Soul","Anger","Iron Wave+1","Offering","Warcry","Cleave","Barricade","Sentinel+1","Entrench","Iron Wave","Immolate","Metallicize","Madness","Madness"],"relics":["Burning Blood","War Paint","Matryoshka","Girya","Self Forming Clay","Magic Flower","Philosopher\u0027s Stone","Blue Candle","Bronze Scales","Letter Opener","Runic Cube","Pocketwatch","Bottled Tornado"],"potions_floor_usage":[7,16,18,25,25,28,29,30,33,42,44],"damage_taken":[{"damage":3,"enemies":"Cultist","floor":1,"turns":4},{"damage":0,"enemies":"2 Louse","floor":2,"turns":2},{"damage":4,"enemies":"Jaw Worm","floor":4,"turns":3},{"damage":51,"enemies":"Lagavulin","floor":7,"turns":8},{"damage":0,"enemies":"Looter","floor":8,"turns":4},{"damage":9,"enemies":"Red Slaver","floor":11,"turns":4},{"damage":11,"enemies":"Exordium Thugs","floor":12,"turns":5},{"damage":6,"enemies":"2 Fungi Beasts","floor":14,"turns":3},{"damage":0,"enemies":"Slime Boss","floor":16,"turns":5},{"damage":13,"enemies":"Shell Parasite","floor":18,"turns":5},{"damage":15,"enemies":"3 Byrds","floor":20,"turns":4},{"damage":28,"enemies":"Snake Plant","floor":22,"turns":4},{"damage":50,"enemies":"Book of Stabbing","floor":23,"turns":5},{"damage":9,"enemies":"Cultist and Chosen","floor":25,"turns":7},{"damage":6,"enemies":"3 Cultists","floor":28,"turns":3},{"damage":17,"enemies":"Snake Plant","floor":29,"turns":3},{"damage":1,"enemies":"Centurion and Healer","floor":30,"turns":6},{"damage":21,"enemies":"Chosen and Byrds","floor":31,"turns":4},{"damage":22,"enemies":"Automaton","floor":33,"turns":14},{"damage":11,"enemies":"Orb Walker","floor":35,"turns":3},{"damage":67,"enemies":"Giant Head","floor":40,"turns":8},{"damage":6,"enemies":"3 Shapes","floor":42,"turns":2},{"damage":53,"enemies":"Writhing Mass","floor":44,"turns":4}],"seed_played":"-5342015363333170645","potions_obtained":[{"floor":2,"key":"Block Potion"},{"floor":11,"key":"Block Potion"},{"floor":14,"key":"AttackPotion"},{"floor":16,"key":"EssenceOfSteel"},{"floor":20,"key":"Regen Potion"},{"floor":23,"key":"Dexterity Potion"},{"floor":25,"key":"AttackPotion"},{"floor":28,"key":"Dexterity Potion"},{"floor":29,"key":"Energy Potion"},{"floor":40,"key":"SkillPotion"},{"floor":42,"key":"Block Potion"}],"is_trial":false,"path_per_floor":["M","M","$","M","?","R","E","M","T","?","M","M","R","M","R","B",null,"M","$","M","$","M","E","?","M","T","?","M","M","M","M","R","B",null,"M","?","$","?","$","E","R","M","T","M"],"character_chosen":"IRONCLAD","items_purchased":[],"campfire_rested":2,"item_purchase_floors":[],"current_hp_per_floor":[80,80,80,80,73,73,28,34,34,27,27,25,25,28,28,37,80,76,76,70,70,51,10,10,24,24,24,27,19,27,15,39,26,80,78,78,78,68,68,10,34,37,37,0],"gold":98,"neow_bonus":"RANDOM_COMMON_RELIC","is_prod":false,"is_daily":false,"chose_seed":false,"campfire_upgraded":1,"win_rate":0,"timestamp":1568417179,"path_taken":["M","?","$","M","?","R","E","M","T","?","M","M","R","M","R","BOSS","M","$","M","$","M","E","?","M","T","?","?","M","M","M","R","BOSS","M","?","$","?","?","E","R","M","T","M"],"build_version":"2019-07-17","purchased_purges":4,"victory":false,"max_hp_per_floor":[80,80,80,80,80,80,80,80,80,80,80,80,80,80,80,80,80,80,80,80,80,80,80,80,80,80,80,80,80,80,80,80,80,80,80,80,80,80,80,80,80,80,80,80],"card_choices":[{"not_picked":["True Grit","Intimidate","Perfected Strike"],"picked":"SKIP","floor":1},{"not_picked":["Wild Strike","Sentinel"],"picked":"Iron Wave","floor":2},{"not_picked":["Warcry","Iron Wave"],"picked":"Battle Trance","floor":4},{"not_picked":["Disarm","Feel No Pain"],"picked":"Evolve","floor":7},{"not_picked":["Armaments","Iron Wave"],"picked":"Demon Form","floor":8},{"not_picked":["Dropkick","Twin Strike"],"picked":"Sever Soul","floor":11},{"not_picked":["Shrug It Off","Ghostly Armor"],"picked":"Anger","floor":12},{"not_picked":["Perfected Strike","Blood for Blood"],"picked":"Iron Wave","floor":14},{"not_picked":["Limit Break","Impervious"],"picked":"Offering","floor":16},{"not_picked":["Clash","Reckless Charge"],"picked":"Warcry","floor":18},{"not_picked":["Heavy Blade","Flame Barrier","Wild Strike"],"picked":"SKIP","floor":20},{"not_picked":["Sword Boomerang","Clothesline"],"picked":"Cleave","floor":22},{"not_picked":["Rage","Clash"],"picked":"Barricade","floor":23},{"not_picked":["Cleave","Clothesline"],"picked":"Sentinel+1","floor":25},{"not_picked":["Cleave","True Grit"],"picked":"Entrench","floor":28},{"not_picked":["Sword Boomerang","Perfected Strike","Warcry"],"picked":"SKIP","floor":29},{"not_picked":["Dropkick","Thunderclap","Dark Embrace"],"picked":"SKIP","floor":30},{"not_picked":["Second Wind","Warcry"],"picked":"Iron Wave","floor":31},{"not_picked":["Limit Break","Barricade"],"picked":"Immolate","floor":33},{"not_picked":["Intimidate","Anger+1"],"picked":"Metallicize","floor":35},{"not_picked":["Anger+1","Pommel Strike+1","Spot Weakness"],"picked":"SKIP","floor":40},{"not_picked":["Perfected Strike","Twin Strike+1","Cleave+1"],"picked":"SKIP","floor":42}],"player_experience":109755,"relics_obtained":[{"floor":7,"key":"Girya"},{"floor":9,"key":"Self Forming Clay"},{"floor":9,"key":"Magic Flower"},{"floor":23,"key":"Blue Candle"},{"floor":26,"key":"Bronze Scales"},{"floor":26,"key":"Letter Opener"},{"floor":40,"key":"Pocketwatch"},{"floor":43,"key":"Bottled Tornado"}],"event_choices":[{"damage_healed":0,"gold_gain":0,"player_choice":"Success","damage_taken":7,"relics_obtained":["Matryoshka"],"max_hp_gain":0,"max_hp_loss":0,"event_name":"Scrap Ooze","floor":5,"gold_loss":0},{"cards_removed":["Defend_R"],"damage_healed":0,"gold_gain":0,"player_choice":"Card Removal","damage_taken":7,"max_hp_gain":0,"max_hp_loss":0,"event_name":"Golden Wing","floor":10,"gold_loss":0},{"damage_healed":0,"gold_gain":0,"player_choice":"Paid Fearfully","damage_taken":0,"max_hp_gain":0,"max_hp_loss":0,"event_name":"Masked Bandits","floor":24,"gold_loss":43},{"damage_healed":0,"gold_gain":0,"player_choice":"Upgraded","damage_taken":0,"max_hp_gain":0,"max_hp_loss":0,"event_name":"Upgrade Shrine","floor":27,"gold_loss":0,"cards_upgraded":["Iron Wave"]},{"damage_healed":0,"gold_gain":0,"player_choice":"Ignored","damage_taken":0,"max_hp_gain":0,"max_hp_loss":0,"event_name":"Tomb of Lord Red Mask","floor":36,"gold_loss":0},{"damage_healed":0,"gold_gain":0,"player_choice":"Embrace Madness","damage_taken":10,"max_hp_gain":0,"max_hp_loss":0,"event_name":"Winding Halls","floor":38,"gold_loss":0,"cards_obtained":["Madness","Madness"]}],"is_beta":false,"boss_relics":[{"not_picked":["Calling Bell","Astrolabe"],"picked":"Philosopher\u0027s Stone"},{"not_picked":["Tiny House","Orrery"],"picked":"Runic Cube"}],"items_purged_floors":[3,19,21,37],"is_endless":false,"potions_floor_spawned":[2,11,14,16,20,23,25,28,29,40,42],"killed_by":"Writhing Mass","ascension_level":3}