{"gold_per_floor":[116,41,41,61,61,105,185,209,209,227,227,262,262,281,281,401,401,415,439,141,141,162,193,193,206,288,302,56,56,56,56,56,185,185,209,209,228,48,61,61,96,109,109,147,160,493,524,524,524,524],"floor_reached":51,"playtime":4968,"items_purged":["Strike_R","Strike_R"],"score":851,"play_id":"979c3b2e-26db-4981-88c9-e979fe4c38b4","local_time":"20190912032615","is_ascension_mode":true,"campfire_choices":[{"data":"Feed","floor":11,"key":"SMITH"},{"data":"Anger","floor":15,"key":"SMITH"},{"data":"Battle Trance","floor":24,"key":"SMITH"},{"data":"Immolate","floor":29,"key":"SMITH"},{"data":"Demon Form","floor":32,"key":"SMITH"},{"data":"Berserk","floor":40,"key":"SMITH"},{"data":"Double Tap","floor":49,"key":"SMITH"}],"neow_cost":"NONE","seed_source_timestamp":86917854388000,"circlet_count":0,"master_deck":["Strike_R","Strike_R+1","Defend_R","Defend_R","Defend_R","Defend_R","Bash+1","Cleave","Headbutt+1","Infernal Blade","Feed+1","Clash","Anger+1","Clash","Dropkick","Demon Form+1","Clash","Warcry+1","Armaments+1","Shrug It Off","Bash","Fire Breathing","Battle Trance+1","Rage","Immolate+1","Brutality","Combust+1","Berserk+1","Battle Trance","Clothesline+1","Disarm+1","Parasite","Shrug It Off+1","Dual Wield","Dual Wield+1","Double Tap+1"],"relics":["Burning Blood","Prayer Wheel","Paper Frog","Meat on the Bone","Ancient Tea Set","Coffee Dripper","Whetstone","Bag of Marbles","Mummified Hand","Ornamental Fan","Darkstone Periapt","White Beast Statue","Centennial Puzzle","Ginger","Sundial","Self Forming Clay","Molten Egg 2"],"potions_floor_usage":[6,33,33,41,44,47,50,50,50],"damage_taken":[{"damage":5,"enemies":"Small Slimes","floor":1,"turns":4},{"damage":0,"enemies":"2 Louse","floor":4,"turns":2},{"damage":22,"enemies":"3 Sentries","floor":6,"turns":3},{"damage":1,"enemies":"Jaw Worm","floor":8,"turns":4},{"damage":12,"enemies":"2 Fungi Beasts","floor":10,"turns":2},{"damage":40,"enemies":"Lagavulin","floor":12,"turns":6},{"damage":1,"enemies":"Exordium Wildlife","floor":14,"turns":2},{"damage":45,"enemies":"Slime Boss","floor":16,"turns":8},{"damage":5,"enemies":"Spheric Guardian","floor":18,"turns":3},{"damage":5,"enemies":"3 Byrds","floor":19,"turns":4},{"damage":16,"enemies":"Centurion and Healer","floor":22,"turns":4},{"damage":59,"enemies":"Gremlin Leader","floor":23,"turns":7},{"damage":10,"enemies":"Cultist and Chosen","floor":25,"turns":3},{"damage":10,"enemies":"Shelled Parasite and Fungi","floor":27,"turns":3},{"damage":36,"enemies":"Automaton","floor":33,"turns":5},{"damage":30,"enemies":"3 Shapes","floor":35,"turns":4},{"damage":0,"enemies":"3 Darklings","floor":37,"turns":1},{"damage":23,"enemies":"Jaw Worm Horde","floor":39,"turns":4},{"damage":8,"enemies":"Reptomancer","floor":41,"turns":5},{"damage":11,"enemies":"Writhing Mass","floor":42,"turns":4},{"damage":20,"enemies":"Giant Head","floor":44,"turns":6},{"damage":5,"enemies":"Sphere and 2 Shapes","floor":45,"turns":3},{"damage":26,"enemies":"Reptomancer","floor":47,"turns":5},{"damage":67,"enemies":"Time Eater","floor":50,"turns":11}],"seed_played":"-2932139046070462236","potions_obtained":[{"floor":1,"key":"SteroidPotion"},{"floor":6,"key":"Ancient Potion"},{"floor":10,"key":"SpeedPotion"},{"floor":14,"key":"Regen Potion"},{"floor":16,"key":"Strength Potion"},{"floor":18,"key":"PowerPotion"},{"floor":33,"key":"SteroidPotion"},{"floor":35,"key":"Fire Potion"},{"floor":41,"key":"Swift Potion"},{"floor":42,"key":"Energy Potion"},{"floor":44,"key":"LiquidBronze"},{"floor":45,"key":"Regen Potion"},{"floor":47,"key":"SpeedPotion"}],"is_trial":false,"path_per_floor":["M","$","?","M","?","E","T","M","T","M","R","E","?","M","R","B",null,"M","M","$","?","M","E","R","M","T","M","$","R","T","?","R","B",null,"M","?","M","$","M","R","E","M","T","E","M","?","E","?","R","B",null],"character_chosen":"IRONCLAD","items_purchased":["Shrug It Off","Whetstone","Ornamental Fan","Battle Trance","Centennial Puzzle"],"campfire_rested":0,"item_purchase_floors":[20,20,28,38,38],"current_hp_per_floor":[80,80,80,80,60,44,44,52,52,61,61,39,44,65,65,42,99,99,103,103,103,97,60,60,72,72,72,72,72,72,47,47,29,124,104,92,98,98,85,85,83,84,84,82,87,87,79,79,79,45],"gold":524,"neow_bonus":"UPGRADE_CARD","is_prod":false,"is_daily":false,"chose_seed":false,"campfire_upgraded":7,"win_rate":0,"timestamp":1568251575,"path_taken":["M","$","?","M","?","E","?","M","T","M","R","E","?","?","R","BOSS","M","M","$","?","M","E","R","?","T","M","$","R","?","?","R","BOSS","M","?","M","$","M","R","E","?","T","E","M","?","E","?","R","BOSS"],"build_version":"2019-07-17","purchased_purges":2,"victory":true,"max_hp_per_floor":[80,80,80,80,80,80,80,83,83,86,86,86,91,95,95,99,99,99,103,103,103,107,111,111,115,115,119,119,119,119,124,124,124,124,128,128,128,128,132,132,132,138,138,138,142,142,142,142,142,142],"card_choices":[{"not_picked":["Evolve","Flame Barrier"],"picked":"Cleave","floor":1},{"not_picked":["Body Slam","Shrug It Off"],"picked":"Infernal Blade","floor":4},{"not_picked":["Shrug It Off","Perfected Strike"],"picked":"Feed","floor":6},{"not_picked":["Thunderclap","Wild Strike"],"picked":"Clash","floor":8},{"not_picked":["Shrug It Off","Heavy Blade","Clothesline"],"picked":"SKIP","floor":8},{"not_picked":["Searing Blow","Bludgeon"],"picked":"Anger","floor":10},{"not_picked":["Twin Strike","Rupture","True Grit"],"picked":"SKIP","floor":10},{"not_picked":["Armaments","Wild Strike"],"picked":"Clash","floor":12},{"not_picked":["True Grit","Pummel"],"picked":"Dropkick","floor":14},{"not_picked":["Reckless Charge","Dual Wield","Body Slam"],"picked":"SKIP","floor":14},{"not_picked":["Dark Embrace","Impervious"],"picked":"Demon Form","floor":16},{"not_picked":["Shrug It Off","Twin Strike"],"picked":"Clash","floor":18},{"not_picked":["Clothesline","Thunderclap+1"],"picked":"Warcry+1","floor":18},{"not_picked":["Sword Boomerang+1","Shrug It Off"],"picked":"Armaments+1","floor":19},{"not_picked":["Barricade","Feel No Pain","Anger"],"picked":"SKIP","floor":19},{"not_picked":["Uppercut","Inflame"],"picked":"Fire Breathing","floor":22},{"not_picked":["Inflame","Heavy Blade+1","True Grit"],"picked":"SKIP","floor":22},{"not_picked":["Ghostly Armor","Corruption+1"],"picked":"Battle Trance","floor":23},{"not_picked":["Seeing Red","Clothesline"],"picked":"Rage","floor":25},{"not_picked":["Heavy Blade","Twin Strike","Rupture+1"],"picked":"SKIP","floor":25},{"not_picked":["Body Slam+1","Clothesline"],"picked":"Immolate","floor":27},{"not_picked":["Twin Strike","Pummel","Perfected Strike+1"],"picked":"SKIP","floor":27},{"not_picked":["Berserk","Barricade"],"picked":"Brutality","floor":33},{"not_picked":["Flex","Sword Boomerang"],"picked":"Combust+1","floor":35},{"not_picked":["Second Wind","Clothesline+1","Spot Weakness"],"picked":"SKIP","floor":35},{"not_picked":["Seeing Red+1","Flex"],"picked":"Berserk","floor":37},{"not_picked":["Thunderclap","Clash","Body Slam"],"picked":"SKIP","floor":37},{"not_picked":["Seeing Red","Clash+1"],"picked":"Clothesline+1","floor":39},{"not_picked":["Thunderclap","True Grit+1","Corruption+1"],"picked":"SKIP","floor":39},{"not_picked":["Flame Barrier+1","True Grit"],"picked":"Disarm+1","floor":41},{"not_picked":["Searing Blow+1","Sever Soul"],"picked":"Shrug It Off+1","floor":42},{"not_picked":["Heavy Blade+1","Sword Boomerang","Anger+1"],"picked":"SKIP","floor":42},{"not_picked":["Sever Soul+1","Pommel Strike+1"],"picked":"Dual Wield","floor":44},{"not_picked":["Twin Strike","Infernal Blade+1"],"picked":"Dual Wield+1","floor":45},{"not_picked":["Rampage+1","Entrench+1","Flex+1"],"picked":"SKIP","floor":45},{"not_picked":["Pummel+1","Clothesline"],"picked":"Double Tap","floor":47}],"player_experience":64021,"relics_obtained":[{"floor":6,"key":"Prayer Wheel"},{"floor":7,"key":"Paper Frog"},{"floor":9,"key":"Meat on the Bone"},{"floor":12,"key":"Ancient Tea Set"},{"floor":23,"key":"Bag of Marbles"},{"floor":26,"key":"Mummified Hand"},{"floor":30,"key":"Darkstone Periapt"},{"floor":41,"key":"Ginger"},{"floor":43,"key":"Sundial"},{"floor":44,"key":"Self Forming Clay"},{"floor":47,"key":"Molten Egg 2"}],"event_choices":[{"damage_healed":0,"gold_gain":0,"cards_transformed":["Strike_R"],"player_choice":"Change","damage_taken":0,"max_hp_gain":0,"max_hp_loss":0,"event_name":"Living Wall","floor":3,"gold_loss":0,"cards_obtained":["Headbutt"]},{"damage_healed":0,"gold_gain":0,"player_choice":"Take Damage","damage_taken":20,"relics_obtained":["Golden Idol"],"max_hp_gain":0,"max_hp_loss":0,"event_name":"Golden Idol","floor":5,"gold_loss":0},{"damage_healed":0,"gold_gain":0,"player_choice":"Donut","damage_taken":0,"max_hp_gain":5,"max_hp_loss":0,"event_name":"Big Fish","floor":13,"gold_loss":0},{"damage_healed":0,"gold_gain":0,"player_choice":"1 cards matched","damage_taken":0,"max_hp_gain":0,"max_hp_loss":0,"event_name":"Match and Keep!","floor":21,"gold_loss":0,"cards_obtained":["Bash"]},{"damage_healed":0,"gold_gain":0,"player_choice":"Shed Blood","damage_taken":30,"max_hp_gain":5,"max_hp_loss":0,"event_name":"Forgotten Altar","floor":31,"gold_loss":0},{"damage_healed":0,"gold_gain":0,"player_choice":"Damaged","damage_taken":12,"max_hp_gain":0,"max_hp_loss":0,"event_name":"Wheel of Change","floor":36,"gold_loss":0},{"damage_healed":0,"gold_gain":333,"player_choice":"Gave Idol","damage_taken":0,"max_hp_gain":0,"max_hp_loss":0,"event_name":"The Moai Head","floor":46,"relics_lost":["Golden Idol"],"gold_loss":0},{"damage_healed":0,"gold_gain":0,"player_choice":"Ignored","damage_taken":0,"max_hp_gain":0,"max_hp_loss":0,"event_name":"Mysterious Sphere","floor":48,"gold_loss":0}],"is_beta":false,"boss_relics":[{"not_picked":["Cursed Key","Sozu"],"picked":"Coffee Dripper"},{"not_picked":["Runic Pyramid","Velvet Choker"],"picked":"White Beast Statue"}],"items_purged_floors":[2,20],"is_endless":false,"potions_floor_spawned":[1,6,10,14,16,18,23,33,35,37,39,41,42,44,45,47],"ascension_level":1}