{"gold_per_floor":[110,110,128,203,51,51,62,62,144,154,154,170,200,200,200,300,300,315,315,9,9,9,9,23,23,23,23,38,69,84,99,99,198,198,214,114,114,114,114,114,130,130,156,156,188,188,202,218,218,218],"floor_reached":50,"playtime":5575,"items_purged":["Writhe","Strike_B"],"score":563,"play_id":"32c1cb24-2124-4ef8-95b8-1fef25f22361","local_time":"20190911195403","is_ascension_mode":false,"campfire_choices":[{"data":"Beam Cell","floor":6,"key":"SMITH"},{"data":"Rip and Tear","floor":8,"key":"SMITH"},{"data":"Heatsinks","floor":11,"key":"SMITH"},{"data":"Creative AI","floor":15,"key":"SMITH"},{"data":"White Noise","floor":23,"key":"SMITH"},{"data":"Go for the Eyes","floor":27,"key":"SMITH"},{"floor":32,"key":"REST"},{"data":"Conserve Battery","floor":40,"key":"SMITH"},{"data":"Amplify","floor":46,"key":"SMITH"},{"floor":49,"key":"REST"}],"neow_cost":"NONE","seed_source_timestamp":59199755412000,"circlet_count":0,"master_deck":["Strike_B","Strike_B","Defend_B","Defend_B","Defend_B","Defend_B","Zap","Dualcast+1","Heatsinks+1","Cold Snap","Conserve Battery+1","Melter","Stack","Beam Cell+1","Rip and Tear+1","Hello World","FTL","Creative AI+1","Thunder Strike","Go for the Eyes+1","Static Discharge","White Noise+1","Steam+1","Undo+1","Amplify+1","All For One","Ball Lightning+1","White Noise+1","Dramatic Entrance","Decay","Reprogram+1","Conserve Battery","Force Field+1"],"relics":["Cracked Core","Bottled Tornado","Nunchaku","Pen Nib","Nuclear Battery","Kunai","Vajra","StoneCalendar","PreservedInsect","Inserter","Blood Vial","Dream Catcher"],"potions_floor_usage":[13,28,29,48,48,48,50],"damage_taken":[{"damage":5,"enemies":"Small Slimes","floor":1,"turns":4},{"damage":0,"enemies":"2 Louse","floor":3,"turns":1},{"damage":11,"enemies":"Jaw Worm","floor":7,"turns":3},{"damage":7,"enemies":"Exordium Wildlife","floor":10,"turns":2},{"damage":1,"enemies":"2 Fungi Beasts","floor":12,"turns":3},{"damage":9,"enemies":"3 Sentries","floor":13,"turns":6},{"damage":26,"enemies":"The Guardian","floor":16,"turns":10},{"damage":5,"enemies":"Shell Parasite","floor":18,"turns":4},{"damage":20,"enemies":"2 Thieves","floor":24,"turns":4},{"damage":0,"enemies":"Centurion and Healer","floor":28,"turns":3},{"damage":20,"enemies":"Slavers","floor":29,"turns":5},{"damage":0,"enemies":"Snake Plant","floor":30,"turns":3},{"damage":8,"enemies":"Shelled Parasite and Fungi","floor":31,"turns":5},{"damage":30,"enemies":"Automaton","floor":33,"turns":8},{"damage":19,"enemies":"3 Shapes","floor":35,"turns":4},{"damage":0,"enemies":"Orb Walker","floor":41,"turns":3},{"damage":0,"enemies":"Reptomancer","floor":45,"turns":4},{"damage":34,"enemies":"Writhing Mass","floor":47,"turns":4},{"damage":19,"enemies":"Jaw Worm Horde","floor":48,"turns":3},{"damage":41,"enemies":"Awakened One","floor":50,"turns":6}],"seed_played":"-4858777402224553285","potions_obtained":[{"floor":3,"key":"Regen Potion"},{"floor":12,"key":"PowerPotion"},{"floor":13,"key":"Explosive Potion"},{"floor":24,"key":"Dexterity Potion"},{"floor":30,"key":"Fire Potion"},{"floor":31,"key":"Ancient Potion"},{"floor":33,"key":"FearPotion"},{"floor":35,"key":"Energy Potion"},{"floor":48,"key":"Fire Potion"}],"is_trial":false,"path_per_floor":["M","?","M","?","$","R","M","R","T","M","R","M","E","?","R","B",null,"M","?","$","?","?","R","M","?","T","R","M","E","M","M","R","B",null,"M","$","?","$","?","R","M","?","T","?","E","R","M","M","R","B"],"character_chosen":"DEFECT","items_purchased":["Melter","Stack","Beam Cell","Vajra","Static Discharge"],"campfire_rested":2,"item_purchase_floors":[5,5,5,20,20],"current_hp_per_floor":[70,70,70,59,59,59,48,48,48,41,41,40,45,38,38,12,75,70,70,70,70,70,70,50,50,50,50,50,30,30,22,44,14,75,56,56,56,56,56,56,56,56,56,56,58,58,26,9,30,0],"gold":218,"neow_bonus":"TRANSFORM_CARD","is_prod":false,"is_daily":false,"chose_seed":false,"campfire_upgraded":8,"win_rate":0.0,"timestamp":1568224443,"path_taken":["M","?","M","?","$","R","M","R","T","M","R","M","E","?","R","BOSS","M","?","$","?","?","R","?","?","T","R","M","E","M","M","R","BOSS","M","$","?","?","?","R","?","?","T","?","E","R","?","M","R","BOSS"],"build_version":"2019-07-17","purchased_purges":2,"victory":false,"max_hp_per_floor":[75,75,75,75,75,75,75,75,75,75,75,75,75,75,75,75,75,75,75,75,75,75,75,75,75,75,75,75,75,75,75,75,75,75,75,75,75,75,75,75,75,71,71,71,71,71,71,71,71,71],"card_choices":[{"not_picked":["Barrage","Undo"],"picked":"Cold Snap","floor":1},{"not_picked":["Gash","Steam"],"picked":"Conserve Battery","floor":3},{"not_picked":["Go for the Eyes","Hologram"],"picked":"Rip and Tear","floor":7},{"not_picked":["Barrage","Genetic Algorithm"],"picked":"Hello World","floor":10},{"not_picked":["Redo","Doom and Gloom"],"picked":"FTL","floor":12},{"not_picked":["Compile Driver","Leap"],"picked":"Creative AI","floor":13},{"not_picked":["Creative AI","Seek"],"picked":"Thunder Strike","floor":16},{"not_picked":["Streamline","Static Discharge"],"picked":"Go for the Eyes","floor":18},{"not_picked":["Leap+1","Barrage"],"picked":"Steam+1","floor":24},{"not_picked":["Redo","Auto Shields+1"],"picked":"Undo+1","floor":28},{"not_picked":["Doom and Gloom+1","Compile Driver"],"picked":"Amplify","floor":29},{"not_picked":["Coolheaded","Melter","Leap"],"picked":"SKIP","floor":30},{"not_picked":["Melter","Steam","Rebound"],"picked":"SKIP","floor":31},{"not_picked":["Amplify","Biased Cognition"],"picked":"All For One","floor":33},{"not_picked":["Chaos","Blizzard"],"picked":"Ball Lightning+1","floor":35},{"not_picked":["HandOfGreed","Chrysalis"],"picked":"Dramatic Entrance","floor":39},{"not_picked":["Gash+1","Beam Cell","Rip and Tear"],"picked":"SKIP","floor":41},{"not_picked":["Hello World+1","Stack+1"],"picked":"Reprogram+1","floor":45},{"not_picked":["Steam","Rebound+1"],"picked":"Conserve Battery","floor":47},{"not_picked":["Streamline","Amplify"],"picked":"Force Field+1","floor":48}],"player_experience":36495,"relics_obtained":[{"floor":9,"key":"Bottled Tornado"},{"floor":13,"key":"Nunchaku"},{"floor":26,"key":"StoneCalendar"},{"floor":29,"key":"PreservedInsect"},{"floor":43,"key":"Blood Vial"},{"floor":45,"key":"Dream Catcher"}],"event_choices":[{"damage_healed":0,"gold_gain":0,"player_choice":"Grow","damage_taken":0,"max_hp_gain":0,"max_hp_loss":0,"event_name":"Living Wall","floor":2,"gold_loss":0,"cards_upgraded":["Dualcast"]},{"damage_healed":0,"gold_gain":75,"player_choice":"Gather Gold","damage_taken":11,"max_hp_gain":0,"max_hp_loss":0,"event_name":"World of Goop","floor":4,"gold_loss":0},{"damage_healed":0,"gold_gain":0,"player_choice":"Success","damage_taken":7,"relics_obtained":["Pen Nib"],"max_hp_gain":0,"max_hp_loss":0,"event_name":"Scrap Ooze","floor":14,"gold_loss":0},{"damage_healed":0,"gold_gain":0,"player_choice":"Opened","damage_taken":0,"relics_obtained":["Kunai"],"max_hp_gain":0,"max_hp_loss":0,"event_name":"The Mausoleum","floor":19,"gold_loss":0,"cards_obtained":["Writhe"]},{"damage_healed":0,"gold_gain":0,"player_choice":"Read","damage_taken":0,"max_hp_gain":0,"max_hp_loss":0,"event_name":"The Library","floor":21,"gold_loss":0,"cards_obtained":["White Noise"]},{"damage_healed":0,"gold_gain":0,"player_choice":"Ignored","damage_taken":0,"max_hp_gain":0,"max_hp_loss":0,"event_name":"N\u0027loth","floor":22,"gold_loss":0},{"damage_healed":0,"gold_gain":0,"player_choice":"Ignored","damage_taken":0,"max_hp_gain":0,"max_hp_loss":0,"event_name":"Vampires","floor":25,"gold_loss":0},{"damage_healed":0,"gold_gain":0,"player_choice":"Copied","damage_taken":0,"max_hp_gain":0,"max_hp_loss":0,"event_name":"Duplicator","floor":37,"gold_loss":0,"cards_obtained":["White Noise"]},{"damage_healed":0,"gold_gain":0,"player_choice":"Memory 1","damage_taken":0,"max_hp_gain":0,"max_hp_loss":0,"event_name":"SensoryStone","floor":39,"gold_loss":0},{"damage_healed":0,"gold_gain":0,"player_choice":"Max HP","damage_taken":0,"max_hp_gain":0,"max_hp_loss":4,"event_name":"Winding Halls","floor":42,"gold_loss":0},{"damage_healed":0,"gold_gain":0,"player_choice":"Cursed","damage_taken":0,"max_hp_gain":0,"max_hp_loss":0,"event_name":"Wheel of Change","floor":44,"gold_loss":0,"cards_obtained":["Decay"]}],"is_beta":false,"boss_relics":[{"not_picked":["Orrery","Tiny House"],"picked":"Nuclear Battery"},{"not_picked":["Black Star","Calling Bell"],"picked":"Inserter"}],"items_purged_floors":[20,36],"is_endless":false,"potions_floor_spawned":[3,12,13,24,30,31,33,35,45,48],"killed_by":"Awakened One","ascension_level":0}