{"gold_per_floor":[111,111,128,146,161,190,190,190],"floor_reached":8,"playtime":814,"items_purged":[],"score":64,"play_id":"defacbf5-60cd-42b7-86d4-836bb3dc9280","local_time":"20191016083836","is_ascension_mode":true,"campfire_choices":[{"floor":7,"key":"REST"}],"neow_cost":"NONE","seed_source_timestamp":2624694617653030,"circlet_count":0,"master_deck":["Strike_R","Strike_R","Strike_R","Strike_R","Strike_R","Defend_R","Defend_R","Defend_R","Defend_R","Bash","Disarm","Headbutt","Seeing Red","Body Slam","Seeing Red"],"relics":["Black Star","White Beast Statue","Pear","Du-Vu Doll"],"potions_floor_usage":[6,6,6,8],"damage_taken":[{"damage":10,"enemies":"2 Louse","floor":1,"turns":4},{"damage":4,"enemies":"Jaw Worm","floor":3,"turns":5},{"damage":5,"enemies":"Small Slimes","floor":4,"turns":3},{"damage":30,"enemies":"Exordium Thugs","floor":5,"turns":8},{"damage":24,"enemies":"3 Sentries","floor":6,"turns":14},{"damage":50,"enemies":"Gremlin Nob","floor":8,"turns":5}],"seed_played":"-4452184167440802848","potions_obtained":[{"floor":1,"key":"Swift Potion"},{"floor":3,"key":"Poison Potion"},{"floor":4,"key":"Block Potion"},{"floor":5,"key":"PowerPotion"},{"floor":6,"key":"SpeedPotion"}],"is_trial":false,"path_per_floor":["M","?","M","M","M","E","R","E"],"character_chosen":"IRONCLAD","items_purchased":[],"campfire_rested":1,"item_purchase_floors":[],"current_hp_per_floor":[70,67,63,58,28,14,41,0],"gold":190,"neow_bonus":"BOSS_RELIC","is_prod":false,"is_daily":false,"chose_seed":false,"campfire_upgraded":0,"win_rate":0,"timestamp":1571211516,"path_taken":["M","?","M","M","M","E","R","E"],"build_version":"2019-09-09v2","purchased_purges":0,"victory":false,"max_hp_per_floor":[80,80,80,80,80,90,90,90],"card_choices":[{"not_picked":["Power Through","Twin Strike"],"picked":"Disarm","floor":1},{"not_picked":["Power Through","Iron Wave"],"picked":"Headbutt","floor":3},{"not_picked":["Pummel","Headbutt"],"picked":"Seeing Red","floor":4},{"not_picked":["True Grit","Fire Breathing"],"picked":"Body Slam","floor":5},{"not_picked":["Offering","Body Slam"],"picked":"Seeing Red","floor":6}],"player_experience":227426,"relics_obtained":[{"floor":6,"key":"Pear"},{"floor":6,"key":"Du-Vu Doll"}],"event_choices":[{"damage_healed":0,"gold_gain":0,"player_choice":"Success","damage_taken":3,"relics_obtained":["White Beast Statue"],"max_hp_gain":0,"max_hp_loss":0,"event_name":"Scrap Ooze","floor":2,"gold_loss":0}],"is_beta":true,"boss_relics":[],"items_purged_floors":[],"is_endless":false,"potions_floor_spawned":[1,3,4,5,6],"killed_by":"Gremlin Nob","ascension_level":2}