{"gold_per_floor":[116,41,56,56,56,56,85,98,123,153,153,165,165,176,176,254,254,271,186,186,111,111,111,111],"floor_reached":24,"playtime":504,"items_purged":["Strike_R"],"score":604,"play_id":"7c9d3889-848d-409d-b34c-21d97d330465","local_time":"20191019124656","is_ascension_mode":true,"campfire_choices":[{"data":"Bash","floor":6,"key":"SMITH"},{"data":"Limit Break","floor":13,"key":"SMITH"},{"data":"Armaments","floor":15,"key":"SMITH"},{"floor":23,"key":"REST"}],"neow_cost":"NONE","seed_source_timestamp":403992438705800,"circlet_count":0,"master_deck":["AscendersBane","Strike_R","Strike_R","Strike_R","Defend_R+1","Defend_R+1","Defend_R","Defend_R","Bash+1","Shrug It Off","Inflame+1","Flame Barrier","Offering","Sword Boomerang","Limit Break+1","Armaments+1","Shrug It Off","Feed","Necronomicurse"],"relics":["Burning Blood","NeowsBlessing","Paper Frog","Meat on the Bone","PreservedInsect","Art of War","Mark of Pain","War Paint","Necronomicon","Ornamental Fan"],"potions_floor_usage":[10,12],"damage_taken":[{"damage":0,"enemies":"Cultist","floor":1,"turns":1},{"damage":0,"enemies":"Jaw Worm","floor":3,"turns":1},{"damage":0,"enemies":"3 Sentries","floor":7,"turns":2},{"damage":15,"enemies":"2 Louse","floor":8,"turns":3},{"damage":6,"enemies":"Lagavulin","floor":10,"turns":4},{"damage":16,"enemies":"Lots of Slimes","floor":12,"turns":4},{"damage":6,"enemies":"Exordium Wildlife","floor":14,"turns":2},{"damage":6,"enemies":"Slime Boss","floor":16,"turns":7},{"damage":30,"enemies":"Shell Parasite","floor":18,"turns":7},{"damage":55,"enemies":"Slavers","floor":24,"turns":4}],"seed_played":"2925499144610428951","potions_obtained":[{"floor":3,"key":"LiquidBronze"},{"floor":8,"key":"GamblersBrew"},{"floor":16,"key":"Energy Potion"}],"is_trial":false,"path_per_floor":["M","$","M","?","T","R","E","M","T","E","?","M","R","M","R","B",null,"M","?","?","$","T","R","E"],"character_chosen":"IRONCLAD","items_purchased":["Inflame"],"campfire_rested":1,"item_purchase_floors":[2],"current_hp_per_floor":[74,74,75,75,75,75,75,66,66,66,66,56,56,56,56,56,70,50,50,29,29,29,52,0],"gold":111,"neow_bonus":"THREE_ENEMY_KILL","is_prod":false,"is_daily":false,"chose_seed":false,"campfire_upgraded":3,"win_rate":0,"timestamp":1571514416,"path_taken":["M","$","?","?","?","R","E","M","T","E","?","M","R","?","R","BOSS","M","?","?","$","?","R","E"],"build_version":"2019-10-18","purchased_purges":1,"victory":false,"max_hp_per_floor":[75,75,75,75,75,75,75,75,75,75,75,75,75,75,75,75,75,79,79,79,79,79,79,79],"card_choices":[{"not_picked":["Warcry","Flex"],"picked":"Shrug It Off","floor":1},{"not_picked":["Infernal Blade","Iron Wave"],"picked":"Flame Barrier","floor":3},{"not_picked":["Iron Wave","Flex"],"picked":"Offering","floor":7},{"not_picked":["True Grit","Bloodletting"],"picked":"Sword Boomerang","floor":8},{"not_picked":["Headbutt","Offering"],"picked":"Limit Break","floor":10},{"not_picked":["Perfected Strike","Clothesline"],"picked":"Armaments","floor":12},{"not_picked":["Body Slam","Rage"],"picked":"Shrug It Off","floor":14},{"not_picked":["Limit Break","Dark Embrace"],"picked":"Feed","floor":16},{"not_picked":["Cleave","Rampage","Flame Barrier"],"picked":"SKIP","floor":18}],"player_experience":1657829,"relics_obtained":[{"floor":5,"key":"Paper Frog"},{"floor":7,"key":"Meat on the Bone"},{"floor":9,"key":"PreservedInsect"},{"floor":10,"key":"Art of War"},{"floor":20,"key":"Necronomicon"},{"floor":22,"key":"Ornamental Fan"}],"event_choices":[{"damage_healed":0,"gold_gain":0,"player_choice":"Grow","damage_taken":0,"max_hp_gain":0,"max_hp_loss":0,"event_name":"Living Wall","floor":4,"gold_loss":0,"cards_upgraded":["Inflame"]},{"cards_removed":["Strike_R"],"damage_healed":0,"gold_gain":0,"player_choice":"Offered Basic","damage_taken":0,"max_hp_gain":0,"max_hp_loss":0,"event_name":"Bonfire Elementals","floor":11,"gold_loss":0},{"damage_healed":0,"gold_gain":0,"player_choice":"Obtained Relic","damage_taken":0,"relics_obtained":["War Paint"],"max_hp_gain":0,"max_hp_loss":0,"event_name":"Addict","floor":19,"gold_loss":85},{"damage_healed":0,"gold_gain":0,"player_choice":"Obtained Book","damage_taken":21,"max_hp_gain":0,"max_hp_loss":0,"event_name":"Cursed Tome","floor":20,"gold_loss":0}],"is_beta":true,"boss_relics":[{"not_picked":["Coffee Dripper","Black Blood"],"picked":"Mark of Pain"}],"items_purged_floors":[21],"is_endless":false,"potions_floor_spawned":[3,8,16],"killed_by":"Slavers","ascension_level":20}