{"gold_per_floor":[109,125,136,149,149,149,161,161,161,186,199,228,245,0,0,74,74,93,93,107,107,126,126,145,145,168,168,184,210,210,46,46,120,120,139,139,139,156,171,203,219,244,293,319,319,319,333,383,383,383,383],"floor_reached":52,"playtime":2297,"items_purged":[],"score":1998,"play_id":"c8f9e265-4520-4875-93c4-64dce258b32b","local_time":"20191015224125","is_ascension_mode":true,"campfire_choices":[{"data":"Clothesline","floor":6.0,"key":"SMITH"},{"data":"Inflame","floor":8.0,"key":"SMITH"},{"data":"Armaments","floor":15.0,"key":"SMITH"},{"data":"Heavy Blade","floor":23.0,"key":"SMITH"},{"data":"Flame Barrier","floor":25.0,"key":"SMITH"},{"data":"Immolate","floor":27.0,"key":"SMITH"},{"data":"Offering","floor":30.0,"key":"SMITH"},{"data":"True Grit","floor":32.0,"key":"SMITH"},{"floor":45,"key":"RECALL"}],"neow_cost":"NONE","seed_source_timestamp":92227788893500,"circlet_count":0,"master_deck":["AscendersBane","Strike_R","Strike_R","Strike_R","Defend_R","Defend_R","Defend_R","Defend_R","Bash","Inflame+1","True Grit+1","Clothesline+1","Heavy Blade+1","Armaments+1","Immolate+1","Reaper","Offering+1","Warcry+1","Bludgeon","Shrug It Off","Flame Barrier+1","Reaper","Shrug It Off+1","Clothesline+1","Battle Trance","Limit Break","Heavy Blade+1","Sword Boomerang+1"],"special_seed":0,"relics":["Burning Blood","NeowsBlessing","Letter Opener","StoneCalendar","Ancient Tea Set","Coffee Dripper","Enchiridion","Regal Pillow","FossilizedHelix","Brimstone","Fusion Hammer","Dream Catcher","Unceasing Top","Oddly Smooth Stone","Toy Ornithopter","Magic Flower"],"potions_floor_usage":[42,48,48],"damage_taken":[{"damage":0.0,"enemies":"Cultist","floor":1.0,"turns":1.0},{"damage":0.0,"enemies":"2 Louse","floor":2.0,"turns":1.0},{"damage":0.0,"enemies":"Small Slimes","floor":3.0,"turns":1.0},{"damage":11.0,"enemies":"Blue Slaver","floor":4.0,"turns":6.0},{"damage":14.0,"enemies":"Looter","floor":7.0,"turns":4.0},{"damage":40.0,"enemies":"3 Sentries","floor":10.0,"turns":9.0},{"damage":17.0,"enemies":"Gremlin Gang","floor":11.0,"turns":7.0},{"damage":13.0,"enemies":"Lagavulin","floor":12.0,"turns":7.0},{"damage":4.0,"enemies":"Blue Slaver","floor":13.0,"turns":6.0},{"damage":15.0,"enemies":"The Guardian","floor":16.0,"turns":14.0},{"damage":23.0,"enemies":"2 Thieves","floor":18.0,"turns":4.0},{"damage":6.0,"enemies":"Spheric Guardian","floor":20.0,"turns":3.0},{"damage":24.0,"enemies":"3 Cultists","floor":22.0,"turns":4.0},{"damage":37.0,"enemies":"Shelled Parasite and Fungi","floor":24.0,"turns":4.0},{"damage":23.0,"enemies":"Sentry and Sphere","floor":28.0,"turns":4.0},{"damage":23.0,"enemies":"Gremlin Leader","floor":29.0,"turns":6.0},{"damage":12.0,"enemies":"Collector","floor":33.0,"turns":5.0},{"damage":0.0,"enemies":"Orb Walker","floor":35.0,"turns":3.0},{"damage":0.0,"enemies":"3 Shapes","floor":38.0,"turns":7.0},{"damage":28.0,"enemies":"Spire Growth","floor":39.0,"turns":5.0},{"damage":9.0,"enemies":"Nemesis","floor":40.0,"turns":5.0},{"damage":0,"enemies":"3 Darklings","floor":41,"turns":3},{"damage":18,"enemies":"Giant Head","floor":42,"turns":5},{"damage":43,"enemies":"Reptomancer","floor":44,"turns":5},{"damage":25,"enemies":"Sphere and 2 Shapes","floor":47,"turns":7},{"damage":34,"enemies":"2 Orb Walkers","floor":48,"turns":5},{"damage":55,"enemies":"Awakened One","floor":50,"turns":7},{"damage":100,"enemies":"Time Eater","floor":51,"turns":7}],"seed_played":"8303444499137657090","potions_obtained":[{"floor":1.0,"key":"FearPotion"},{"floor":5.0,"key":"EntropicBrew"},{"floor":7.0,"key":"Regen Potion"},{"floor":11.0,"key":"BloodPotion"},{"floor":13.0,"key":"EssenceOfSteel"},{"floor":18.0,"key":"PowerPotion"},{"floor":28.0,"key":"GamblersBrew"},{"floor":29.0,"key":"Swift Potion"},{"floor":33.0,"key":"AttackPotion"},{"floor":38.0,"key":"SteroidPotion"},{"floor":44,"key":"SkillPotion"}],"is_trial":false,"path_per_floor":["M","M","M","M","?","R","M","R","T","E","M","E","M","$","R","B",null,"M","?","M","?","M","R","M","R","T","R","M","E","R","$","R","B",null,"M","?","?","M","M","E","M","E","T","E","R","?","M","?","R","B","B",null],"character_chosen":"IRONCLAD","items_purchased":["Immolate","Reaper","Brimstone"],"campfire_rested":0,"item_purchase_floors":[14,14,31],"current_hp_per_floor":[74,75,75,70,70,70,62,62,62,43,32,25,27,27,27,18,61,44,23,41,41,44,44,41,41,41,41,31,35,35,35,35,29,64,75,75,75,75,71,75,75,63,63,62,62,62,43,66,66,68,44],"gold":383,"neow_bonus":"THREE_ENEMY_KILL","is_prod":false,"is_daily":false,"chose_seed":false,"campfire_upgraded":8,"win_rate":0,"timestamp":1571204485,"path_taken":["M","?","M","M","?","R","?","R","T","E","M","E","M","$","R","BOSS","M","?","M","?","M","R","?","R","T","R","M","E","R","$","R","BOSS","M","?","?","M","M","E","?","E","T","E","R","?","M","?","R","BOSS","BOSS"],"build_version":"2019-10-15","purchased_purges":0,"victory":true,"max_hp_per_floor":[75,75,75,75,75,75,75,75,75,75,75,75,75,75,75,75,75,75,75,75,75,75,75,75,75,75,75,75,75,75,75,75,75,75,75,75,75,75,75,75,75,75,75,75,75,71,71,71,71,71,71],"card_choices":[{"not_picked":["Corruption","Dual Wield"],"picked":"Inflame","floor":1.0},{"not_picked":["Fire Breathing","Bloodletting","Burning Pact"],"picked":"SKIP","floor":2.0},{"not_picked":["Dropkick","Havoc"],"picked":"True Grit","floor":3.0},{"not_picked":["Rampage","Pummel"],"picked":"Clothesline","floor":4.0},{"not_picked":["Seeing Red","Body Slam","Shockwave"],"picked":"SKIP","floor":7.0},{"not_picked":["Carnage","Exhume","Bloodletting"],"picked":"SKIP","floor":10.0},{"not_picked":["Hemokinesis","Clothesline"],"picked":"Heavy Blade","floor":11.0},{"not_picked":["Iron Wave","Pommel Strike"],"picked":"Armaments","floor":12.0},{"not_picked":["Flex","Wild Strike","Searing Blow"],"picked":"SKIP","floor":13.0},{"not_picked":["Brutality","Impervious"],"picked":"Offering","floor":16.0},{"not_picked":["Sever Soul","Wild Strike","Pummel"],"picked":"SKIP","floor":18.0},{"not_picked":["Wild Strike","Twin Strike"],"picked":"Warcry+1","floor":20.0},{"not_picked":["Iron Wave","Heavy Blade"],"picked":"Shrug It Off","floor":22.0},{"not_picked":["Shockwave","Cleave"],"picked":"Flame Barrier","floor":24.0},{"not_picked":["Clash","Second Wind","Flame Barrier"],"picked":"SKIP","floor":28.0},{"not_picked":["Flame Barrier","Rupture"],"picked":"Burning Pact+1","floor":29.0},{"not_picked":["Immolate","Barricade"],"picked":"Reaper","floor":33.0},{"not_picked":["Carnage","Evolve"],"picked":"Shrug It Off+1","floor":35.0},{"not_picked":["Anger","True Grit"],"picked":"Clothesline+1","floor":38.0},{"not_picked":["Thunderclap","Uppercut"],"picked":"Battle Trance","floor":39.0},{"not_picked":["Combust","Armaments"],"picked":"Limit Break","floor":40.0},{"not_picked":["Flex","Headbutt"],"picked":"Heavy Blade+1","floor":41},{"not_picked":["Flame Barrier","Perfected Strike","Anger"],"picked":"SKIP","floor":42},{"not_picked":["Seeing Red","Reckless Charge","Armaments"],"picked":"SKIP","floor":44},{"not_picked":["Havoc","Shrug It Off"],"picked":"Sword Boomerang+1","floor":47}],"player_experience":1582737,"relics_obtained":[{"floor":9.0,"key":"Letter Opener"},{"floor":10.0,"key":"StoneCalendar"},{"floor":12.0,"key":"Ancient Tea Set"},{"floor":19.0,"key":"Enchiridion"},{"floor":26.0,"key":"Regal Pillow"},{"floor":29.0,"key":"FossilizedHelix"},{"floor":40.0,"key":"Dream Catcher"},{"floor":42,"key":"Unceasing Top"},{"floor":43,"key":"Oddly Smooth Stone"},{"floor":44,"key":"Toy Ornithopter"},{"floor":48,"key":"Magic Flower"}],"event_choices":[{"damage_healed":0.0,"max_hp_gain":0.0,"max_hp_loss":0.0,"gold_gain":0.0,"event_name":"Lab","player_choice":"Got Potions","floor":5.0,"gold_loss":0.0,"damage_taken":0.0},{"damage_healed":0.0,"max_hp_gain":0.0,"max_hp_loss":0.0,"gold_gain":0.0,"event_name":"Cursed Tome","player_choice":"Obtained Book","floor":19.0,"gold_loss":0.0,"damage_taken":21.0},{"damage_healed":0.0,"max_hp_gain":0.0,"max_hp_loss":0.0,"gold_gain":0.0,"cards_transformed":["Strike_R"],"event_name":"Transmorgrifier","player_choice":"Transformed","floor":21.0,"gold_loss":0.0,"damage_taken":0.0,"cards_obtained":["Bludgeon"]},{"cards_removed":["Burning Pact"],"damage_healed":0.0,"max_hp_gain":0.0,"max_hp_loss":0.0,"gold_gain":0.0,"event_name":"Falling","player_choice":"Removed Skill","floor":36.0,"gold_loss":0.0,"damage_taken":0.0},{"cards_removed":["Strike_R"],"damage_healed":0.0,"max_hp_gain":0.0,"max_hp_loss":0.0,"gold_gain":0.0,"event_name":"Purifier","player_choice":"Purged","floor":37.0,"gold_loss":0.0,"damage_taken":0.0},{"damage_healed":0,"gold_gain":0,"player_choice":"Max HP","damage_taken":0,"max_hp_gain":0,"max_hp_loss":4,"event_name":"Winding Halls","floor":46,"gold_loss":0},{"damage_healed":0,"gold_gain":0,"player_choice":"Fight","damage_taken":0,"max_hp_gain":0,"max_hp_loss":0,"event_name":"Mysterious Sphere","floor":48,"gold_loss":0}],"is_beta":true,"boss_relics":[{"not_picked":["Astrolabe","Empty Cage"],"picked":"Coffee Dripper"},{"not_picked":["Mark of Pain","Cursed Key"],"picked":"Fusion Hammer"}],"items_purged_floors":[],"is_endless":false,"potions_floor_spawned":[1,7,11,13,18,28,29,33,38,39,44],"ascension_level":20}