{"gold_per_floor":[117,132,149,161,176,176,203,203,233,251,58,112,112,172,172,270,270],"floor_reached":17,"playtime":1059,"items_purged":[],"score":322,"play_id":"aa8b4647-3ff9-48f9-bcd2-7a8c6cd74031","local_time":"20191019044640","is_ascension_mode":true,"campfire_choices":[{"data":"Iron Wave","floor":6.0,"key":"SMITH"},{"data":"Shrug It Off","floor":8.0,"key":"SMITH"},{"data":"HandOfGreed","floor":13,"key":"SMITH"},{"data":"Shrug It Off","floor":15,"key":"SMITH"}],"neow_cost":"NONE","seed_source_timestamp":182984003198700,"circlet_count":0,"master_deck":["AscendersBane","Strike_R","Strike_R","Strike_R","Strike_R","Strike_R","Defend_R","Defend_R","Defend_R","Defend_R","Bash+1","Shockwave","Iron Wave+1","Offering","Shrug It Off+1","Pummel","HandOfGreed+1","Shrug It Off+1","Limit Break"],"special_seed":0,"relics":["Burning Blood","Shuriken","Tiny Chest"],"potions_floor_usage":[16],"damage_taken":[{"damage":1.0,"enemies":"Cultist","floor":1.0,"turns":3.0},{"damage":10.0,"enemies":"2 Louse","floor":2.0,"turns":3.0},{"damage":4.0,"enemies":"Jaw Worm","floor":3.0,"turns":4.0},{"damage":12.0,"enemies":"Blue Slaver","floor":4.0,"turns":4.0},{"damage":7.0,"enemies":"Looter","floor":5.0,"turns":3.0},{"damage":11.0,"enemies":"Gremlin Nob","floor":7.0,"turns":4.0},{"damage":0,"enemies":"2 Fungi Beasts","floor":10,"turns":4},{"damage":11,"enemies":"Exordium Thugs","floor":12,"turns":7},{"damage":9,"enemies":"Large Slime","floor":14,"turns":8},{"damage":54,"enemies":"Slime Boss","floor":16,"turns":12}],"seed_played":"6688999002861898981","potions_obtained":[{"floor":1.0,"key":"EssenceOfSteel"},{"floor":2.0,"key":"Energy Potion"},{"floor":14,"key":"Energy Potion"},{"floor":16,"key":"BloodPotion"}],"is_trial":false,"path_per_floor":["M","M","M","M","M","R","E","R","T","M","$","M","R","M","R","B",null],"character_chosen":"IRONCLAD","items_purchased":["HandOfGreed"],"campfire_rested":0,"item_purchase_floors":[11],"current_hp_per_floor":[73,69,71,65,64,64,59,59,59,65,65,60,60,57,57,9,9],"gold":270,"neow_bonus":"UPGRADE_CARD","is_prod":false,"is_daily":false,"chose_seed":false,"campfire_upgraded":4,"win_rate":0,"timestamp":1571474800,"path_taken":["M","M","M","M","M","R","E","R","T","?","$","?","R","M","R","BOSS"],"build_version":"2019-07-17","purchased_purges":0,"victory":false,"max_hp_per_floor":[75,75,75,75,75,75,75,75,75,75,75,75,75,75,75,75,75],"card_choices":[{"not_picked":["Clash","Rupture"],"picked":"Shockwave","floor":1.0},{"not_picked":["Warcry","Thunderclap"],"picked":"Iron Wave","floor":2.0},{"not_picked":["Shockwave","Offering","Blood for Blood"],"picked":"SKIP","floor":3.0},{"not_picked":["Shockwave","Blood for Blood"],"picked":"Offering","floor":3.0},{"not_picked":["Perfected Strike","Inflame"],"picked":"Shrug It Off","floor":4.0},{"not_picked":["Wild Strike","Rage","True Grit"],"picked":"SKIP","floor":5.0},{"not_picked":["Infernal Blade","True Grit"],"picked":"Pummel","floor":7.0},{"not_picked":["Burning Pact","Pummel","Warcry"],"picked":"SKIP","floor":10},{"not_picked":["Infernal Blade","Havoc","Evolve"],"picked":"SKIP","floor":12},{"not_picked":["Corruption","Perfected Strike"],"picked":"Shrug It Off","floor":14},{"not_picked":["Bludgeon","Brutality"],"picked":"Limit Break","floor":16}],"player_experience":868350,"relics_obtained":[{"floor":7.0,"key":"Shuriken"},{"floor":9.0,"key":"Tiny Chest"}],"event_choices":[],"is_beta":false,"boss_relics":[],"items_purged_floors":[],"is_endless":false,"potions_floor_spawned":[1,2,14,16],"ascension_level":20}