{"gold_per_floor":[111,123,133,133,151,151,184,195,195,195,120,120,149,168,168,245,245,257,269,285,485,504,504,520,420,420,295,325,325,339,353,353,431,431,444,444,444,461,56,90,90,119,119,135,16,16,16,41,41,41,41,41,11,36,36],"floor_reached":55,"playtime":4994,"items_purged":["Defend_R","Defend_R","Strike_R","Defend_R","Armaments+1"],"score":1409,"play_id":"239591a6-e723-483f-b0e6-5ca72d16220f","local_time":"20190918085226","is_ascension_mode":true,"campfire_choices":[{"floor":6.0,"key":"REST"},{"floor":10.0,"key":"REST"},{"data":"Inflame","floor":12.0,"key":"SMITH"},{"data":"Shrug It Off","floor":15.0,"key":"SMITH"},{"floor":23.0,"key":"REST"},{"floor":29.0,"key":"REST"},{"floor":32.0,"key":"REST"},{"floor":41,"key":"REST"},{"data":"Demon Form","floor":46,"key":"SMITH"},{"floor":49,"key":"RECALL"},{"data":"Metallicize","floor":52,"key":"SMITH"}],"neow_cost":"PERCENT_DAMAGE","seed_source_timestamp":0,"circlet_count":0,"master_deck":["AscendersBane","Strike_R","Strike_R","Bash","Shrug It Off","Shrug It Off+1","Inflame+1","Demon Form+1","Metallicize+1","Intimidate+1","Entrench+1","Shrug It Off+1","Impervious+1","Feed","Shrug It Off+1","Master of Strategy+1","Finesse+1","Impervious+1","True Grit+1","Intimidate+1","Whirlwind"],"special_seed":0,"relics":["Burning Blood","Blue Candle","Toxic Egg 2","Dodecahedron","Runic Pyramid","Pear","Ancient Tea Set","Velvet Choker","Membership Card","The Courier","Paper Frog","Singing Bowl","Pocketwatch"],"potions_floor_usage":[35,39,50,55,55],"damage_taken":[{"damage":0.0,"enemies":"Small Slimes","floor":1.0,"turns":4.0},{"damage":3.0,"enemies":"2 Louse","floor":2.0,"turns":4.0},{"damage":2.0,"enemies":"Cultist","floor":3.0,"turns":4.0},{"damage":29.0,"enemies":"Gremlin Gang","floor":5.0,"turns":6.0},{"damage":47.0,"enemies":"Gremlin Nob","floor":7.0,"turns":6.0},{"damage":0.0,"enemies":"Blue Slaver","floor":8.0,"turns":6.0},{"damage":14.0,"enemies":"3 Sentries","floor":13.0,"turns":7.0},{"damage":2.0,"enemies":"2 Fungi Beasts","floor":14.0,"turns":3.0},{"damage":13.0,"enemies":"The Guardian","floor":16.0,"turns":13.0},{"damage":7.0,"enemies":"3 Byrds","floor":18.0,"turns":8.0},{"damage":10.0,"enemies":"Shell Parasite","floor":19.0,"turns":8.0},{"damage":24.0,"enemies":"Shelled Parasite and Fungi","floor":20.0,"turns":8.0},{"damage":21.0,"enemies":"Snake Plant","floor":22.0,"turns":4.0},{"damage":4.0,"enemies":"Centurion and Healer","floor":24.0,"turns":8.0},{"damage":52.0,"enemies":"Slavers","floor":28.0,"turns":9.0},{"damage":11.0,"enemies":"Chosen and Byrds","floor":30.0,"turns":10.0},{"damage":20.0,"enemies":"3 Cultists","floor":31.0,"turns":7.0},{"damage":33.0,"enemies":"Champ","floor":33.0,"turns":29.0},{"damage":0,"enemies":"3 Shapes","floor":35,"turns":8},{"damage":6,"enemies":"3 Darklings","floor":38,"turns":11},{"damage":37,"enemies":"Reptomancer","floor":40,"turns":9},{"damage":29,"enemies":"Giant Head","floor":42,"turns":22},{"damage":0,"enemies":"Jaw Worm Horde","floor":44,"turns":6},{"damage":25,"enemies":"Nemesis","floor":48,"turns":13},{"damage":18,"enemies":"Awakened One","floor":50,"turns":18},{"damage":68,"enemies":"Shield and Spear","floor":54,"turns":12},{"damage":68,"enemies":"The Heart","floor":55,"turns":9}],"seed_played":"-6251963821545712150","potions_obtained":[{"floor":5.0,"key":"Ancient Potion"},{"floor":7.0,"key":"Energy Potion"},{"floor":8.0,"key":"SteroidPotion"},{"floor":13.0,"key":"PowerPotion"},{"floor":16.0,"key":"EssenceOfSteel"},{"floor":20.0,"key":"AttackPotion"},{"floor":22.0,"key":"LiquidBronze"},{"floor":24.0,"key":"PowerPotion"},{"floor":28.0,"key":"Explosive Potion"},{"floor":42,"key":"Poison Potion"},{"floor":48,"key":"Block Potion"}],"is_trial":false,"path_per_floor":["M","M","M","?","M","R","E","M","T","R","$","R","E","M","R","B",null,"M","M","M","?","M","R","M","$","T","$","E","R","M","M","R","B",null,"M","?","?","M","$","E","R","E","T","M","$","R","?","E","R","B",null,"R","$","E","B"],"character_chosen":"IRONCLAD","items_purchased":["Membership Card","Fruit Juice","Impervious+1","Regen Potion","BloodPotion"],"campfire_rested":6,"item_purchase_floors":[39,39,39,45,53],"current_hp_per_floor":[56,59,63,63,40,62,21,27,27,49,49,49,41,45,45,38,66,65,61,43,43,28,50,52,52,62,62,16,41,36,22,47,20,69,78,78,73,77,82,51,80,57,57,67,67,67,67,51,51,57,95,95,95,38,0],"gold":36,"neow_bonus":"REMOVE_TWO","is_prod":false,"is_daily":false,"chose_seed":false,"campfire_upgraded":4,"win_rate":0,"timestamp":1568821946,"path_taken":["M","M","M","?","M","R","E","M","T","R","$","R","E","M","R","BOSS","M","M","M","?","M","R","M","$","T","$","E","R","?","?","R","BOSS","M","?","?","M","$","E","R","E","T","M","$","R","?","E","R","BOSS","R","$","E","BOSS"],"build_version":"2019-07-17","purchased_purges":5,"victory":false,"max_hp_per_floor":[75,75,75,75,75,75,75,75,75,75,75,75,75,75,75,75,75,75,75,75,75,75,75,75,75,85,85,85,85,85,85,85,85,85,88,88,88,92,97,97,97,97,97,101,101,101,101,104,104,107,107,107,107,112,112],"card_choices":[{"not_picked":["Twin Strike","Anger"],"picked":"Shrug It Off","floor":1.0},{"not_picked":["Flex","Heavy Blade"],"picked":"Shrug It Off","floor":2.0},{"not_picked":["Thunderclap","Disarm"],"picked":"Armaments","floor":3.0},{"not_picked":["Feel No Pain","Armaments"],"picked":"Inflame","floor":5.0},{"not_picked":["Carnage","Blood for Blood","Fiend Fire"],"picked":"SKIP","floor":7.0},{"not_picked":["Power Through","Flex","Sentinel"],"picked":"SKIP","floor":8.0},{"not_picked":["Perfected Strike","Flex+1","Wild Strike"],"picked":"SKIP","floor":13.0},{"not_picked":["Fire Breathing","Armaments+1","Sever Soul"],"picked":"SKIP","floor":14.0},{"not_picked":["Juggernaut","Brutality"],"picked":"Demon Form","floor":16.0},{"not_picked":["Havoc+1","Second Wind+1"],"picked":"Metallicize","floor":18.0},{"not_picked":["Pommel Strike","Sword Boomerang"],"picked":"Intimidate+1","floor":19.0},{"not_picked":["Havoc+1","Body Slam"],"picked":"Entrench+1","floor":20.0},{"not_picked":["Evolve","Intimidate+1"],"picked":"Shrug It Off+1","floor":22.0},{"not_picked":["Iron Wave","Clash","Perfected Strike+1"],"picked":"SKIP","floor":24.0},{"not_picked":["Bloodletting+1","Clash"],"picked":"Impervious+1","floor":28.0},{"not_picked":["Searing Blow","Blood for Blood","Flex+1"],"picked":"SKIP","floor":30.0},{"not_picked":["Iron Wave","Spot Weakness+1","Corruption"],"picked":"SKIP","floor":31.0},{"not_picked":["Brutality","Reaper"],"picked":"Feed","floor":33.0},{"not_picked":["Cleave","Warcry+1"],"picked":"Shrug It Off+1","floor":35},{"not_picked":["Jack Of All Trades+1","Madness+1"],"picked":"Master of Strategy+1","floor":37},{"not_picked":["Madness+1","Magnetism"],"picked":"Finesse+1","floor":37},{"not_picked":["Clash","Thunderclap","Searing Blow"],"picked":"SKIP","floor":38},{"not_picked":["Evolve","Power Through+1","Flame Barrier+1"],"picked":"SKIP","floor":40},{"not_picked":["Second Wind+1","Clash"],"picked":"True Grit+1","floor":42},{"not_picked":["Shockwave+1","Clash+1","Infernal Blade+1"],"picked":"SKIP","floor":44},{"not_picked":["Intimidate+1","Sentinel+1"],"picked":"Whirlwind","floor":48},{"not_picked":["Cleave","Fire Breathing","Feel No Pain"],"picked":"Singing Bowl","floor":54}],"player_experience":331828,"relics_obtained":[{"floor":7.0,"key":"Blue Candle"},{"floor":9.0,"key":"Toxic Egg 2"},{"floor":13.0,"key":"Dodecahedron"},{"floor":26.0,"key":"Pear"},{"floor":28.0,"key":"Ancient Tea Set"},{"floor":40,"key":"The Courier"},{"floor":42,"key":"Paper Frog"},{"floor":48,"key":"Singing Bowl"},{"floor":54,"key":"Pocketwatch"}],"event_choices":[{"damage_healed":0.0,"max_hp_gain":0.0,"max_hp_loss":0.0,"gold_gain":0.0,"event_name":"Living Wall","player_choice":"Grow","floor":4.0,"gold_loss":0.0,"damage_taken":0.0,"cards_upgraded":["Armaments"]},{"damage_healed":0.0,"max_hp_gain":0.0,"max_hp_loss":0.0,"gold_gain":200.0,"event_name":"Wheel of Change","player_choice":"Gold","floor":21.0,"gold_loss":0.0,"damage_taken":0.0},{"cards_removed":["Strike_R"],"damage_healed":0,"gold_gain":0,"player_choice":"Removed Attack","damage_taken":0,"max_hp_gain":0,"max_hp_loss":0,"event_name":"Falling","floor":36,"gold_loss":0},{"damage_healed":0,"gold_gain":0,"player_choice":"Memory 2","damage_taken":5,"max_hp_gain":0,"max_hp_loss":0,"event_name":"SensoryStone","floor":37,"gold_loss":0},{"damage_healed":0,"gold_gain":0,"player_choice":"Copied","damage_taken":0,"max_hp_gain":0,"max_hp_loss":0,"event_name":"Duplicator","floor":47,"gold_loss":0,"cards_obtained":["Intimidate"]}],"is_beta":false,"boss_relics":[{"not_picked":["Runic Dome","Lizard Tail"],"picked":"Runic Pyramid"},{"not_picked":["White Beast Statue","Black Blood"],"picked":"Velvet Choker"}],"items_purged_floors":[11,25,27,39,45],"is_endless":false,"potions_floor_spawned":[5,7,8,13,16,20,22,24,28,42,48],"killed_by":"The Heart","ascension_level":15}