{"gold_per_floor":[113,113,42,42,60,90,106,139,220,220,236,236,264,282,282,378,378,390,403,318,318,95,95,95,111,135,165,165,195,23,43,43,138,138,154,154,171,181,181,181,197,223,223,241,241],"floor_reached":45,"playtime":5859,"items_purged":["Strike_B","Strike_B"],"score":483,"play_id":"1899afb2-4c6b-4316-adfb-c97b83b9297f","local_time":"20190621191851","is_ascension_mode":false,"campfire_choices":[{"floor":12,"key":"REST"},{"data":"Coolheaded","floor":15,"key":"SMITH"},{"data":"Loop","floor":23,"key":"SMITH"},{"data":"Coolheaded","floor":28,"key":"SMITH"},{"floor":32,"key":"REST"},{"data":"Genetic Algorithm","floor":40,"key":"SMITH"}],"neow_cost":"NONE","seed_source_timestamp":742181740087404,"circlet_count":0,"master_deck":["Defend_B","Defend_B","Defend_B","Defend_B","Zap","Dualcast","Coolheaded+1","Glacier","Conserve Battery","Self Repair","Loop+1","Chaos","Sweeping Beam+1","Go for the Eyes+1","Sweeping Beam+1","Creative AI","Self Repair+1","Compile Driver+1","Coolheaded+1","Reinforced Body+1","Go for the Eyes+1","Genetic Algorithm+1","Conserve Battery","Madness","Madness","BootSequence+1","Conserve Battery+1","Barrage+1"],"special_seed":0,"relics":["Inserter","Torii","Vajra","Pantograph","Molten Egg 2","Question Card","Nuclear Battery","Darkstone Periapt","Bag of Preparation","MutagenicStrength","Centennial Puzzle","Boot","Red Mask","Cursed Key","StoneCalendar"],"potions_floor_usage":[13,27,33,33,33,42],"damage_taken":[{"damage":1.0,"enemies":"2 Louse","floor":1.0,"turns":4.0},{"damage":0.0,"enemies":"Cultist","floor":5.0,"turns":6.0},{"damage":12.0,"enemies":"3 Sentries","floor":6.0,"turns":15.0},{"damage":0.0,"enemies":"Jaw Worm","floor":7.0,"turns":6.0},{"damage":34.0,"enemies":"Gremlin Nob","floor":8.0,"turns":6.0},{"damage":0.0,"enemies":"Looter","floor":11.0,"turns":5.0},{"damage":1,"enemies":"Lagavulin","floor":13,"turns":7},{"damage":3,"enemies":"Exordium Wildlife","floor":14,"turns":9},{"damage":8,"enemies":"The Guardian","floor":16,"turns":11},{"damage":1,"enemies":"Chosen","floor":18,"turns":7},{"damage":8,"enemies":"Shell Parasite","floor":19,"turns":9},{"damage":21,"enemies":"Cultist and Chosen","floor":25,"turns":8},{"damage":12,"enemies":"Slavers","floor":27,"turns":7},{"damage":15,"enemies":"Masked Bandits","floor":29,"turns":4},{"damage":0,"enemies":"Snake Plant","floor":31,"turns":9},{"damage":28,"enemies":"Collector","floor":33,"turns":11},{"damage":16,"enemies":"3 Darklings","floor":35,"turns":5},{"damage":0,"enemies":"Orb Walker","floor":37,"turns":5},{"damage":6,"enemies":"Writhing Mass","floor":38,"turns":7},{"damage":0,"enemies":"Maw","floor":41,"turns":10},{"damage":61,"enemies":"Reptomancer","floor":42,"turns":10},{"damage":1,"enemies":"Jaw Worm Horde","floor":44,"turns":6},{"damage":59,"enemies":"4 Shapes","floor":45,"turns":5}],"seed_played":"5418658920422354405","potions_obtained":[{"floor":5.0,"key":"SkillPotion"},{"floor":7.0,"key":"Fire Potion"},{"floor":11.0,"key":"FocusPotion"},{"floor":13,"key":"SkillPotion"},{"floor":16,"key":"PowerPotion"},{"floor":19,"key":"Weak Potion"},{"floor":25,"key":"Dexterity Potion"},{"floor":37,"key":"FairyPotion"},{"floor":38,"key":"Poison Potion"},{"floor":42,"key":"Ancient Potion"}],"is_trial":false,"path_per_floor":["M","?","$","?","M","E","M","E","T","T","M","R","E","M","R","B",null,"M","M","?","?","$","R","?","M","T","E","R","?","$","M","R","B",null,"M","?","M","M","?","R","M","E","T","M","M"],"character_chosen":"DEFECT","items_purchased":["Glacier","Bag of Preparation","Ancient Potion"],"campfire_rested":2,"item_purchase_floors":[3,22,30],"current_hp_per_floor":[74,67,67,67,67,55,55,28,28,28,28,50,56,60,60,74,75,75,75,75,59,59,59,59,48,48,43,43,38,38,55,75,64,75,69,69,75,75,66,66,75,21,21,37,0],"gold":241,"neow_bonus":"BOSS_RELIC","is_prod":false,"is_daily":false,"chose_seed":false,"campfire_upgraded":4,"win_rate":0.0,"timestamp":1561169931,"path_taken":["M","?","$","?","?","E","M","E","T","?","M","R","E","M","R","BOSS","M","M","?","?","$","R","?","M","T","E","R","?","$","M","R","BOSS","M","?","M","M","?","R","M","E","T","M","M"],"build_version":"2019-01-23","purchased_purges":2,"victory":false,"max_hp_per_floor":[75,75,75,75,75,75,75,75,75,75,75,75,75,75,75,75,75,75,75,75,75,75,75,75,75,75,75,75,75,75,75,75,75,75,75,75,75,75,75,75,75,75,75,75,75],"card_choices":[{"not_picked":["Redo","Gash"],"picked":"Coolheaded","floor":1.0},{"not_picked":["Force Field","Beam Cell"],"picked":"Conserve Battery","floor":5.0},{"not_picked":["Auto Shields","Storm"],"picked":"Self Repair","floor":6.0},{"not_picked":["Go for the Eyes","Melter"],"picked":"Loop","floor":7.0},{"not_picked":["Go for the Eyes","Streamline"],"picked":"Chaos","floor":8.0},{"not_picked":["Auto Shields","Melter+1"],"picked":"Sweeping Beam+1","floor":11.0},{"not_picked":["Thunder Strike+1","Scrape+1"],"picked":"Go for the Eyes+1","floor":13},{"not_picked":["Leap","Streamline+1","Hologram"],"picked":"Sweeping Beam+1","floor":14},{"not_picked":["Biased Cognition","Rainbow","All For One+1"],"picked":"Creative AI","floor":16},{"not_picked":["Barrage+1","Stack","FTL+1"],"picked":"Self Repair+1","floor":18},{"not_picked":["Static Discharge","Doom and Gloom+1","Loop+1"],"picked":"Compile Driver+1","floor":19},{"not_picked":["Gash+1","Tempest+1","Lockon+1"],"picked":"Coolheaded","floor":25},{"not_picked":["Scrape+1","Double Energy","Leap+1"],"picked":"Reinforced Body+1","floor":27},{"not_picked":["Stack","Steam Power","All For One+1"],"picked":"Go for the Eyes+1","floor":29},{"not_picked":["Cold Snap+1","Steam Power","Self Repair+1","Blizzard+1"],"picked":"SKIP","floor":31},{"not_picked":["Gash+1","Redo+1","Leap+1"],"picked":"Hologram+1","floor":35},{"not_picked":["Sweeping Beam+1","Amplify","Scrape+1"],"picked":"Genetic Algorithm","floor":37},{"not_picked":["Leap+1","Hologram","Streamline+1"],"picked":"Conserve Battery","floor":38},{"not_picked":["Aggregate+1","Gash+1","Auto Shields"],"picked":"BootSequence+1","floor":41},{"not_picked":["Beam Cell+1","Creative AI","Sweeping Beam+1"],"picked":"Conserve Battery+1","floor":42},{"not_picked":["Storm","Steam","Coolheaded"],"picked":"Barrage+1","floor":44}],"player_experience":33278,"relics_obtained":[{"floor":6.0,"key":"Torii"},{"floor":8.0,"key":"Vajra"},{"floor":9.0,"key":"Pantograph"},{"floor":10.0,"key":"Molten Egg 2"},{"floor":13,"key":"Question Card"},{"floor":26,"key":"Centennial Puzzle"},{"floor":27,"key":"Boot"},{"floor":29,"key":"Red Mask"},{"floor":42,"key":"StoneCalendar"}],"event_choices":[{"cards_removed":["Strike_B"],"damage_healed":0.0,"max_hp_gain":0.0,"max_hp_loss":0.0,"gold_gain":0.0,"event_name":"Golden Wing","player_choice":"Card Removal","floor":2.0,"gold_loss":0.0,"damage_taken":7.0},{"cards_removed":["Strike_B"],"damage_healed":0.0,"max_hp_gain":0.0,"max_hp_loss":0.0,"gold_gain":0.0,"event_name":"Purifier","player_choice":"Purged","floor":4.0,"gold_loss":0.0,"damage_taken":0.0},{"damage_healed":0,"gold_gain":0,"player_choice":"Obtained Relic","damage_taken":0,"relics_obtained":["Darkstone Periapt"],"max_hp_gain":0,"max_hp_loss":0,"event_name":"Addict","floor":20,"gold_loss":85},{"damage_healed":0,"gold_gain":0,"player_choice":"Obtained Book","damage_taken":16,"max_hp_gain":0,"max_hp_loss":0,"event_name":"Cursed Tome","floor":21,"gold_loss":0},{"damage_healed":0,"gold_gain":0,"player_choice":"Inject Mutagens","damage_taken":0,"relics_obtained":["MutagenicStrength"],"max_hp_gain":0,"max_hp_loss":0,"event_name":"Drug Dealer","floor":24,"gold_loss":0},{"damage_healed":0,"gold_gain":0,"player_choice":"Fought Bandits","damage_taken":0,"max_hp_gain":0,"max_hp_loss":0,"event_name":"Masked Bandits","floor":29,"gold_loss":0},{"cards_removed":["Hologram"],"damage_healed":0,"gold_gain":0,"player_choice":"Removed Skill","damage_taken":0,"max_hp_gain":0,"max_hp_loss":0,"event_name":"Falling","floor":36,"gold_loss":0},{"damage_healed":0,"gold_gain":0,"player_choice":"Embrace Madness","damage_taken":9,"max_hp_gain":0,"max_hp_loss":0,"event_name":"Winding Halls","floor":39,"gold_loss":0,"cards_obtained":["Madness","Madness"]}],"is_beta":false,"boss_relics":[{"not_picked":["Black Star","White Beast Statue"],"picked":"Nuclear Battery"},{"not_picked":["Velvet Choker","Philosopher\u0027s Stone"],"picked":"Cursed Key"}],"items_purged_floors":[22,30],"is_endless":false,"potions_floor_spawned":[5,7,11,13,16,19,25,37,38,42],"killed_by":"4 Shapes","ascension_level":0}