{"gold_per_floor":[111,124,144,69,69,94,94,111,134,134,148,159,159,189,189,290,290,305,305,255,305,315,327,327,327,327,327,343,358,358,358,358,461,461,474,81,41,59,76,76,93,121,121,121,22,22,22,51,51,51],"floor_reached":51,"playtime":3543,"items_purged":["Strike_B","Defend_B","Strike_B","Strike_B"],"score":870,"play_id":"64d493e6-d4bc-45cf-8f1b-197b8316fbfc","local_time":"20190915150824","is_ascension_mode":true,"campfire_choices":[{"floor":7,"key":"REST"},{"data":"Zap","floor":10,"key":"SMITH"},{"floor":13,"key":"REST"},{"data":"Defragment","floor":15,"key":"SMITH"},{"floor":25,"key":"REST"},{"data":"Electrodynamics","floor":27,"key":"SMITH"},{"floor":30,"key":"REST"},{"data":"Dualcast","floor":32,"key":"SMITH"},{"data":"Darkness","floor":40,"key":"SMITH"},{"data":"Coolheaded","floor":46,"key":"SMITH"},{"floor":49,"key":"REST"}],"neow_cost":"NONE","seed_source_timestamp":268597481237899,"circlet_count":0,"master_deck":["Strike_B","Defend_B","Defend_B","Zap+1","Dualcast+1","Beam Cell","Defragment+1","Capacitor","Compile Driver+1","Self Repair","Conserve Battery+1","Coolheaded","Leap","Electrodynamics+1","Ball Lightning","Conserve Battery","Beam Cell+1","Steam+1","Gash+1","Scrape+1","All For One","Coolheaded+1","Steam","Darkness+1","Chill+1","FTL+1","Consume+1","Coolheaded+1","Undo+1"],"relics":["Cracked Core","Smiling Mask","Bag of Preparation","Bag of Marbles","Philosopher\u0027s Stone","Symbiotic Virus","Inserter","Letter Opener","Mummified Hand","Du-Vu Doll","Frozen Egg 2","Art of War"],"potions_floor_usage":[6,14,16,16,24,24,33,42,50,50],"damage_taken":[{"damage":3,"enemies":"2 Louse","floor":1,"turns":2},{"damage":1,"enemies":"Cultist","floor":2,"turns":3},{"damage":14,"enemies":"Small Slimes","floor":3,"turns":3},{"damage":45,"enemies":"3 Sentries","floor":6,"turns":7},{"damage":21,"enemies":"Exordium Thugs","floor":8,"turns":4},{"damage":0,"enemies":"Gremlin Gang","floor":11,"turns":3},{"damage":6,"enemies":"Looter","floor":12,"turns":3},{"damage":18,"enemies":"Gremlin Nob","floor":14,"turns":4},{"damage":0,"enemies":"Hexaghost","floor":16,"turns":10},{"damage":7,"enemies":"Spheric Guardian","floor":18,"turns":3},{"damage":13,"enemies":"2 Thieves","floor":22,"turns":3},{"damage":24,"enemies":"Shelled Parasite and Fungi","floor":23,"turns":4},{"damage":32,"enemies":"Book of Stabbing","floor":24,"turns":5},{"damage":15,"enemies":"Snecko","floor":28,"turns":4},{"damage":11,"enemies":"Snake Plant","floor":29,"turns":4},{"damage":46,"enemies":"Collector","floor":33,"turns":8},{"damage":0,"enemies":"3 Darklings","floor":35,"turns":3},{"damage":7,"enemies":"Orb Walker","floor":38,"turns":2},{"damage":8,"enemies":"Jaw Worm Horde","floor":39,"turns":4},{"damage":0,"enemies":"3 Darklings","floor":41,"turns":3},{"damage":38,"enemies":"Reptomancer","floor":42,"turns":6},{"damage":24,"enemies":"Giant Head","floor":48,"turns":7},{"damage":45,"enemies":"Awakened One","floor":50,"turns":12}],"seed_played":"6039815100887317702","potions_obtained":[{"floor":1,"key":"SpeedPotion"},{"floor":8,"key":"GamblersBrew"},{"floor":11,"key":"EssenceOfSteel"},{"floor":12,"key":"Block Potion"},{"floor":14,"key":"SteroidPotion"},{"floor":18,"key":"SmokeBomb"},{"floor":28,"key":"Dexterity Potion"},{"floor":33,"key":"Weak Potion"},{"floor":42,"key":"Strength Potion"},{"floor":48,"key":"Swift Potion"}],"is_trial":false,"path_per_floor":["M","M","M","$","?","E","R","M","T","R","M","M","R","E","R","B",null,"M","?","$","?","M","M","E","R","T","R","M","M","R","?","R","B",null,"M","$","?","M","M","R","M","E","T","?","$","R","T","E","R","B",null],"character_chosen":"DEFECT","items_purchased":["Letter Opener","Steam","Darkness","FearPotion"],"campfire_rested":5,"item_purchase_floors":[36,36,36,45],"current_hp_per_floor":[79,78,64,64,64,19,43,22,22,22,22,16,40,22,22,29,82,75,75,75,75,69,45,13,37,37,37,29,25,49,49,49,10,82,82,82,82,75,74,74,81,50,50,50,50,50,50,33,57,19],"gold":51,"neow_bonus":"TEN_PERCENT_HP_BONUS","is_prod":false,"is_daily":false,"chose_seed":false,"campfire_upgraded":6,"win_rate":0,"timestamp":1568552904,"path_taken":["M","M","M","$","?","E","R","?","T","R","M","M","R","E","R","BOSS","M","?","$","?","M","M","E","R","T","R","M","?","R","?","R","BOSS","M","$","?","?","M","R","M","E","T","?","$","R","?","E","R","BOSS"],"build_version":"2019-07-17","purchased_purges":4,"victory":true,"max_hp_per_floor":[82,82,82,82,82,82,82,82,82,82,82,82,82,82,82,82,82,82,82,82,82,82,82,82,82,82,82,82,82,82,82,82,82,82,82,82,82,82,82,82,82,82,82,82,82,82,82,82,82,82],"card_choices":[{"not_picked":["Sunder","Fusion"],"picked":"Beam Cell","floor":1},{"not_picked":["Sunder","Gash"],"picked":"Defragment","floor":2},{"not_picked":["Gash","Sweeping Beam"],"picked":"Capacitor","floor":3},{"not_picked":["Redo","Blizzard"],"picked":"Compile Driver","floor":6},{"not_picked":["Scrape","Tempest"],"picked":"Self Repair","floor":8},{"not_picked":["Force Field","Creative AI"],"picked":"Conserve Battery","floor":11},{"not_picked":["Tempest","Sunder"],"picked":"Coolheaded","floor":12},{"not_picked":["Force Field","Stack"],"picked":"Leap","floor":14},{"not_picked":["Biased Cognition","Machine Learning"],"picked":"Electrodynamics","floor":16},{"not_picked":["Stack","Gash+1"],"picked":"Ball Lightning","floor":18},{"not_picked":["Conserve Battery","Loop"],"picked":"Beam Cell+1","floor":22},{"not_picked":["Turbo","All For One"],"picked":"Steam+1","floor":23},{"not_picked":["Leap","Barrage"],"picked":"Gash+1","floor":28},{"not_picked":["Cold Snap","Rip and Tear"],"picked":"Scrape+1","floor":29},{"not_picked":["Creative AI","Fission"],"picked":"All For One","floor":33},{"not_picked":["Rip and Tear+1","Rebound+1"],"picked":"Coolheaded+1","floor":35},{"not_picked":["Consume","Gash"],"picked":"Chill+1","floor":38},{"not_picked":["Rebound+1","Streamline+1"],"picked":"FTL+1","floor":39},{"not_picked":["Streamline+1","Stack"],"picked":"Consume+1","floor":41},{"not_picked":["Stack+1","Streamline"],"picked":"Coolheaded","floor":42},{"not_picked":["Recycle","Cold Snap+1"],"picked":"Undo+1","floor":48}],"player_experience":148471,"relics_obtained":[{"floor":6,"key":"Smiling Mask"},{"floor":9,"key":"Bag of Preparation"},{"floor":14,"key":"Bag of Marbles"},{"floor":26,"key":"Symbiotic Virus"},{"floor":42,"key":"Mummified Hand"},{"floor":43,"key":"Du-Vu Doll"},{"floor":47,"key":"Frozen Egg 2"},{"floor":48,"key":"Art of War"}],"event_choices":[{"cards_removed":["Defend_B"],"damage_healed":0,"gold_gain":0,"player_choice":"Card Removal","damage_taken":0,"max_hp_gain":0,"max_hp_loss":0,"event_name":"Wheel of Change","floor":5,"gold_loss":0},{"damage_healed":0,"gold_gain":0,"player_choice":"Read","damage_taken":0,"max_hp_gain":0,"max_hp_loss":0,"event_name":"The Library","floor":19,"gold_loss":0,"cards_obtained":["Conserve Battery"]},{"damage_healed":0,"gold_gain":100,"player_choice":"Bet on Murderer","damage_taken":0,"max_hp_gain":0,"max_hp_loss":0,"event_name":"The Joust","floor":21,"gold_loss":50},{"damage_healed":0,"gold_gain":0,"player_choice":"Ignored","damage_taken":0,"max_hp_gain":0,"max_hp_loss":0,"event_name":"N\u0027loth","floor":31,"gold_loss":0},{"damage_healed":0,"gold_gain":0,"player_choice":"Upgraded Two","damage_taken":0,"max_hp_gain":0,"max_hp_loss":0,"event_name":"Designer","floor":37,"gold_loss":40,"cards_upgraded":["Compile Driver","Conserve Battery"]},{"damage_healed":0,"gold_gain":0,"player_choice":"Ignored","damage_taken":0,"max_hp_gain":0,"max_hp_loss":0,"event_name":"Tomb of Lord Red Mask","floor":44,"gold_loss":0}],"is_beta":false,"boss_relics":[{"not_picked":["Busted Crown","Coffee Dripper"],"picked":"Philosopher\u0027s Stone"},{"not_picked":["Tiny House","Velvet Choker"],"picked":"Inserter"}],"items_purged_floors":[4,20,36,45],"is_endless":false,"potions_floor_spawned":[1,8,11,12,14,18,28,33,42,48],"ascension_level":3}