{"gold_per_floor":[15,25,25,40,50,50,27,27,108,120,148,148,167,178,178,178],"floor_reached":16,"playtime":909,"items_purged":[],"score":125,"play_id":"dee38f6d-2586-463c-83d9-d247b57e46a3","local_time":"20190329005900","is_ascension_mode":true,"campfire_choices":[{"data":"Rage","floor":6,"key":"SMITH"},{"data":"Whirlwind","floor":8,"key":"SMITH"},{"data":"Combust","floor":15,"key":"SMITH"}],"neow_cost":"NO_GOLD","seed_source_timestamp":98180541019900,"circlet_count":0,"master_deck":["Strike_R","Strike_R","Strike_R","Strike_R","Strike_R","Defend_R","Defend_R","Bash","Sword Boomerang","Warcry","Rage+1","Whirlwind+1","Decay","Combust+1","Thunderclap","Thunderclap","Clash","Infernal Blade","Warcry","Clash"],"relics":["Burning Blood","Question Card","Boot","FaceOfCleric"],"potions_floor_usage":[4,10,11,16],"damage_taken":[{"damage":2,"enemies":"2 Louse","floor":1,"turns":3},{"damage":0,"enemies":"Cultist","floor":2,"turns":3},{"damage":0,"enemies":"Small Slimes","floor":4,"turns":1},{"damage":18,"enemies":"Exordium Thugs","floor":5,"turns":4},{"damage":11,"enemies":"2 Fungi Beasts","floor":10,"turns":3},{"damage":31,"enemies":"Gremlin Nob","floor":11,"turns":4},{"damage":2,"enemies":"Large Slime","floor":13,"turns":3},{"damage":0,"enemies":"3 Louse","floor":14,"turns":2},{"damage":60,"enemies":"The Guardian","floor":16,"turns":8}],"seed_played":"-4588012687229483151","potions_obtained":[{"floor":1,"key":"AttackPotion"},{"floor":4,"key":"PowerPotion"},{"floor":10,"key":"Fruit Juice"},{"floor":13,"key":"GamblersBrew"}],"is_trial":false,"path_per_floor":["M","M","?","M","M","R","$","R","T","M","E","?","M","M","R","B"],"character_chosen":"IRONCLAD","items_purchased":["Thunderclap"],"campfire_rested":0,"item_purchase_floors":[7],"current_hp_per_floor":[80,80,80,80,68,68,68,68,68,68,43,43,48,55,55,0],"gold":178,"neow_bonus":"TRANSFORM_TWO_CARDS","is_prod":false,"is_daily":false,"chose_seed":false,"campfire_upgraded":3,"win_rate":0,"timestamp":1553817540,"path_taken":["M","M","?","M","?","R","?","R","T","M","E","?","M","?","R","BOSS"],"build_version":"2019-01-23","purchased_purges":0,"victory":false,"max_hp_per_floor":[80,80,80,80,80,80,80,80,80,85,85,85,86,87,87,87],"card_choices":[{"not_picked":["Entrench","Sword Boomerang"],"picked":"Rage","floor":1},{"not_picked":["Cleave","Blood for Blood"],"picked":"Whirlwind","floor":2},{"not_picked":["Shockwave","Clash"],"picked":"Combust","floor":4},{"not_picked":["Battle Trance","True Grit"],"picked":"Thunderclap","floor":5},{"not_picked":["Anger","Havoc","Burning Pact"],"picked":"Clash","floor":10},{"not_picked":["Reaper","Cleave","Disarm"],"picked":"Infernal Blade","floor":11},{"not_picked":["Sentinel","Blood for Blood","Pommel Strike"],"picked":"Warcry","floor":13},{"not_picked":["Thunderclap","Fire Breathing","Combust"],"picked":"Clash","floor":14}],"player_experience":472943,"relics_obtained":[{"floor":9,"key":"Question Card"},{"floor":11,"key":"Boot"}],"event_choices":[{"damage_healed":0,"gold_gain":0,"player_choice":"Cursed","damage_taken":0,"max_hp_gain":0,"max_hp_loss":0,"event_name":"Wheel of Change","floor":3,"gold_loss":0,"cards_obtained":["Decay"]},{"damage_healed":0,"gold_gain":0,"player_choice":"Trade","damage_taken":0,"relics_obtained":["FaceOfCleric"],"max_hp_gain":0,"max_hp_loss":0,"event_name":"FaceTrader","floor":12,"gold_loss":0}],"is_beta":false,"boss_relics":[],"items_purged_floors":[],"is_endless":false,"potions_floor_spawned":[1,4,10,13],"killed_by":"The Guardian","ascension_level":4}