{"path_per_floor":["M","M","M","?","?","R","M","R","T","M","M","M","M","M","R","B",null,"M","$","M","M","M","R","?","R","T","M","M"],"character_chosen":"IRONCLAD","items_purchased":["Master of Strategy","Evolve"],"gold_per_floor":[116,134,147,147,147,147,161,161,161,171,182,195,209,228,228,332,332,352,26,41,61,74,74,74,74,156,174,185],"floor_reached":29,"campfire_rested":0,"playtime":3022,"current_hp_per_floor":[68,77,78,78,78,78,73,73,73,71,64,64,70,66,66,45,83,83,83,75,57,43,43,43,43,43,17,7],"items_purged":["Defend_R"],"gold":185,"play_id":"c1dddf54-b84f-499b-9aa1-390627fa66af","is_prod":false,"is_daily":false,"is_ascension_mode":false,"campfire_upgraded":5,"path_taken":["M","?","M","?","?","R","M","R","T","?","M","M","M","M","R","BOSS","M","$","M","M","M","R","?","R","T","M","?","E"],"build_version":"2018-02-01-PROD3","purchased_purges":1,"victory":false,"master_deck":["Strike_R","Strike_R","Strike_R","Strike_R","Strike_R","Defend_R","Defend_R","Defend_R","Bash","Infernal Blade+1","Pummel","Clothesline","Headbutt","Dropkick+1","Berserk","Wild Strike","Iron Wave","Headbutt","Iron Wave","Armaments+1","Searing Blow","Demon Form+1","Anger+1","Master of Strategy","Evolve","Thunderclap+1","Shrug It Off","Infernal Blade+1","Feel No Pain+1","Metallicize+1"],"max_hp_per_floor":[80,83,83,83,83,83,83,83,83,83,83,83,83,83,83,83,83,83,83,83,83,83,83,83,83,83,83,83],"relics":["Burning Blood","Ice Cream","Mark of Pain","Frozen Egg 2"],"card_choices":[{"not_picked":["Pommel Strike","Twin Strike"],"picked":"Infernal Blade"},{"not_picked":["Fire Breathing","Anger"],"picked":"Pummel"},{"not_picked":["Burning Pact","Perfected Strike"],"picked":"Clothesline"},{"not_picked":["Clash","Thunderclap"],"picked":"Wild Strike"},{"not_picked":["Twin Strike","Reckless Charge"],"picked":"Iron Wave"},{"not_picked":["Fiend Fire","Burning Pact"],"picked":"Headbutt"},{"not_picked":["Clash","Flex"],"picked":"Iron Wave"},{"not_picked":["Clash","Flex"],"picked":"Armaments"},{"not_picked":["Burning Pact","Pommel Strike"],"picked":"Searing Blow"},{"not_picked":["Dark Embrace","Juggernaut"],"picked":"Demon Form"},{"not_picked":["Thunderclap","Headbutt"],"picked":"Anger"},{"not_picked":["Evolve","Warcry"],"picked":"Thunderclap"},{"not_picked":["Second Wind","Body Slam"],"picked":"Shrug It Off"},{"not_picked":["Bloodletting","Uppercut"],"picked":"Infernal Blade"},{"not_picked":["Burning Pact","Wild Strike"],"picked":"Feel No Pain"},{"not_picked":["Hemokinesis","Blood for Blood"],"picked":"Metallicize"}],"player_experience":45900,"potions_floor_usage":[11,16,16,16,18,28,29],"damage_taken":[{"damage":18,"enemies":"Blue Slaver","floor":1,"turns":6},{"damage":0,"enemies":"2 Louse","floor":2,"turns":4},{"damage":5,"enemies":"Cultist","floor":3,"turns":4},{"damage":11,"enemies":"2 Fungi Beasts","floor":7,"turns":4},{"damage":8,"enemies":"Lots of Slimes","floor":10,"turns":4},{"damage":13,"enemies":"Gremlin Gang","floor":11,"turns":3},{"damage":6,"enemies":"2 Fungi Beasts","floor":12,"turns":3},{"damage":0,"enemies":"Looter","floor":13,"turns":3},{"damage":10,"enemies":"Lots of Slimes","floor":14,"turns":3},{"damage":27,"enemies":"Slime Boss","floor":16,"turns":14},{"damage":4,"enemies":"Chosen","floor":18,"turns":5},{"damage":14,"enemies":"Shell Parasite","floor":20,"turns":4},{"damage":24,"enemies":"Centurion and Healer","floor":21,"turns":3},{"damage":20,"enemies":"Cultist and Chosen","floor":22,"turns":6},{"damage":32,"enemies":"Snake Plant","floor":27,"turns":4},{"damage":16,"enemies":"3 Cultists","floor":28,"turns":4},{"damage":7,"enemies":"Gremlin Leader","floor":29,"turns":3}],"event_choices":[{"event_name":"Match and Keep!","player_choice":"3 cards matched","floor":4,"damage_taken":0},{"event_name":"The Woman in Blue","player_choice":"Bought 0 Potions","floor":5,"damage_taken":0},{"event_name":"Beggar","player_choice":"Ignored","floor":24,"damage_taken":0}],"boss_relics":[{"not_picked":["Runic Dome","Cursed Key"],"picked":"Mark of Pain"}],"potions_floor_spawned":[1,3,13,14,16,22,28],"seed_played":"307988629548126568","killed_by":"Gremlin Leader","ascension_level":0,"is_trial":false}