{"gold_per_floor":[110,31,31,31,31,31,31,31,57,31,31,56,90,111,111,239,239,262,262],"floor_reached":19,"playtime":878,"items_purged":[],"score":204,"play_id":"aad8f92b-86d3-4ced-afc7-4356b70946bb","local_time":"20190526015456","is_ascension_mode":true,"campfire_choices":[{"data":"Rupture","floor":6,"key":"SMITH"},{"data":"Combust","floor":8,"key":"SMITH"},{"data":"Flex","floor":11,"key":"SMITH"},{"floor":15,"key":"REST"}],"neow_cost":"NONE","seed_source_timestamp":46781120641100,"circlet_count":0,"master_deck":["Strike_R","Strike_R","Strike_R","Strike_R","Strike_R","Defend_R+1","Defend_R","Defend_R","Defend_R+1","Bash","Combust+1","Flex+1","Rupture+1","Shrug It Off","Pommel Strike","Perfected Strike","Inflame","Brutality","Combust","Perfected Strike","Rage","Rage","Brutality","Rampage"],"relics":["Burning Blood","Golden Idol","Omamori","Boot","Regal Pillow","Orrery"],"potions_floor_usage":[18,19],"damage_taken":[{"damage":3,"enemies":"Cultist","floor":1,"turns":4},{"damage":0,"enemies":"2 Louse","floor":12,"turns":3},{"damage":29,"enemies":"Gremlin Nob","floor":13,"turns":4},{"damage":1,"enemies":"Small Slimes","floor":14,"turns":2},{"damage":45,"enemies":"Slime Boss","floor":16,"turns":9},{"damage":33,"enemies":"2 Thieves","floor":18,"turns":5},{"damage":39,"enemies":"Masked Bandits","floor":19,"turns":3}],"seed_played":"3897988712061639205","potions_obtained":[{"floor":16,"key":"Block Potion"},{"floor":18,"key":"Regen Potion"}],"is_trial":false,"path_per_floor":["M","$","?","$","?","R","?","R","T","$","R","M","E","M","R","B",null,"M","?"],"character_chosen":"IRONCLAD","items_purchased":["Rupture","Shrug It Off"],"campfire_rested":1,"item_purchase_floors":[2,10],"current_hp_per_floor":[80,80,60,60,44,44,41,41,41,41,41,47,24,29,68,29,67,40,10],"gold":262,"neow_bonus":"THREE_CARDS","is_prod":false,"is_daily":false,"chose_seed":false,"campfire_upgraded":3,"win_rate":0,"timestamp":1558828496,"path_taken":["M","$","?","$","?","R","?","R","T","$","R","M","E","M","R","BOSS","M","?"],"build_version":"2019-01-23","purchased_purges":0,"victory":false,"max_hp_per_floor":[80,80,80,80,80,80,80,80,80,80,80,80,80,80,80,80,80,80,80],"card_choices":[{"not_picked":["Thunderclap","True Grit"],"picked":"Combust","floor":0},{"not_picked":["Second Wind","Corruption"],"picked":"Flex","floor":1},{"not_picked":["Sword Boomerang","Headbutt"],"picked":"Pommel Strike","floor":12},{"not_picked":["Fire Breathing","Whirlwind"],"picked":"Perfected Strike","floor":13},{"not_picked":["Flame Barrier","Ghostly Armor"],"picked":"Inflame","floor":14},{"not_picked":["Offering","Immolate"],"picked":"Brutality","floor":16},{"not_picked":["Shrug It Off","Evolve"],"picked":"Combust","floor":17},{"not_picked":["Rampage","Pummel"],"picked":"Perfected Strike","floor":17},{"not_picked":["Sword Boomerang","Havoc"],"picked":"Rage","floor":17},{"not_picked":["Headbutt","Thunderclap"],"picked":"Rage","floor":17},{"not_picked":["Reckless Charge","Second Wind"],"picked":"Brutality","floor":17},{"not_picked":["Hemokinesis","Anger"],"picked":"Rampage","floor":18}],"player_experience":575102,"relics_obtained":[{"floor":9,"key":"Boot"},{"floor":13,"key":"Regal Pillow"}],"event_choices":[{"damage_healed":0,"gold_gain":0,"player_choice":"Take Damage","damage_taken":20,"relics_obtained":["Golden Idol"],"max_hp_gain":0,"max_hp_loss":0,"event_name":"Golden Idol","floor":3,"gold_loss":0},{"damage_healed":0,"gold_gain":0,"player_choice":"Entered Light","damage_taken":16,"max_hp_gain":0,"max_hp_loss":0,"event_name":"Shining Light","floor":5,"gold_loss":0,"cards_upgraded":["Defend_R","Defend_R"]},{"damage_healed":0,"gold_gain":0,"player_choice":"Success","damage_taken":3,"relics_obtained":["Omamori"],"max_hp_gain":0,"max_hp_loss":0,"event_name":"Scrap Ooze","floor":7,"gold_loss":0},{"damage_healed":0,"gold_gain":0,"player_choice":"Fought Bandits","damage_taken":0,"max_hp_gain":0,"max_hp_loss":0,"event_name":"Masked Bandits","floor":19,"gold_loss":0}],"is_beta":false,"boss_relics":[{"not_picked":["Philosopher\u0027s Stone","Ectoplasm"],"picked":"Orrery"}],"items_purged_floors":[],"is_endless":false,"potions_floor_spawned":[16,18],"killed_by":"Masked Bandits","ascension_level":5}