{"gold_per_floor":[112,130,29,45,45,45,74,74,142,142,142,175,4,32,32,127,127,140,156,172,184,184,184],"floor_reached":23,"playtime":1105,"items_purged":["Defend_R"],"score":240,"play_id":"37e49821-1e9a-47de-aba4-8b5750d8cc9c","local_time":"20181022020135","is_ascension_mode":true,"campfire_choices":[{"data":"Bludgeon","floor":6,"key":"SMITH"},{"data":"Double Tap","floor":8,"key":"SMITH"},{"data":"Perfected Strike","floor":11,"key":"SMITH"},{"floor":15,"key":"REST"}],"neow_cost":"NONE","seed_source_timestamp":60672063711532,"circlet_count":0,"master_deck":["Strike_R","Strike_R","Strike_R","Strike_R","Strike_R","Defend_R","Defend_R","Defend_R","Bash","Cleave","Sword Boomerang","Perfected Strike+1","Bludgeon+1","Double Tap+1","Thunderclap","Mayhem","Clothesline","Reaper","Sword Boomerang+1","Iron Wave+1","Twin Strike"],"relics":["Burning Blood","Blood Vial","Singing Bowl","Matryoshka","Orichalcum","Black Star"],"potions_floor_usage":[18,18,22],"damage_taken":[{"damage":7,"enemies":"2 Louse","floor":1,"turns":4},{"damage":0,"enemies":"Small Slimes","floor":2,"turns":2},{"damage":12,"enemies":"Jaw Worm","floor":4,"turns":2},{"damage":35,"enemies":"Lagavulin","floor":7,"turns":5},{"damage":16,"enemies":"Gremlin Nob","floor":12,"turns":3},{"damage":25,"enemies":"3 Sentries","floor":14,"turns":4},{"damage":34,"enemies":"Hexaghost","floor":16,"turns":8},{"damage":19,"enemies":"2 Thieves","floor":18,"turns":4},{"damage":5,"enemies":"Spheric Guardian","floor":19,"turns":3},{"damage":30,"enemies":"Snake Plant","floor":20,"turns":4},{"damage":12,"enemies":"Snecko","floor":21,"turns":3},{"damage":40,"enemies":"Colosseum Slavers","floor":22,"turns":4},{"damage":24,"enemies":"Slavers","floor":23,"turns":2}],"seed_played":"9151860724090047671","potions_obtained":[{"floor":2,"key":"Ancient Potion"},{"floor":4,"key":"Fire Potion"},{"floor":14,"key":"Block Potion"},{"floor":16,"key":"LiquidBronze"},{"floor":18,"key":"Strength Potion"}],"is_trial":false,"path_per_floor":["M","M","$","M","?","R","E","R","T","?","R","E","$","E","R","B",null,"M","M","M","M","?"],"character_chosen":"IRONCLAD","items_purchased":["Perfected Strike","Mayhem"],"campfire_rested":1,"item_purchase_floors":[3,13],"current_hp_per_floor":[87,88,88,82,82,82,53,53,53,53,53,45,45,28,54,28,88,81,84,62,58,26,16],"gold":184,"neow_bonus":"TEN_PERCENT_HP_BONUS","is_prod":false,"is_daily":false,"chose_seed":false,"campfire_upgraded":3,"win_rate":0,"timestamp":1540166495,"path_taken":["M","M","$","M","?","R","E","R","T","?","R","E","$","E","R","BOSS","M","?","M","?","?","E"],"build_version":"2018-10-18","purchased_purges":1,"victory":false,"max_hp_per_floor":[88,88,88,88,88,88,88,88,88,88,88,88,88,88,88,88,88,90,90,90,90,90,90],"card_choices":[{"not_picked":["Heavy Blade","Headbutt"],"picked":"Cleave","floor":1},{"not_picked":["Combust","Burning Pact"],"picked":"Sword Boomerang","floor":2},{"not_picked":["Pummel","Pommel Strike"],"picked":"Bludgeon","floor":4},{"not_picked":["Shockwave","Evolve"],"picked":"Double Tap","floor":7},{"not_picked":["Hemokinesis","Cleave"],"picked":"Thunderclap","floor":12},{"not_picked":["Burning Pact","Shrug It Off"],"picked":"Clothesline","floor":14},{"not_picked":["Brutality","Berserk"],"picked":"Reaper","floor":16},{"not_picked":["Rampage+1","Havoc+1","Iron Wave"],"picked":"Singing Bowl","floor":18},{"not_picked":["Sentinel","Dropkick"],"picked":"Sword Boomerang+1","floor":19},{"not_picked":["Havoc","Wild Strike"],"picked":"Iron Wave+1","floor":20},{"not_picked":["Intimidate","Wild Strike+1"],"picked":"Twin Strike","floor":21}],"player_experience":366678,"relics_obtained":[{"floor":7,"key":"Blood Vial"},{"floor":9,"key":"Singing Bowl"},{"floor":12,"key":"Matryoshka"},{"floor":14,"key":"Orichalcum"}],"event_choices":[{"damage_healed":0,"gold_gain":0,"player_choice":"Leave","damage_taken":0,"max_hp_gain":0,"max_hp_loss":0,"event_name":"The Cleric","floor":5,"gold_loss":0},{"damage_healed":0,"gold_gain":0,"player_choice":"Bought 0 Potions","damage_taken":0,"max_hp_gain":0,"max_hp_loss":0,"event_name":"The Woman in Blue","floor":10,"gold_loss":0},{"damage_healed":0,"gold_gain":0,"player_choice":"Fight","damage_taken":0,"max_hp_gain":0,"max_hp_loss":0,"event_name":"Colosseum","floor":22,"gold_loss":0},{"damage_healed":0,"gold_gain":0,"player_choice":"Fled From Nobs","damage_taken":0,"max_hp_gain":0,"max_hp_loss":0,"event_name":"Colosseum","floor":22,"gold_loss":0}],"is_beta":false,"boss_relics":[{"not_picked":["Tiny House","Eternal Feather"],"picked":"Black Star"}],"items_purged_floors":[3],"is_endless":false,"potions_floor_spawned":[2,4,14,16,18,22],"killed_by":"Slavers","ascension_level":3}