{"gold_per_floor":[115,126,51,51,51,51,85,360,360,360,360,383,383,397,397,520,520,540,540,190,210,210,210,210],"floor_reached":24,"playtime":1254,"items_purged":["Strike_B","Defend_B"],"score":228,"play_id":"78da5ffc-149c-4ed5-851c-b0ba83aa5368","local_time":"20181019192051","is_ascension_mode":true,"campfire_choices":[{"data":"Dualcast","floor":6,"key":"SMITH"},{"floor":11,"key":"REST"},{"floor":13,"key":"REST"},{"floor":15,"key":"REST"},{"data":"Rainbow","floor":23,"key":"SMITH"}],"neow_cost":"NONE","seed_source_timestamp":1738155389442,"circlet_count":0,"master_deck":["Strike_B+1","Strike_B+1","Defend_B","Defend_B","Defend_B+1","Zap","Dualcast+1","Reinforced Body","Hologram","Hologram+1","Loop","Ball Lightning","Rainbow+1","Compile Driver+1","Violence","Impatience","Tempest"],"relics":["Cracked Core","Juzu Bracelet","Turnip","Golden Idol","Whetstone","Inserter"],"potions_floor_usage":[16],"damage_taken":[{"damage":1,"enemies":"Small Slimes","floor":1,"turns":3},{"damage":1,"enemies":"2 Louse","floor":2,"turns":2},{"damage":27,"enemies":"Lagavulin","floor":7,"turns":9},{"damage":0,"enemies":"Cultist","floor":14,"turns":2},{"damage":66,"enemies":"Slime Boss","floor":16,"turns":13},{"damage":20,"enemies":"Spheric Guardian","floor":18,"turns":4},{"damage":10,"enemies":"Chosen","floor":21,"turns":4},{"damage":54,"enemies":"Slavers","floor":24,"turns":3}],"seed_played":"-8604033366332110089","potions_obtained":[{"floor":14,"key":"SkillPotion"}],"is_trial":false,"path_per_floor":["M","M","$","?","?","R","E","?","T","?","R","T","R","M","R","B",null,"M","?","$","M","?","R"],"character_chosen":"DEFECT","items_purchased":["Violence","Impatience"],"campfire_rested":3,"item_purchase_floors":[20,20],"current_hp_per_floor":[74,73,73,58,58,58,31,31,31,13,35,35,57,57,75,9,75,55,55,55,45,45,45,0],"gold":210,"neow_bonus":"THREE_CARDS","is_prod":false,"is_daily":false,"chose_seed":false,"campfire_upgraded":2,"win_rate":0,"timestamp":1539969651,"path_taken":["M","M","$","?","?","R","E","?","T","?","R","?","R","M","R","BOSS","M","?","$","M","?","R","E"],"build_version":"2018-10-18","purchased_purges":2,"victory":false,"max_hp_per_floor":[75,75,75,75,75,75,75,75,75,75,75,75,75,75,75,75,75,75,75,75,75,75,75,75],"card_choices":[{"not_picked":["Ball Lightning","Coolheaded"],"picked":"Reinforced Body","floor":0},{"not_picked":["Coolheaded","Rebound"],"picked":"Hologram","floor":1},{"not_picked":["Coolheaded","Rebound"],"picked":"Hologram","floor":2},{"not_picked":["Machine Learning","Steam"],"picked":"Loop","floor":7},{"not_picked":["Turbo","Go for the Eyes"],"picked":"Ball Lightning","floor":14},{"not_picked":["Seek","Biased Cognition"],"picked":"Rainbow","floor":16},{"not_picked":["Stack","Ball Lightning"],"picked":"Compile Driver+1","floor":18},{"not_picked":["Skim","Cold Snap+1"],"picked":"Tempest","floor":21}],"player_experience":361408,"relics_obtained":[{"floor":7,"key":"Juzu Bracelet"},{"floor":9,"key":"Turnip"},{"floor":12,"key":"Whetstone"}],"event_choices":[{"damage_healed":0,"gold_gain":0,"player_choice":"Entered Light","damage_taken":15,"max_hp_gain":0,"max_hp_loss":0,"event_name":"Shining Light","floor":4,"gold_loss":0,"cards_upgraded":["Hologram","Defend_B"]},{"cards_removed":["Strike_B"],"damage_healed":0,"gold_gain":0,"player_choice":"Offered Basic","damage_taken":0,"max_hp_gain":0,"max_hp_loss":0,"event_name":"Bonfire Elementals","floor":5,"gold_loss":0},{"damage_healed":0,"gold_gain":275,"player_choice":"Desecrate","damage_taken":0,"max_hp_gain":0,"max_hp_loss":0,"event_name":"Golden Shrine","floor":8,"gold_loss":0,"cards_obtained":["Regret"]},{"damage_healed":0,"gold_gain":0,"player_choice":"Take Damage","damage_taken":18,"relics_obtained":["Golden Idol"],"max_hp_gain":0,"max_hp_loss":0,"event_name":"Golden Idol","floor":10,"gold_loss":0},{"cards_removed":["Regret"],"damage_healed":0,"gold_gain":0,"player_choice":"Removed Curses","damage_taken":0,"max_hp_gain":0,"max_hp_loss":0,"event_name":"Fountain of Cleansing","floor":19,"gold_loss":0},{"damage_healed":0,"gold_gain":0,"player_choice":"Ignored","damage_taken":0,"max_hp_gain":0,"max_hp_loss":0,"event_name":"Ghosts","floor":22,"gold_loss":0}],"is_beta":false,"boss_relics":[{"not_picked":["Eternal Feather","Orrery"],"picked":"Inserter"}],"items_purged_floors":[3,20],"is_endless":false,"potions_floor_spawned":[14],"killed_by":"Slavers","ascension_level":4}