{"gold_per_floor":[413,429,379,259,259,292,310,321,403,423,423,423,423,49,49,151,151,162,180,197,224,236],"floor_reached":22,"playtime":1812,"items_purged":["Defend_R","Defend_R"],"score":214,"play_id":"f5a55c4b-1606-4481-981a-dd11d7a22a40","local_time":"20181117143538","is_ascension_mode":true,"campfire_choices":[{"floor":12,"key":"REST"},{"data":"Perfected Strike","floor":15,"key":"SMITH"}],"neow_cost":"PERCENT_DAMAGE","seed_source_timestamp":11058438860414,"circlet_count":0,"master_deck":["Strike_R","Strike_R","Strike_R","Strike_R","Strike_R","Defend_R","Thunderclap","Armaments","Shrug It Off","Pommel Strike","Shrug It Off","Perfected Strike+1","Twin Strike","Panache","Finesse","Barricade","Flex+1","Feel No Pain","Metallicize+1"],"relics":["Burning Blood","Old Coin","Dodecahedron","Tiny Chest","Mummified Hand","Runic Pyramid","MawBank"],"potions_floor_usage":[6,8,8,20,22],"damage_taken":[{"damage":5,"enemies":"2 Louse","floor":1,"turns":3},{"damage":9,"enemies":"Jaw Worm","floor":2,"turns":3},{"damage":29,"enemies":"3 Sentries","floor":6,"turns":7},{"damage":0,"enemies":"Cultist","floor":7,"turns":3},{"damage":28,"enemies":"Exordium Thugs","floor":8,"turns":8},{"damage":4,"enemies":"2 Fungi Beasts","floor":10,"turns":3},{"damage":20,"enemies":"Slime Boss","floor":16,"turns":9},{"damage":0,"enemies":"Spheric Guardian","floor":18,"turns":3},{"damage":18,"enemies":"3 Byrds","floor":19,"turns":4},{"damage":36,"enemies":"3 Cultists","floor":20,"turns":7},{"damage":17,"enemies":"Snecko","floor":22,"turns":4}],"seed_played":"3483136078120799888","potions_obtained":[{"floor":1,"key":"LiquidBronze"},{"floor":2,"key":"AttackPotion"},{"floor":7,"key":"Swift Potion"},{"floor":10,"key":"SpeedPotion"},{"floor":18,"key":"FearPotion"}],"is_trial":false,"path_per_floor":["M","M","?","$","?","E","M","M","T","M","T","R","?","$","R","B",null,"M","M","M","T","M"],"character_chosen":"IRONCLAD","items_purchased":["Shrug It Off","Panache","Finesse"],"campfire_rested":1,"item_purchase_floors":[4,14,14],"current_hp_per_floor":[57,54,54,54,46,23,29,7,7,9,9,33,33,33,33,19,80,80,68,38,38,21],"gold":236,"neow_bonus":"ONE_RARE_RELIC","is_prod":false,"is_daily":false,"chose_seed":false,"campfire_upgraded":1,"win_rate":0,"timestamp":1542461738,"path_taken":["M","M","?","$","?","E","?","M","T","M","?","R","?","$","R","BOSS","M","M","M","?","M"],"build_version":"2018-11-15","purchased_purges":2,"victory":false,"max_hp_per_floor":[80,80,80,80,80,80,80,80,80,80,80,80,80,80,80,80,80,80,80,80,80,80],"card_choices":[{"not_picked":["Ghostly Armor","Rupture"],"picked":"Thunderclap","floor":1},{"not_picked":["Sever Soul","Body Slam"],"picked":"Armaments","floor":2},{"not_picked":["Dark Embrace","Second Wind"],"picked":"Pommel Strike","floor":6},{"not_picked":["True Grit","Bloodletting"],"picked":"Shrug It Off","floor":7},{"not_picked":["Flex","Wild Strike"],"picked":"Perfected Strike","floor":8},{"not_picked":["Rupture","Reckless Charge"],"picked":"Twin Strike","floor":10},{"not_picked":["Exhume","Immolate"],"picked":"Barricade","floor":16},{"not_picked":["Burning Pact","Clash"],"picked":"Flex+1","floor":18},{"not_picked":["Warcry","Clash"],"picked":"Feel No Pain","floor":19},{"not_picked":["Warcry","Barricade"],"picked":"Metallicize+1","floor":20}],"player_experience":391314,"relics_obtained":[{"floor":6,"key":"Dodecahedron"},{"floor":9,"key":"Tiny Chest"},{"floor":11,"key":"Mummified Hand"},{"floor":21,"key":"MawBank"}],"event_choices":[{"cards_removed":["Defend_R"],"damage_healed":0,"gold_gain":0,"player_choice":"Card Removal","damage_taken":0,"max_hp_gain":0,"max_hp_loss":0,"event_name":"The Cleric","floor":3,"gold_loss":50},{"damage_healed":0,"gold_gain":0,"player_choice":"Damaged","damage_taken":8,"max_hp_gain":0,"max_hp_loss":0,"event_name":"Wheel of Change","floor":5,"gold_loss":0},{"cards_removed":["Bash"],"damage_healed":0,"gold_gain":0,"player_choice":"Offered Basic","damage_taken":0,"max_hp_gain":0,"max_hp_loss":0,"event_name":"Bonfire Elementals","floor":13,"gold_loss":0}],"is_beta":false,"boss_relics":[{"not_picked":["White Beast Statue","Runic Dome"],"picked":"Runic Pyramid"}],"items_purged_floors":[4,14],"is_endless":false,"potions_floor_spawned":[1,2,7,10,18],"killed_by":"Snecko","ascension_level":3}