{"gold_per_floor":[114,134,134,84,84,84,84,84,129,148,148,166,199,199,199,323,323,342,358,382,382,107,107,126,126],"floor_reached":25,"playtime":1460,"items_purged":[],"score":251,"play_id":"88bedbca-f75a-48b6-bbf9-285248bf6317","local_time":"20190520233525","is_ascension_mode":true,"campfire_choices":[{"data":"Cleave","floor":6,"key":"SMITH"},{"data":"Dark Embrace","floor":8,"key":"SMITH"},{"data":"Perfected Strike","floor":11,"key":"SMITH"},{"floor":15,"key":"REST"},{"floor":23,"key":"REST"}],"neow_cost":"NONE","seed_source_timestamp":7724200059900,"circlet_count":0,"master_deck":["Strike_R+1","Strike_R","Strike_R","Strike_R+1","Bash+1","Dark Embrace+1","Cleave+1","Sentinel","Perfected Strike+1","Burning Pact","Seeing Red","Fiend Fire","Disarm+1","Corruption+1","Reckless Charge+1","Wild Strike+1","Clash","Bandage Up","Feel No Pain","Shrug It Off"],"relics":["Burning Blood","Strawberry","Shuriken","Golden Idol","Astrolabe","Whetstone"],"potions_floor_usage":[16,20,25],"damage_taken":[{"damage":7,"enemies":"2 Louse","floor":1,"turns":5},{"damage":0,"enemies":"Small Slimes","floor":2,"turns":3},{"damage":1,"enemies":"Cultist","floor":10,"turns":4},{"damage":11,"enemies":"Looter","floor":12,"turns":2},{"damage":41,"enemies":"Lagavulin","floor":13,"turns":6},{"damage":24,"enemies":"Slime Boss","floor":16,"turns":7},{"damage":6,"enemies":"Chosen","floor":18,"turns":3},{"damage":33,"enemies":"Spheric Guardian","floor":19,"turns":4},{"damage":23,"enemies":"Snecko","floor":20,"turns":5},{"damage":25,"enemies":"Cultist and Chosen","floor":24,"turns":6},{"damage":30,"enemies":"Book of Stabbing","floor":25,"turns":3}],"seed_played":"5226952036911259136","potions_obtained":[{"floor":1,"key":"FearPotion"},{"floor":2,"key":"Dexterity Potion"},{"floor":13,"key":"FearPotion"},{"floor":19,"key":"EssenceOfSteel"}],"is_trial":false,"path_per_floor":["M","M","?","?","?","R","?","R","T","M","R","M","E","?","R","B",null,"M","M","M","?","$","R","M","E"],"character_chosen":"IRONCLAD","items_purchased":["Bandage Up","Feel No Pain","Whetstone"],"campfire_rested":2,"item_purchase_floors":[22,22,22],"current_hp_per_floor":[79,80,73,73,73,73,73,73,80,85,85,80,45,24,50,32,73,73,46,29,29,29,55,40,10],"gold":126,"neow_bonus":"ONE_RANDOM_RARE_CARD","is_prod":false,"is_daily":false,"chose_seed":false,"campfire_upgraded":3,"win_rate":0,"timestamp":1558388125,"path_taken":["M","M","?","?","?","R","?","R","T","M","R","?","E","?","R","BOSS","M","M","M","?","$","R","M","E"],"build_version":"2019-01-23","purchased_purges":0,"victory":false,"max_hp_per_floor":[80,80,80,80,80,80,80,80,87,87,87,87,87,87,87,87,87,87,87,87,87,87,87,87,87],"card_choices":[{"not_picked":["Battle Trance","Anger"],"picked":"Cleave","floor":1},{"not_picked":["Twin Strike","Disarm"],"picked":"Sentinel","floor":2},{"not_picked":["Pommel Strike","Havoc"],"picked":"Perfected Strike","floor":10},{"not_picked":["Cleave","True Grit"],"picked":"Burning Pact","floor":12},{"not_picked":["Body Slam","Headbutt"],"picked":"Seeing Red","floor":13},{"not_picked":["Brutality","Bludgeon"],"picked":"Fiend Fire","floor":16},{"not_picked":["Armaments","Battle Trance+1"],"picked":"Wild Strike+1","floor":18},{"not_picked":["Flex","Armaments"],"picked":"Clash","floor":19},{"not_picked":["Wild Strike","Sword Boomerang","Searing Blow"],"picked":"SKIP","floor":20},{"not_picked":["Iron Wave","Uppercut+1"],"picked":"Shrug It Off","floor":24}],"player_experience":552154,"relics_obtained":[{"floor":9,"key":"Strawberry"},{"floor":13,"key":"Shuriken"}],"event_choices":[{"cards_removed":["Defend_R"],"damage_healed":0,"gold_gain":0,"player_choice":"Card Removal","damage_taken":7,"max_hp_gain":0,"max_hp_loss":0,"event_name":"Golden Wing","floor":3,"gold_loss":0},{"cards_removed":["Defend_R"],"damage_healed":0,"gold_gain":0,"player_choice":"Card Removal","damage_taken":0,"max_hp_gain":0,"max_hp_loss":0,"event_name":"The Cleric","floor":4,"gold_loss":50},{"damage_healed":0,"gold_gain":0,"player_choice":"Ignored","damage_taken":0,"max_hp_gain":0,"max_hp_loss":0,"event_name":"Liars Game","floor":5,"gold_loss":0},{"damage_healed":0,"gold_gain":0,"player_choice":"Upgraded","damage_taken":0,"max_hp_gain":0,"max_hp_loss":0,"event_name":"Upgrade Shrine","floor":7,"gold_loss":0,"cards_upgraded":["Bash"]},{"damage_healed":0,"gold_gain":0,"player_choice":"Take Damage","damage_taken":21,"relics_obtained":["Golden Idol"],"max_hp_gain":0,"max_hp_loss":0,"event_name":"Golden Idol","floor":14,"gold_loss":0},{"damage_healed":0,"gold_gain":0,"player_choice":"Ignored","damage_taken":0,"max_hp_gain":0,"max_hp_loss":0,"event_name":"Vampires","floor":21,"gold_loss":0}],"is_beta":false,"boss_relics":[{"not_picked":["Busted Crown","Cursed Key"],"picked":"Astrolabe"}],"items_purged_floors":[],"is_endless":false,"potions_floor_spawned":[1,2,13,19],"killed_by":"Book of Stabbing","ascension_level":5}