{"gold_per_floor":[111,111,111,9,33,33,33,33,33,67,67,106,130,154,154,278,278,292,14,33,33,33,33,33],"floor_reached":24,"playtime":1347,"items_purged":[],"score":222,"play_id":"82bf4a1c-6c52-44f3-ad24-4bd707037005","local_time":"20180827011219","is_ascension_mode":true,"campfire_choices":[{"data":"Zap","floor":6,"key":"SMITH"},{"data":"Streamline","floor":8,"key":"SMITH"},{"floor":11,"key":"REST"},{"floor":15,"key":"REST"},{"data":"Creative AI","floor":23,"key":"SMITH"}],"neow_cost":"NONE","seed_source_timestamp":46451090587422,"circlet_count":0,"master_deck":["Strike_B","Defend_B","Defend_B","Defend_B","Zap+1","Dualcast+1","Streamline+1","Flash of Steel","Loop","Redo+1","FTL+1","Cold Snap+1","Sweeping Beam+1","Creative AI+1","Buffer+1","Melter+1","Echo Form+1","Undo+1","Enlightenment","Thunder Strike+1","Static Discharge","FTL+1"],"relics":["Cracked Core","GremlinMask","Golden Idol","Molten Egg 2","Oddly Smooth Stone","War Paint","Astrolabe","MutagenicStrength"],"potions_floor_usage":[12,14,16,24,24],"damage_taken":[{"damage":12,"enemies":"Jaw Worm","floor":1,"turns":3},{"damage":1,"enemies":"Cultist","floor":5,"turns":3},{"damage":26,"enemies":"Lagavulin","floor":10,"turns":6},{"damage":30,"enemies":"3 Sentries","floor":12,"turns":6},{"damage":2,"enemies":"Small Slimes","floor":13,"turns":2},{"damage":7,"enemies":"Blue Slaver","floor":14,"turns":2},{"damage":12,"enemies":"Hexaghost","floor":16,"turns":9},{"damage":6,"enemies":"Shell Parasite","floor":18,"turns":6},{"damage":31,"enemies":"3 Byrds","floor":20,"turns":3},{"damage":43,"enemies":"Slavers","floor":24,"turns":2}],"seed_played":"2885847210959625178","potions_obtained":[{"floor":1,"key":"Dexterity Potion"},{"floor":12,"key":"PowerPotion"},{"floor":14,"key":"Strength Potion"},{"floor":16,"key":"Ancient Potion"},{"floor":18,"key":"GamblersBrew"}],"is_trial":false,"path_per_floor":["M","?","?","$","M","R","$","R","T","E","R","E","M","M","R","B",null,"M","$","M","$","?","R"],"character_chosen":"DEFECT","items_purchased":["Flash of Steel","Enlightenment","Thunder Strike+1","Static Discharge"],"campfire_rested":2,"item_purchase_floors":[4,19,19,19],"current_hp_per_floor":[63,63,45,45,44,44,44,44,44,18,40,10,8,1,23,11,75,69,69,38,38,38,38,0],"gold":33,"neow_bonus":"REMOVE_CARD","is_prod":false,"is_daily":false,"chose_seed":false,"campfire_upgraded":3,"win_rate":0,"timestamp":1535325139,"path_taken":["M","?","?","$","?","R","?","R","T","E","R","E","M","?","R","BOSS","M","$","M","$","?","R","E"],"build_version":"2018-08-23v2","purchased_purges":0,"victory":false,"max_hp_per_floor":[75,75,75,75,75,75,75,75,75,75,75,75,75,75,75,75,75,75,75,75,75,75,75,75],"card_choices":[{"not_picked":["Aggregate","Barrage"],"picked":"Streamline","floor":1},{"not_picked":["Rebound","Chill"],"picked":"Loop","floor":5},{"not_picked":["Sweeping Beam+1","Hello World"],"picked":"Redo","floor":10},{"not_picked":["BootSequence","Hologram"],"picked":"FTL+1","floor":12},{"not_picked":["Recycle","Reprogram"],"picked":"Cold Snap+1","floor":13},{"not_picked":["Barrage+1","Defragment"],"picked":"Sweeping Beam+1","floor":14},{"not_picked":["Reboot","Hyperbeam+1"],"picked":"Creative AI","floor":16},{"not_picked":["Beam Cell+1","Chaos"],"picked":"Undo+1","floor":18},{"not_picked":["Barrage+1","Static Discharge"],"picked":"FTL+1","floor":20}],"player_experience":271713,"relics_obtained":[{"floor":9,"key":"Molten Egg 2"},{"floor":10,"key":"Oddly Smooth Stone"},{"floor":12,"key":"War Paint"}],"event_choices":[{"event_name":"FaceTrader","player_choice":"Trade","floor":2,"damage_taken":0},{"event_name":"Golden Idol","player_choice":"Take Damage","floor":3,"damage_taken":0},{"event_name":"Drug Dealer","player_choice":"Inject Mutagens","floor":22,"damage_taken":0}],"is_beta":false,"boss_relics":[{"not_picked":["Orrery","Pandora\u0027s Box"],"picked":"Astrolabe"}],"items_purged_floors":[],"is_endless":false,"potions_floor_spawned":[1,12,14,16,18],"killed_by":"Slavers","ascension_level":2}