{"gold_per_floor":[115,47,47,58,75,75,75,91,91,91,118,118,118,138,138,138],"floor_reached":16,"playtime":894,"items_purged":[],"score":115,"play_id":"a51a35ac-78aa-4560-a4bf-97f42f7048b6","local_time":"20181012210206","is_ascension_mode":true,"campfire_choices":[{"data":"Fusion","floor":6,"key":"SMITH"},{"data":"Self Repair","floor":12,"key":"SMITH"},{"floor":15,"key":"REST"}],"neow_cost":"","seed_source_timestamp":34705610703066,"circlet_count":0,"master_deck":["Strike_B","Strike_B","Strike_B","Defend_B","Defend_B","Defend_B+1","Defend_B","Zap+1","Dualcast+1","Self Repair+1","Capacitor","Fusion+1","Leap","Skim","Stack","Machine Learning"],"relics":["Cracked Core","Calipers","Prayer Wheel"],"potions_floor_usage":[11,14],"damage_taken":[{"damage":10,"enemies":"Small Slimes","floor":1,"turns":3},{"damage":1,"enemies":"Cultist","floor":4,"turns":3},{"damage":9,"enemies":"Jaw Worm","floor":5,"turns":3},{"damage":8,"enemies":"Red Slaver","floor":8,"turns":3},{"damage":28,"enemies":"3 Sentries","floor":11,"turns":11},{"damage":14,"enemies":"Gremlin Gang","floor":14,"turns":5},{"damage":49,"enemies":"Hexaghost","floor":16,"turns":12}],"seed_played":"-3039626696908628741","potions_obtained":[{"floor":1,"key":"FairyPotion"},{"floor":4,"key":"PowerPotion"},{"floor":11,"key":"Block Potion"}],"is_trial":false,"path_per_floor":["M","$","?","M","M","R","?","M","T","?","E","R","?","M","R"],"character_chosen":"DEFECT","items_purchased":["Self Repair"],"campfire_rested":1,"item_purchase_floors":[2],"current_hp_per_floor":[65,65,75,75,73,73,58,57,57,57,36,36,36,32,54,5],"gold":138,"neow_bonus":"","is_prod":false,"is_daily":false,"chose_seed":false,"campfire_upgraded":2,"win_rate":0,"timestamp":1539370926,"path_taken":["M","$","?","?","?","R","?","M","T","?","E","R","?","M","R","BOSS"],"build_version":"2018-10-11","purchased_purges":0,"victory":false,"max_hp_per_floor":[75,75,75,75,75,75,75,75,75,75,75,75,75,75,75,75],"card_choices":[{"not_picked":["Streamline","Sweeping Beam"],"picked":"Reinforced Body","floor":1},{"not_picked":["Sweeping Beam","Ball Lightning"],"picked":"Capacitor","floor":4},{"not_picked":["Go for the Eyes","Cold Snap"],"picked":"Fusion","floor":5},{"not_picked":["Cold Snap","Steam"],"picked":"Leap","floor":8},{"not_picked":["Stack","Ball Lightning"],"picked":"Skim","floor":11},{"not_picked":["Beam Cell","Consume"],"picked":"Machine Learning","floor":14},{"not_picked":["Recycle","Streamline","Cold Snap"],"picked":"SKIP","floor":14}],"player_experience":336055,"relics_obtained":[{"floor":9,"key":"Calipers"},{"floor":11,"key":"Prayer Wheel"}],"event_choices":[{"event_name":"Bonfire Elementals","player_choice":"UNCOMMON","floor":3,"damage_taken":0},{"event_name":"Shining Light","player_choice":"Entered Light","floor":7,"damage_taken":0},{"event_name":"Accursed Blacksmith","player_choice":"Forge","floor":10,"damage_taken":0},{"event_name":"Living Wall","player_choice":"Change","floor":13,"damage_taken":0}],"is_beta":false,"boss_relics":[],"items_purged_floors":[],"is_endless":false,"potions_floor_spawned":[1,4,11],"killed_by":"Hexaghost","ascension_level":3}