{"gold_per_floor":[119,135,85,85,96,96,109,109,109,60,60,78,96,111,111,210,210,225,225,252,177,192,225,225,72,72,89,102,102,122,147,147,247,277,293,293,339,21,21,21,54,54,54,65,65,82,82,109,109,109],"floor_reached":51,"playtime":4538,"items_purged":["Defend_B","Defend_B","Leap"],"score":769,"play_id":"932e1b1f-5dae-41f6-910a-3cceed8ad48c","local_time":"20180715154335","is_ascension_mode":true,"campfire_choices":[{"data":"Gash","floor":6.0,"key":"SMITH"},{"data":"Zap","floor":8.0,"key":"SMITH"},{"data":"Gash","floor":11.0,"key":"SMITH"},{"data":"Skim","floor":15.0,"key":"SMITH"},{"data":"Gash","floor":29,"key":"SMITH"},{"data":"Reinforced Body","floor":32,"key":"SMITH"},{"data":"Rainbow","floor":40,"key":"SMITH"},{"data":"Tempest","floor":42,"key":"SMITH"},{"data":"Buffer","floor":45,"key":"SMITH"},{"data":"Madness","floor":47,"key":"SMITH"},{"floor":49,"key":"REST"}],"neow_cost":"TEN_PERCENT_HP_LOSS","seed_source_timestamp":0,"circlet_count":0,"master_deck":["Zap+1","Dualcast+1","Gash+1","Conserve Battery","Gash+1","Skim+1","Rainbow+1","Tempest+1","Conserve Battery","Reinforced Body+1","Gash+1","All For One","Beam Cell+1","Hologram","Conserve Battery","Buffer+1","Chaos+1","Gash+1","Madness","Madness+1","Defragment+1","Conserve Battery+1","Tempest+1"],"special_seed":0,"relics":["Cracked Core","Meat on the Bone","Empty Cage","Bottled Lightning","Red Mask","Pear","Unceasing Top","Happy Flower","Tiny House","Incense Burner","DollysMirror","Oddly Smooth Stone","Bottled Tornado","Potion Belt"],"potions_floor_usage":[20,31,31,31,41,50],"damage_taken":[{"damage":11.0,"enemies":"Jaw Worm","floor":1.0,"turns":3.0},{"damage":4.0,"enemies":"Small Slimes","floor":2.0,"turns":3.0},{"damage":0.0,"enemies":"2 Louse","floor":5.0,"turns":2.0},{"damage":21.0,"enemies":"Lots of Slimes","floor":7.0,"turns":3.0},{"damage":0.0,"enemies":"3 Louse","floor":12.0,"turns":2.0},{"damage":8.0,"enemies":"Red Slaver","floor":13.0,"turns":2.0},{"damage":13.0,"enemies":"Exordium Wildlife","floor":14.0,"turns":3.0},{"damage":11.0,"enemies":"Hexaghost","floor":16.0,"turns":6.0},{"damage":5,"enemies":"Chosen","floor":18,"turns":3},{"damage":0,"floor":20,"turns":3},{"damage":6,"enemies":"2 Thieves","floor":22,"turns":3},{"damage":23,"enemies":"Gremlin Leader","floor":23,"turns":6},{"damage":24,"enemies":"Slaver and Parasite","floor":27,"turns":5},{"damage":0,"enemies":"3 Cultists","floor":28,"turns":4},{"damage":0,"enemies":"Cultist and Chosen","floor":30,"turns":4},{"damage":28,"enemies":"Slavers","floor":31,"turns":5},{"damage":12,"enemies":"Automaton","floor":33,"turns":6},{"damage":10,"enemies":"3 Shapes","floor":35,"turns":3},{"damage":33,"floor":37,"turns":4},{"damage":10,"enemies":"Nemesis","floor":41,"turns":5},{"damage":4,"enemies":"3 Darklings","floor":44,"turns":3},{"damage":2,"enemies":"Flame Bruiser 2 Orb","floor":46,"turns":5},{"damage":3,"enemies":"2 Orb Walkers","floor":48,"turns":4},{"damage":10,"enemies":"Time Eater","floor":50,"turns":7}],"seed_played":"-8454794033203331803","potions_obtained":[{"floor":5.0,"key":"PowerPotion"},{"floor":13.0,"key":"Explosive Potion"},{"floor":16.0,"key":"GamblersBrew"},{"floor":23,"key":"SkillPotion"},{"floor":34,"key":"Regen Potion"},{"floor":35,"key":"Regen Potion"},{"floor":37,"key":"Fire Potion"},{"floor":44,"key":"Strength Potion"}],"is_trial":false,"path_per_floor":["M","M","?","?","M","R","M","R","T","$","R","M","M","M","R","B",null,"M","T","?","$","M","E","?","$","T","M","M","R","M","E","R","B",null,"M","?","?","$","?","R","E","R","T","M","R","M","R","E","R","B"],"character_chosen":"DEFECT","items_purchased":["Gash","Leap","DollysMirror"],"campfire_rested":1,"item_purchase_floors":[10,25,38],"current_hp_per_floor":[57,53,53,53,53,53,32,32,32,32,32,44,36,35,35,36,68,63,63,63,63,57,56,56,56,56,44,44,44,44,28,28,28,83,73,73,52,52,42,42,46,46,46,42,42,52,52,49,73,63],"gold":109,"neow_bonus":"REMOVE_TWO","is_prod":false,"is_daily":false,"chose_seed":false,"campfire_upgraded":10,"win_rate":0,"timestamp":1531662215,"path_taken":["M","M","?","?","M","R","M","R","T","$","R","M","M","M","R","BOSS","M","?","?","$","M","E","?","$","T","?","M","R","M","E","R","BOSS","M","?","?","$","?","R","E","R","T","M","R","?","R","E","R","BOSS"],"build_version":"2018-07-12","purchased_purges":3,"victory":true,"max_hp_per_floor":[68,68,68,68,68,68,68,68,68,68,68,68,68,68,68,68,68,68,68,68,68,68,78,78,78,78,78,78,78,78,78,78,78,83,83,83,83,83,83,83,83,83,83,83,83,83,83,83,83,83],"card_choices":[{"not_picked":["Glacier","Double Energy"],"picked":"Gash","floor":1.0},{"not_picked":["Streamline","Coolheaded","Leap"],"picked":"SKIP","floor":2.0},{"not_picked":["Undo","Stack","Turbo"],"picked":"SKIP","floor":5.0},{"not_picked":["Beam Cell","Rebound"],"picked":"Conserve Battery","floor":7.0},{"not_picked":["Barrage","Chill"],"picked":"Skim","floor":12.0},{"not_picked":["BootSequence","Reinforced Body"],"picked":"Rainbow","floor":13.0},{"not_picked":["Chill","Doom and Gloom"],"picked":"Tempest","floor":14.0},{"not_picked":["Turbo+1","Rebound","Lockon"],"picked":"SKIP","floor":18},{"not_picked":["Turbo+1","Beam Cell"],"picked":"Conserve Battery","floor":20},{"not_picked":["Coolheaded","Recycle"],"picked":"Reinforced Body","floor":22},{"not_picked":["Lockon","Heatsinks"],"picked":"Darkness","floor":23},{"not_picked":["Static Discharge+1","Coolheaded"],"picked":"All For One","floor":27},{"not_picked":["Cold Snap+1","Sweeping Beam"],"picked":"Beam Cell+1","floor":28},{"not_picked":["Stack+1","Streamline"],"picked":"Hologram","floor":30},{"not_picked":["Melter+1","Beam Cell+1"],"picked":"Conserve Battery","floor":31},{"not_picked":["Meteor Strike","Reboot"],"picked":"Buffer","floor":33},{"not_picked":["Leap","Barrage+1"],"picked":"Chaos+1","floor":35},{"not_picked":["Electrodynamics","Sweeping Beam+1"],"picked":"Defragment+1","floor":41},{"not_picked":["Beam Cell+1","Ball Lightning+1"],"picked":"Conserve Battery+1","floor":44},{"not_picked":["Reprogram","Streamline+1","Hologram"],"picked":"SKIP","floor":46},{"not_picked":["Echo Form","Melter"],"picked":"Tempest+1","floor":48}],"player_experience":182991,"relics_obtained":[{"floor":9.0,"key":"Meat on the Bone"},{"floor":19,"key":"Bottled Lightning"},{"floor":20,"key":"Red Mask"},{"floor":23,"key":"Pear"},{"floor":26,"key":"Unceasing Top"},{"floor":31,"key":"Happy Flower"},{"floor":37,"key":"Incense Burner"},{"floor":41,"key":"Oddly Smooth Stone"},{"floor":43,"key":"Bottled Tornado"},{"floor":48,"key":"Potion Belt"}],"event_choices":[{"event_name":"The Cleric","player_choice":"Card Removal","floor":3.0,"damage_taken":0.0},{"event_name":"Purifier","player_choice":"One Purge","floor":4.0,"damage_taken":0.0},{"event_name":"Masked Bandits","player_choice":"Fought over 225 gold","floor":20,"damage_taken":0},{"event_name":"The Library","player_choice":"Read","floor":24,"damage_taken":0},{"event_name":"Falling","player_choice":"Removed Skill","floor":36,"damage_taken":0},{"event_name":"Mysterious Sphere","player_choice":"Fight","floor":37,"damage_taken":0},{"event_name":"Winding Halls","player_choice":"Embrace Madness","floor":39,"damage_taken":0}],"boss_relics":[{"not_picked":["Velvet Choker","Philosopher\u0027s Stone"],"picked":"Empty Cage"},{"not_picked":["White Beast Statue","Calling Bell"],"picked":"Tiny House"}],"items_purged_floors":[21,25,38],"is_endless":false,"potions_floor_spawned":[5,13,16,23,27,28,30,35,37,44],"ascension_level":1}