{"path_per_floor":["M","?","M","$","M","R","M","R","T","?","R","M","$","M","R","B",null,"M","M","M","M","M","R","M","E","T","?","R","M","R","M","R"],"character_chosen":"THE_SILENT","items_purchased":["Noxious Fumes"],"gold_per_floor":[109,59,77,2,22,22,39,39,39,61,61,74,37,56,56,155,185,196,216,228,248,263,263,274,304,355,300,300,317,317,336,336],"floor_reached":33,"campfire_rested":0,"playtime":2915,"current_hp_per_floor":[70,70,70,70,70,70,69,69,69,69,69,69,69,69,69,57,75,70,70,61,63,63,63,63,57,57,57,57,55,55,65,65],"items_purged":["Defend_G"],"gold":336,"score":263,"play_id":"a64b47b4-0e35-4045-8474-2779c55888a2","is_prod":false,"is_daily":false,"is_ascension_mode":false,"campfire_upgraded":8,"path_taken":["M","?","M","?","M","R","M","R","T","?","R","M","?","M","R","BOSS","M","M","M","M","M","R","M","E","T","?","R","?","R","M","R","BOSS"],"build_version":"2018-02-22-PROD2","purchased_purges":1,"victory":false,"master_deck":["Defend_G","Defend_G","Defend_G","Defend_G","Strike_G","Strike_G","Strike_G+1","Survivor","Neutralize","After Image+1","Cloak And Dagger+1","Endless Agony+1","Backflip","Backstab","Finisher+1","Backstab","Noxious Fumes+1","Adrenaline+1","Quick Slash","Dodge and Roll+1","Terror","Quick Slash+1","Cloak And Dagger+1","Deadly Poison+1","Backstab","All Out Attack+1","Heel Hook+1"],"max_hp_per_floor":[70,70,70,70,70,70,70,70,70,70,70,70,70,70,70,70,75,75,75,75,75,75,75,75,75,75,75,75,75,75,75,75],"relics":["Ring of the Snake","Bag of Preparation","Odd Mushroom","Tiny House","Orichalcum","Oddly Smooth Stone","Tiny Chest"],"card_choices":[{"not_picked":["Escape Plan","Dagger Throw"],"picked":"Cloak And Dagger"},{"not_picked":["Well Laid Plans","Eviscerate"],"picked":"Endless Agony"},{"not_picked":["Outmaneuver","Cloak And Dagger"],"picked":"Backflip"},{"not_picked":["Acrobatics","Dagger Throw"],"picked":"Backstab"},{"not_picked":["Prepared","Sucker Punch"],"picked":"Finisher"},{"not_picked":["Underhanded Strike","Backflip"],"picked":"Backstab"},{"not_picked":["Phantasmal Killer","Envenom"],"picked":"Adrenaline"},{"not_picked":["Sucker Punch","Acrobatics"],"picked":"Quick Slash"},{"not_picked":["Slice","Dagger Throw"],"picked":"Dodge and Roll"},{"not_picked":["Malaise","Masterful Stab"],"picked":"Terror"},{"not_picked":["Sucker Punch","Masterful Stab"],"picked":"Quick Slash"},{"not_picked":["PiercingWail","Flechettes"],"picked":"Cloak And Dagger"},{"not_picked":["Bane","Dash"],"picked":"Deadly Poison"},{"not_picked":["Deadly Poison","Bane"],"picked":"Backstab"},{"not_picked":["Escape Plan","Venomology"],"picked":"All Out Attack"},{"not_picked":["Sucker Punch","PiercingWail"],"picked":"Heel Hook"}],"player_experience":123250,"potions_floor_usage":[21,22,31,33,33],"damage_taken":[{"damage":0,"enemies":"Small Slimes","floor":1,"turns":5},{"damage":0,"enemies":"2 Louse","floor":3,"turns":2},{"damage":0,"enemies":"Jaw Worm","floor":5,"turns":5},{"damage":1,"enemies":"Exordium Thugs","floor":7,"turns":6},{"damage":0,"enemies":"The Mushroom Lair","floor":10,"turns":5},{"damage":0,"enemies":"Looter","floor":12,"turns":2},{"damage":0,"enemies":"Exordium Wildlife","floor":14,"turns":2},{"damage":12,"enemies":"The Guardian","floor":16,"turns":10},{"damage":5,"enemies":"3 Byrds","floor":18,"turns":5},{"damage":0,"enemies":"2 Thieves","floor":19,"turns":4},{"damage":9,"enemies":"3 Cultists","floor":20,"turns":6},{"damage":10,"enemies":"Centurion and Healer","floor":21,"turns":4},{"damage":0,"enemies":"Cultist and Chosen","floor":22,"turns":4},{"damage":0,"enemies":"Chosen and Byrds","floor":24,"turns":3},{"damage":6,"enemies":"Book of Stabbing","floor":25,"turns":3},{"damage":2,"enemies":"3 Cultists","floor":29,"turns":3},{"damage":2,"enemies":"Cultist and Chosen","floor":31,"turns":4},{"damage":65,"enemies":"Automaton","floor":33,"turns":8}],"event_choices":[{"event_name":"The Cleric","player_choice":"Card Removal","floor":2,"damage_taken":0},{"event_name":"Mushrooms","player_choice":"Fought Mushrooms","floor":10,"damage_taken":0},{"event_name":"Addict","player_choice":"Obtained Relic","floor":27,"damage_taken":0}],"boss_relics":[{"not_picked":["Eternal Feather","Calling Bell"],"picked":"Tiny House"}],"potions_floor_spawned":[1,12,14,16,19,20,21,31],"seed_played":"-1287707829144018634","killed_by":"Automaton","ascension_level":0,"is_trial":false}