{"path_per_floor":["M","?","$","?","?","R","E","M","T","$","R","M","R","?","R","B",null,"M","M","?","$","?","M","$","M","T","R","M","R","M","E","R","B",null,"M","?","M","$","M","R","M","R","T","?","M","M","R","M","R"],"character_chosen":"THE_SILENT","items_purchased":["Backflip","Finesse","Backflip","Quick Slash","Blur","Blood Vial","Blind"],"gold_per_floor":[116,116,41,116,116,116,152,171,223,75,75,96,96,196,196,326,326,340,363,288,112,112,132,7,31,54,54,74,74,92,156,156,280,280,303,303,321,0,23,23,36,36,60,60,74,88,88,104,104],"floor_reached":50,"campfire_rested":5,"playtime":8469,"current_hp_per_floor":[69,55,55,44,27,48,33,33,33,33,54,50,50,50,50,16,70,70,58,58,58,58,44,44,44,44,70,70,70,70,38,70,21,70,50,50,50,50,26,62,64,64,64,55,57,44,44,46,46],"items_purged":["Strike_G","Strike_G","Defend_G"],"gold":104,"score":464,"play_id":"fcb19701-55b1-4aab-b0ec-2c95a97eda12","is_prod":false,"is_daily":false,"is_ascension_mode":false,"campfire_upgraded":6,"path_taken":["M","?","$","?","?","R","E","M","T","?","R","?","R","?","R","BOSS","M","?","?","$","?","M","$","?","T","R","M","R","M","E","R","BOSS","M","?","M","$","M","R","M","R","T","?","M","M","R","M","R","BOSS"],"build_version":"2018-02-08-PROD1","purchased_purges":4,"victory":false,"master_deck":["Defend_G","Strike_G","Strike_G+1","Survivor","Neutralize","Deflect","Quick Slash+1","Endless Agony+1","Dagger Throw","Backflip+1","Finesse","Predator","Die Die Die","After Image+1","Calculated Gamble+1","Blur+1","Footwork","Outmaneuver+1","Backflip","Quick Slash","Expertise","PiercingWail","PiercingWail+1","Deflect+1","All Out Attack+1","Quick Slash+1","Envenom","Dodge and Roll","Noxious Fumes+1","Blur+1","Blind","Backflip+1","Deflect+1","Injury","Madness","Madness","Quick Slash+1","Slice+1","Backflip+1"],"max_hp_per_floor":[70,70,70,70,70,70,70,70,70,70,70,70,70,70,70,70,70,70,70,70,70,70,70,70,70,70,70,70,70,70,70,70,70,70,70,70,70,70,70,70,70,70,70,70,70,70,70,70,70],"relics":["Ring of the Snake","Golden Idol","Bag of Marbles","Pen Nib","Astrolabe","Regal Pillow","Tiny Chest","Cursed Key","Blood Vial","Anchor"],"card_choices":[{"not_picked":["Infinite Blades","Acrobatics"],"picked":"Deflect"},{"not_picked":["Prepared","Footwork"],"picked":"Quick Slash"},{"not_picked":["Quick Slash","Masterful Stab"],"picked":"Endless Agony"},{"not_picked":["Bouncing Flask","Predator"],"picked":"Dagger Throw"},{"not_picked":["Catalyst","Deadly Poison"],"picked":"Predator"},{"not_picked":["Unload","Tools of the Trade"],"picked":"Die Die Die"},{"not_picked":["Flechettes","Sucker Punch"],"picked":"Footwork"},{"not_picked":["Crippling Poison","Skewer"],"picked":"Outmaneuver"},{"not_picked":["Dagger Spray","Terror"],"picked":"PiercingWail"},{"not_picked":["Riddle With Holes","Dagger Throw"],"picked":"PiercingWail"},{"not_picked":["PiercingWail","Acrobatics"],"picked":"Deflect"},{"not_picked":["Slice","Outmaneuver"],"picked":"All Out Attack"},{"not_picked":["Infinite Blades","Bullet Time"],"picked":"Quick Slash"},{"not_picked":["Wraith Form","Corpse Explosion"],"picked":"Envenom"},{"not_picked":["Riddle With Holes","Acrobatics"],"picked":"Dodge and Roll"},{"not_picked":["Acrobatics","Flying Knee"],"picked":"Noxious Fumes"},{"not_picked":["Prepared","Blade Dance"],"picked":"Backflip"},{"not_picked":["Flechettes","Dagger Throw"],"picked":"Deflect"},{"not_picked":["Acrobatics","Flying Knee"],"picked":"Quick Slash"},{"not_picked":["Night Terror","Prepared"],"picked":"Slice"},{"not_picked":["Eviscerate","Infinite Blades"],"picked":"Backflip"}],"player_experience":68529,"potions_floor_usage":[16,16,16,23,23,25,28,31,39,45,50,50],"damage_taken":[{"damage":1,"enemies":"Small Slimes","floor":1,"turns":4},{"damage":15,"enemies":"3 Sentries","floor":7,"turns":11},{"damage":0,"enemies":"Jaw Worm","floor":8,"turns":2},{"damage":4,"enemies":"Blue Slaver","floor":12,"turns":2},{"damage":34,"enemies":"Slime Boss","floor":16,"turns":12},{"damage":0,"enemies":"3 Byrds","floor":18,"turns":5},{"damage":12,"enemies":"Spheric Guardian","floor":19,"turns":6},{"damage":14,"enemies":"Cultist and Chosen","floor":23,"turns":9},{"damage":0,"enemies":"Snecko","floor":25,"turns":5},{"damage":0,"enemies":"Slaver and Parasite","floor":28,"turns":9},{"damage":0,"enemies":"Snake Plant","floor":30,"turns":8},{"damage":32,"enemies":"Gremlin Leader","floor":31,"turns":10},{"damage":49,"enemies":"Champ","floor":33,"turns":17},{"damage":20,"enemies":"Orb Walker","floor":35,"turns":4},{"damage":0,"enemies":"3 Darklings","floor":37,"turns":3},{"damage":26,"enemies":"Sphere and 2 Shapes","floor":39,"turns":5},{"damage":0,"enemies":"Maw","floor":41,"turns":10},{"damage":0,"enemies":"4 Shapes","floor":45,"turns":5},{"damage":15,"enemies":"Sphere and 2 Shapes","floor":46,"turns":5},{"damage":0,"enemies":"Maw","floor":48,"turns":9},{"damage":57,"enemies":"Time Eater","floor":50,"turns":11}],"event_choices":[{"event_name":"Shining Light","player_choice":"Entered Light","floor":2,"damage_taken":0},{"event_name":"World of Goop","player_choice":"Gather Gold","floor":4,"damage_taken":0},{"event_name":"Golden Idol","player_choice":"Take Damage","floor":5,"damage_taken":0},{"event_name":"Golden Shrine","player_choice":"Pray","floor":14,"damage_taken":0},{"event_name":"Beggar","player_choice":"Gave Gold","floor":20,"damage_taken":0},{"event_name":"The Library","player_choice":"Read","floor":22,"damage_taken":0},{"event_name":"Mysterious Sphere","player_choice":"Ignore","floor":36,"damage_taken":0},{"event_name":"Winding Halls","player_choice":"Embrace Madness","floor":44,"damage_taken":0}],"boss_relics":[{"not_picked":["Question Card","Runic Dome"],"picked":"Astrolabe"},{"not_picked":["Runic Pyramid","White Beast Statue"],"picked":"Cursed Key"}],"potions_floor_spawned":[7,8,12,16,18,19,23,25,33,35,37,45],"seed_played":"-3093138862015367876","killed_by":"Time Eater","ascension_level":0,"is_trial":false}