{"gold_per_floor":[118,118,138,152,166,166,166,166,193,193,193,208,220,0,0,105,105,118,136,136,136,150,150,175,175,199,231,231,231,251,268,268,367,367,379,379,29,40,51,80,80,80,80,80,90,165,181,103,103,103],"floor_reached":51,"playtime":4323,"items_purged":["Strike_G"],"score":884,"play_id":"9c161ea7-d9b2-43e8-90d3-ba81e0792caa","local_time":"20190429023808","is_ascension_mode":true,"campfire_choices":[{"data":"Noxious Fumes","floor":6,"key":"SMITH"},{"data":"Bullet Time","floor":8,"key":"SMITH"},{"data":"PiercingWail","floor":11,"key":"SMITH"},{"data":"Neutralize","floor":15,"key":"SMITH"},{"data":"Adrenaline","floor":23,"key":"SMITH"},{"data":"Crippling Poison","floor":25,"key":"SMITH"},{"data":"Acrobatics","floor":28,"key":"SMITH"},{"data":"RitualDagger","floor":32,"key":"SMITH"},{"floor":41,"key":"REST"},{"data":"Noxious Fumes","floor":44,"key":"SMITH"},{"floor":49,"key":"REST"}],"neow_cost":"NONE","seed_source_timestamp":49686557436200,"circlet_count":0,"master_deck":["Survivor","Neutralize+1","Riddle With Holes+1","PiercingWail+1","Bullet Time+1","Noxious Fumes+1","Poisoned Stab","Cloak And Dagger","Adrenaline+1","Crippling Poison+1","PiercingWail","Backflip","Poisoned Stab","Glass Knife","Backflip","Blur","Terror","Acrobatics+1","Noxious Fumes+1","RitualDagger+1","Acrobatics","Envenom","Dodge and Roll+1","Secret Technique","Noxious Fumes+1","Bouncing Flask","Bane+1","Bane+1","Bouncing Flask+1","Doubt","Adrenaline","Caltrops+1","Calculated Gamble"],"relics":["Ring of the Snake","Anchor","Ancient Tea Set","War Paint","Pandora\u0027s Box","Darkstone Periapt","Oddly Smooth Stone","Bronze Scales","Lizard Tail","Lee\u0027s Waffle","Centennial Puzzle","Ornamental Fan"],"potions_floor_usage":[12,31,33,33,40,50,50,50],"damage_taken":[{"damage":0,"enemies":"2 Louse","floor":1,"turns":4},{"damage":1,"enemies":"Cultist","floor":3,"turns":4},{"damage":0,"enemies":"Small Slimes","floor":4,"turns":4},{"damage":0,"enemies":"2 Fungi Beasts","floor":5,"turns":4},{"damage":4,"enemies":"Exordium Thugs","floor":12,"turns":5},{"damage":8,"enemies":"Lots of Slimes","floor":13,"turns":4},{"damage":16,"enemies":"Hexaghost","floor":16,"turns":10},{"damage":0,"enemies":"Shell Parasite","floor":18,"turns":5},{"damage":0,"enemies":"2 Thieves","floor":19,"turns":2},{"damage":4,"enemies":"Shelled Parasite and Fungi","floor":22,"turns":4},{"damage":0,"enemies":"Slavers","floor":24,"turns":5},{"damage":0,"enemies":"Gremlin Leader","floor":27,"turns":5},{"damage":0,"enemies":"Centurion and Healer","floor":30,"turns":3},{"damage":0,"enemies":"Snecko","floor":31,"turns":3},{"damage":21,"enemies":"Automaton","floor":33,"turns":8},{"damage":14,"enemies":"3 Shapes","floor":35,"turns":4},{"damage":6,"enemies":"3 Darklings","floor":38,"turns":5},{"damage":16,"enemies":"Maw","floor":39,"turns":5},{"damage":43,"enemies":"Nemesis","floor":40,"turns":7},{"damage":15,"enemies":"Jaw Worm Horde","floor":45,"turns":4},{"damage":22,"enemies":"3 Darklings","floor":47,"turns":4},{"damage":48,"enemies":"Donu and Deca","floor":50,"turns":7}],"seed_played":"7663452099935731485","potions_obtained":[{"floor":1,"key":"SteroidPotion"},{"floor":4,"key":"Poison Potion"},{"floor":13,"key":"Dexterity Potion"},{"floor":18,"key":"Ancient Potion"},{"floor":31,"key":"SkillPotion"},{"floor":33,"key":"SpeedPotion"},{"floor":38,"key":"FearPotion"},{"floor":39,"key":"Strength Potion"},{"floor":47,"key":"Swift Potion"}],"is_trial":false,"path_per_floor":["M","?","M","M","M","R","T","R","T","?","R","M","M","$","R","B",null,"M","M","$","?","M","R","E","R","T","E","R","?","M","M","R","B",null,"M","?","$","M","M","E","R","?","T","R","M","?","M","$","R","B",null],"character_chosen":"THE_SILENT","items_purchased":["War Paint","Noxious Fumes","Bouncing Flask","Lee\u0027s Waffle","Calculated Gamble"],"campfire_rested":2,"item_purchase_floors":[14,37,37,37,48],"current_hp_per_floor":[70,70,69,69,69,69,69,69,69,69,69,65,57,57,57,41,63,63,63,63,63,59,59,59,59,59,59,59,53,53,53,53,32,61,47,47,77,71,55,12,35,83,83,83,68,60,38,38,62,14],"gold":103,"neow_bonus":"REMOVE_CARD","is_prod":false,"is_daily":false,"chose_seed":false,"campfire_upgraded":9,"win_rate":0,"timestamp":1556498288,"path_taken":["M","?","M","?","M","R","?","R","T","?","R","M","M","$","R","BOSS","M","M","$","?","M","R","E","R","T","E","R","?","M","M","R","BOSS","M","?","$","M","M","E","R","?","T","R","M","?","?","$","R","BOSS"],"build_version":"2019-01-23","purchased_purges":1,"victory":true,"max_hp_per_floor":[70,70,70,70,70,70,70,70,70,70,70,70,70,70,70,70,70,70,70,70,70,70,70,70,70,70,70,70,70,70,70,70,70,70,70,70,77,77,77,77,77,83,83,83,83,83,83,83,83,83],"card_choices":[{"not_picked":["Well Laid Plans","Acrobatics"],"picked":"Riddle With Holes","floor":1},{"not_picked":["Bane","Slice"],"picked":"PiercingWail","floor":3},{"not_picked":["Riddle With Holes","Poisoned Stab"],"picked":"Bullet Time","floor":4},{"not_picked":["Cloak And Dagger","Acrobatics"],"picked":"Noxious Fumes","floor":5},{"not_picked":["Tactician","Bane"],"picked":"Poisoned Stab","floor":12},{"not_picked":["Leg Sweep","Dagger Throw"],"picked":"Cloak And Dagger","floor":13},{"not_picked":["Die Die Die","After Image"],"picked":"Adrenaline","floor":16},{"not_picked":["Heel Hook","Backflip"],"picked":"Terror","floor":18},{"not_picked":["Endless Agony+1","Accuracy"],"picked":"Caltrops+1","floor":19},{"not_picked":["PiercingWail","Well Laid Plans"],"picked":"Acrobatics","floor":22},{"not_picked":["Distraction","Accuracy"],"picked":"Noxious Fumes+1","floor":24},{"not_picked":["Slice","Deflect","Night Terror"],"picked":"SKIP","floor":27},{"not_picked":["Acrobatics","Masterful Stab","Blade Dance"],"picked":"SKIP","floor":30},{"not_picked":["Tactician+1","Poisoned Stab+1"],"picked":"Acrobatics","floor":31},{"not_picked":["After Image","Die Die Die"],"picked":"Envenom","floor":33},{"not_picked":["Escape Plan","Predator+1"],"picked":"Dodge and Roll+1","floor":35},{"not_picked":["Madness","Flash of Steel"],"picked":"Secret Technique","floor":36},{"not_picked":["Endless Agony+1","Dagger Throw+1"],"picked":"Bane+1","floor":38},{"not_picked":["Cloak And Dagger+1","Prepared"],"picked":"Bane+1","floor":39},{"not_picked":["Cloak And Dagger+1","Dodge and Roll"],"picked":"Bouncing Flask+1","floor":40},{"not_picked":["Sucker Punch","Deadly Poison"],"picked":"Adrenaline","floor":45},{"not_picked":["Eviscerate+1","Terror+1"],"picked":"Caltrops+1","floor":47}],"player_experience":511235,"relics_obtained":[{"floor":7,"key":"Anchor"},{"floor":9,"key":"Ancient Tea Set"},{"floor":24,"key":"Darkstone Periapt"},{"floor":26,"key":"Oddly Smooth Stone"},{"floor":27,"key":"Bronze Scales"},{"floor":40,"key":"Centennial Puzzle"},{"floor":43,"key":"Ornamental Fan"}],"event_choices":[{"damage_healed":0,"gold_gain":0,"player_choice":"Upgraded","damage_taken":0,"max_hp_gain":0,"max_hp_loss":0,"event_name":"Upgrade Shrine","floor":2,"gold_loss":0,"cards_upgraded":["Riddle With Holes"]},{"cards_removed":["Strike_G"],"damage_healed":0,"gold_gain":0,"player_choice":"Forget","damage_taken":0,"max_hp_gain":0,"max_hp_loss":0,"event_name":"Living Wall","floor":10,"gold_loss":0},{"cards_removed":["Caltrops"],"damage_healed":0,"gold_gain":0,"player_choice":"Elegance","damage_taken":0,"max_hp_gain":0,"max_hp_loss":0,"event_name":"Back to Basics","floor":21,"gold_loss":0},{"damage_healed":0,"gold_gain":0,"player_choice":"Joined the Cult","damage_taken":6,"max_hp_gain":0,"max_hp_loss":0,"event_name":"Nest","floor":29,"gold_loss":0,"cards_obtained":["RitualDagger"]},{"damage_healed":0,"gold_gain":0,"player_choice":"Memory 1","damage_taken":0,"max_hp_gain":0,"max_hp_loss":0,"event_name":"SensoryStone","floor":36,"gold_loss":0},{"damage_healed":42,"gold_gain":0,"player_choice":"Heal","damage_taken":0,"max_hp_gain":0,"max_hp_loss":0,"event_name":"MindBloom","floor":42,"gold_loss":0,"cards_obtained":["Doubt"]},{"damage_healed":0,"gold_gain":75,"player_choice":"Touch","damage_taken":8,"max_hp_gain":0,"max_hp_loss":0,"event_name":"FaceTrader","floor":46,"gold_loss":0}],"is_beta":false,"boss_relics":[{"not_picked":["Philosopher\u0027s Stone","Cursed Key"],"picked":"Pandora\u0027s Box"},{"not_picked":["Tiny House","Coffee Dripper"],"picked":"Lizard Tail"}],"items_purged_floors":[14],"is_endless":false,"potions_floor_spawned":[1,4,13,18,31,33,38,39,47],"ascension_level":5}