{"gold_per_floor":[118,128,17,17,27,27,59,73,127,127,141,141,161,14,14,110,110,130,104,19,29,29,29,29,40,119,137,156,156,169,186,186,284,284,294,314,332,384,43,43,72,72],"floor_reached":42,"playtime":5019,"items_purged":["Strike_B","Defend_B"],"score":477,"play_id":"a68a3226-e8d9-47b4-b6cb-5b6769bf2043","local_time":"20180817222724","is_ascension_mode":true,"campfire_choices":[{"data":"Chaos","floor":6,"key":"SMITH"},{"data":"Self Repair","floor":10,"key":"SMITH"},{"data":"Zap","floor":12,"key":"SMITH"},{"floor":15,"key":"REST"},{"data":"White Noise","floor":23,"key":"SMITH"},{"floor":29,"key":"REST"},{"floor":32,"key":"REST"},{"floor":40,"key":"REST"}],"neow_cost":"NONE","seed_source_timestamp":6451474735193,"circlet_count":0,"master_deck":["Defend_B+1","Defend_B+1","Zap+1","Dualcast","Compile Driver+1","Fusion","Chaos+1","Self Repair+1","Skim","Multi-Cast","Hologram","Barrage","Redo","Conserve Battery","Rainbow","Aggregate+1","Leap+1","Cold Snap+1","Conserve Battery","Capacitor","White Noise+1","Redo","Double Energy+1","Double Energy+1","Barrage+1","Redo+1","Echo Form","Skim+1","Sweeping Beam+1","Doom and Gloom+1","Panache","Defragment+1"],"relics":["Cracked Core","Ornamental Fan","Whetstone","Astrolabe","Bag of Preparation","Darkstone Periapt","Inserter","Emotion Chip","Anchor","Omamori"],"potions_floor_usage":[16,16,16,16,21,21,27,33,38],"damage_taken":[{"damage":0,"enemies":"Small Slimes","floor":1,"turns":2},{"damage":12,"enemies":"Jaw Worm","floor":2,"turns":3},{"damage":0,"enemies":"Cultist","floor":5,"turns":4},{"damage":20,"enemies":"Lagavulin","floor":7,"turns":8},{"damage":13,"enemies":"2 Fungi Beasts","floor":8,"turns":3},{"damage":22,"enemies":"Exordium Wildlife","floor":11,"turns":5},{"damage":9,"enemies":"Red Slaver","floor":13,"turns":3},{"damage":36,"enemies":"Hexaghost","floor":16,"turns":9},{"damage":13,"enemies":"Spheric Guardian","floor":18,"turns":4},{"damage":25,"enemies":"2 Thieves","floor":19,"turns":5},{"damage":25,"enemies":"Snake Plant","floor":21,"turns":5},{"damage":21,"enemies":"Centurion and Healer","floor":25,"turns":6},{"damage":34,"enemies":"Snecko","floor":27,"turns":6},{"damage":7,"enemies":"Snake Plant","floor":28,"turns":3},{"damage":28,"enemies":"Centurion and Healer","floor":30,"turns":9},{"damage":0,"enemies":"Snecko","floor":31,"turns":4},{"damage":42,"enemies":"Automaton","floor":33,"turns":9},{"damage":0,"enemies":"Orb Walker","floor":35,"turns":3},{"damage":0,"enemies":"Flame Bruiser 1 Orb","floor":36,"turns":4},{"damage":45,"enemies":"Maw","floor":37,"turns":7},{"damage":32,"floor":38,"turns":6},{"damage":52,"enemies":"Giant Head","floor":41,"turns":9},{"damage":19,"enemies":"3 Darklings","floor":42,"turns":3}],"seed_played":"2769216477612678790","potions_obtained":[{"floor":2,"key":"Swift Potion"},{"floor":7,"key":"EntropicBrew"},{"floor":8,"key":"SpeedPotion"},{"floor":19,"key":"FairyPotion"},{"floor":25,"key":"GamblersBrew"},{"floor":28,"key":"SteroidPotion"},{"floor":30,"key":"Block Potion"},{"floor":37,"key":"PowerPotion"}],"is_trial":false,"path_per_floor":["M","M","$","?","M","R","E","M","T","R","M","R","M","$","R","B",null,"M","M","?","M","$","R","?","M","T","M","M","R","M","M","R","B",null,"M","M","M","?","$","R","E"],"character_chosen":"DEFECT","items_purchased":["Self Repair","Conserve Battery","Panache","Anchor"],"campfire_rested":4,"item_purchase_floors":[3,14,39,39],"current_hp_per_floor":[75,63,63,48,55,55,42,36,36,36,24,24,25,25,47,21,75,72,57,57,54,54,54,54,43,43,19,12,34,16,26,48,16,75,75,75,40,25,25,47,17,0],"gold":72,"neow_bonus":"TRANSFORM_CARD","is_prod":false,"is_daily":false,"chose_seed":false,"campfire_upgraded":4,"win_rate":0,"timestamp":1534537644,"path_taken":["M","M","$","?","M","R","E","M","T","R","M","R","M","$","R","BOSS","M","M","?","M","?","R","?","?","T","M","M","R","M","M","R","BOSS","M","M","?","?","$","R","E","M"],"build_version":"2018-08-16","purchased_purges":2,"victory":false,"max_hp_per_floor":[75,75,75,75,75,75,75,75,75,75,75,75,75,75,75,75,75,75,75,75,75,75,75,75,75,75,75,75,75,75,75,75,75,75,75,75,75,75,75,75,75,75],"card_choices":[{"not_picked":["Rebound","Stack"],"picked":"Fusion","floor":1},{"not_picked":["Skim","Streamline"],"picked":"Chaos","floor":2},{"not_picked":["Reprogram","Turbo"],"picked":"Skim","floor":5},{"not_picked":["Stack","Turbo"],"picked":"Multi-Cast","floor":7},{"not_picked":["Beam Cell","Cold Snap"],"picked":"Hologram","floor":8},{"not_picked":["Leap","Reprogram"],"picked":"Barrage","floor":11},{"not_picked":["Coolheaded","Skim"],"picked":"Redo","floor":13},{"not_picked":["Core Surge","Thunder Strike"],"picked":"Rainbow","floor":16},{"not_picked":["Redo","Cold Snap"],"picked":"Conserve Battery","floor":18},{"not_picked":["Reprogram","Lockon+1"],"picked":"Capacitor","floor":19},{"not_picked":["Lockon","Skim+1"],"picked":"White Noise","floor":21},{"not_picked":["Steam","Hologram"],"picked":"Redo","floor":25},{"not_picked":["Go for the Eyes","Barrage"],"picked":"Double Energy+1","floor":27},{"not_picked":["Amplify","Ball Lightning"],"picked":"Double Energy+1","floor":28},{"not_picked":["Redo+1","BootSequence+1"],"picked":"Barrage+1","floor":30},{"not_picked":["Turbo","Gash"],"picked":"Redo+1","floor":31},{"not_picked":["Amplify","Reboot"],"picked":"Echo Form","floor":33},{"not_picked":["Beam Cell+1","Ball Lightning+1"],"picked":"Skim+1","floor":35},{"not_picked":["Fusion+1","Streamline"],"picked":"Sweeping Beam+1","floor":36},{"not_picked":["Steam","Rip and Tear+1","Stack"],"picked":"SKIP","floor":37},{"not_picked":["Go for the Eyes+1","Reprogram"],"picked":"Doom and Gloom+1","floor":38},{"not_picked":["Scrape","Double Energy"],"picked":"Defragment+1","floor":41}],"player_experience":242665,"relics_obtained":[{"floor":7,"key":"Ornamental Fan"},{"floor":9,"key":"Whetstone"},{"floor":26,"key":"Darkstone Periapt"},{"floor":38,"key":"Emotion Chip"},{"floor":41,"key":"Omamori"}],"event_choices":[{"event_name":"Shining Light","player_choice":"Entered Light","floor":4,"damage_taken":0},{"event_name":"Addict","player_choice":"Obtained Relic","floor":20,"damage_taken":0},{"event_name":"Vampires","player_choice":"Ignored","floor":24,"damage_taken":0},{"event_name":"Mysterious Sphere","player_choice":"Fight","floor":38,"damage_taken":0}],"is_beta":false,"boss_relics":[{"not_picked":["Black Star","Velvet Choker"],"picked":"Astrolabe"},{"not_picked":["Orrery","Coffee Dripper"],"picked":"Inserter"}],"items_purged_floors":[3,14],"is_endless":false,"potions_floor_spawned":[2,7,8,19,25,28,30,37],"killed_by":"3 Darklings","ascension_level":2}