{"gold_per_floor":[110,285,285,304,320,347,68,98,98,60,60,78,97,115,115,219,219,232,242,242,242,68,68,83,83,83,83,103,103,103,103],"floor_reached":31,"playtime":2014,"items_purged":["Defend_R","Defend_R"],"score":257,"play_id":"828777c6-c9dc-4680-a2c5-61e3662f93b4","local_time":"20180910012210","is_ascension_mode":true,"campfire_choices":[{"floor":11,"key":"REST"},{"data":"Limit Break","floor":15,"key":"SMITH"},{"floor":23,"key":"REST"},{"floor":25,"key":"REST"},{"data":"Fiend Fire","floor":29,"key":"SMITH"}],"neow_cost":"NONE","seed_source_timestamp":3286239345952,"circlet_count":0,"master_deck":["Strike_R","Strike_R","Strike_R+1","Defend_R","Defend_R+1","Bash","Twin Strike","Doubt","Limit Break+1","Anger","Flex","Shrug It Off","Transmutation","Dual Wield","Battle Trance","Body Slam","Flex+1","Berserk","Shockwave","Impervious","Ghostly Armor","Cleave","Body Slam","Spot Weakness","Fiend Fire+1","Bash","Metallicize","Flex+1","Twin Strike+1","Perfected Strike"],"relics":["Burning Blood","Shuriken","Magic Flower","Prayer Wheel","Runic Pyramid","Happy Flower","Nilry\u0027s Codex"],"potions_floor_usage":[6,16,16],"damage_taken":[{"damage":4,"enemies":"2 Louse","floor":1,"turns":3},{"damage":0,"enemies":"Small Slimes","floor":4,"turns":4},{"damage":6,"enemies":"Cultist","floor":5,"turns":3},{"damage":39,"enemies":"Lagavulin","floor":6,"turns":7},{"damage":30,"enemies":"Gremlin Nob","floor":8,"turns":4},{"damage":9,"enemies":"Exordium Thugs","floor":12,"turns":5},{"damage":0,"enemies":"2 Fungi Beasts","floor":13,"turns":2},{"damage":1,"enemies":"Red Slaver","floor":14,"turns":3},{"damage":36,"enemies":"Hexaghost","floor":16,"turns":6},{"damage":25,"enemies":"2 Thieves","floor":18,"turns":4},{"damage":25,"enemies":"Spheric Guardian","floor":19,"turns":6},{"damage":53,"enemies":"Centurion and Healer","floor":24,"turns":5},{"damage":6,"enemies":"Cultist and Chosen","floor":28,"turns":4},{"damage":42,"enemies":"Shelled Parasite and Fungi","floor":31,"turns":4}],"seed_played":"-4032298552524729318","potions_obtained":[{"floor":4,"key":"Poison Potion"},{"floor":13,"key":"Fire Potion"},{"floor":14,"key":"Fire Potion"},{"floor":24,"key":"Energy Potion"}],"is_trial":false,"path_per_floor":["M","?","?","M","M","E","$","E","T","$","R","M","M","M","R","B",null,"M","M","?","?","$","R","M","R","T","?","M","R","?"],"character_chosen":"IRONCLAD","items_purchased":["Shrug It Off","Transmutation","Battle Trance","Metallicize"],"campfire_rested":3,"item_purchase_floors":[7,7,10,22],"current_hp_per_floor":[80,80,64,70,70,37,37,13,13,13,37,37,46,54,54,27,80,64,48,48,48,48,72,28,52,52,52,55,55,39,0],"gold":103,"neow_bonus":"REMOVE_CARD","is_prod":false,"is_daily":false,"chose_seed":false,"campfire_upgraded":2,"win_rate":0,"timestamp":1536535330,"path_taken":["M","?","?","?","M","E","?","E","T","$","R","M","M","M","R","BOSS","M","M","?","?","$","R","?","R","T","?","M","R","?","M"],"build_version":"2018-09-06","purchased_purges":2,"victory":false,"max_hp_per_floor":[80,80,80,80,80,80,80,80,80,80,80,80,80,80,80,80,80,80,80,80,80,80,80,80,80,80,80,80,80,80,80],"card_choices":[{"not_picked":["Headbutt","Warcry"],"picked":"Twin Strike","floor":1},{"not_picked":["Havoc","Cleave"],"picked":"Limit Break","floor":4},{"not_picked":["Clash","Clothesline"],"picked":"Anger","floor":5},{"not_picked":["Thunderclap","Exhume"],"picked":"Flex","floor":6},{"not_picked":["Armaments","Anger"],"picked":"Dual Wield","floor":8},{"not_picked":["Dropkick","Uppercut"],"picked":"Body Slam","floor":12},{"not_picked":["Sentinel","Sword Boomerang"],"picked":"Flex","floor":12},{"not_picked":["Shockwave","Warcry"],"picked":"Berserk","floor":13},{"not_picked":["Disarm","Sword Boomerang"],"picked":"Shockwave","floor":13},{"not_picked":["Wild Strike","Fire Breathing","Headbutt"],"picked":"SKIP","floor":14},{"not_picked":["Fire Breathing","Power Through","Sentinel"],"picked":"SKIP","floor":14},{"not_picked":["Double Tap","Offering"],"picked":"Impervious","floor":16},{"not_picked":["Shockwave","Shrug It Off"],"picked":"Ghostly Armor","floor":18},{"not_picked":["Shrug It Off","Corruption+1"],"picked":"Cleave","floor":18},{"not_picked":["Thunderclap+1","Headbutt"],"picked":"Body Slam","floor":19},{"not_picked":["Limit Break","Thunderclap"],"picked":"Spot Weakness","floor":19},{"not_picked":["Seeing Red","Headbutt"],"picked":"Flex+1","floor":24},{"not_picked":["Flex","Armaments+1"],"picked":"Twin Strike+1","floor":24},{"not_picked":["Wild Strike+1","Feel No Pain"],"picked":"Perfected Strike","floor":28},{"not_picked":["Sentinel+1","Sword Boomerang","Intimidate"],"picked":"SKIP","floor":28}],"player_experience":292013,"relics_obtained":[{"floor":6,"key":"Shuriken"},{"floor":8,"key":"Magic Flower"},{"floor":9,"key":"Prayer Wheel"},{"floor":26,"key":"Happy Flower"},{"floor":30,"key":"Nilry\u0027s Codex"}],"event_choices":[{"event_name":"Liars Game","player_choice":"agreed","floor":2,"damage_taken":0},{"event_name":"Shining Light","player_choice":"Entered Light","floor":3,"damage_taken":0},{"event_name":"Match and Keep!","player_choice":"2 cards matched","floor":20,"damage_taken":0},{"event_name":"Purifier","player_choice":"One Purge","floor":21,"damage_taken":0},{"event_name":"Accursed Blacksmith","player_choice":"Forge","floor":27,"damage_taken":0},{"event_name":"Cursed Tome","player_choice":"Obtained Book","floor":30,"damage_taken":0}],"is_beta":false,"boss_relics":[{"not_picked":["Black Star","Mark of Pain"],"picked":"Runic Pyramid"}],"items_purged_floors":[7,22],"is_endless":false,"potions_floor_spawned":[4,13,14,24],"killed_by":"Shelled Parasite and Fungi","ascension_level":1}