{"gold_per_floor":[110,11,11,11,31,31,31,31,55,71,89,122,122,43,43,139,189,199,224,214,78,3,3,16,33,87,103,103,0,19,30,30,30],"floor_reached":33,"playtime":1954,"items_purged":["Strike_B","Strike_B","Defend_B"],"score":321,"play_id":"861b62fb-aac0-4c54-b04b-25601a7d2f93","local_time":"20190406002757","is_ascension_mode":true,"campfire_choices":[{"data":"Streamline","floor":6,"key":"SMITH"},{"data":"Dualcast","floor":8,"key":"SMITH"},{"data":"Gash","floor":13,"key":"SMITH"},{"data":"Zap","floor":15,"key":"SMITH"},{"data":"Rainbow","floor":23,"key":"SMITH"},{"data":"Streamline","floor":28,"key":"SMITH"},{"floor":32,"key":"REST"}],"neow_cost":"NONE","seed_source_timestamp":19036233701900,"circlet_count":0,"master_deck":["Strike_B+1","Defend_B+1","Defend_B","Zap+1","Dualcast+1","BootSequence","Streamline+1","Chill","Gash+1","Go for the Eyes","Beam Cell","Self Repair+1","Rainbow+1","Hologram","Leap+1","Skim","Rebound","BootSequence","Auto Shields","Coolheaded+1","Streamline+1","Conserve Battery","BootSequence","Double Energy"],"relics":["Cracked Core","PreservedInsect","Incense Burner","Tiny House","Red Mask","Smiling Mask"],"potions_floor_usage":[15,19,24,27,30],"damage_taken":[{"damage":9,"enemies":"2 Louse","floor":1,"turns":2},{"damage":2,"enemies":"Jaw Worm","floor":5,"turns":3},{"damage":0,"enemies":"Small Slimes","floor":10,"turns":2},{"damage":4,"enemies":"Exordium Wildlife","floor":11,"turns":3},{"damage":6,"enemies":"3 Sentries","floor":12,"turns":6},{"damage":19,"enemies":"The Guardian","floor":16,"turns":10},{"damage":0,"enemies":"Shell Parasite","floor":18,"turns":3},{"damage":40,"enemies":"Masked Bandits","floor":19,"turns":6},{"damage":1,"enemies":"2 Thieves","floor":20,"turns":4},{"damage":9,"enemies":"Centurion and Healer","floor":24,"turns":7},{"damage":12,"enemies":"3 Cultists","floor":25,"turns":6},{"damage":29,"enemies":"Chosen and Byrds","floor":27,"turns":7},{"damage":21,"enemies":"Centurion and Healer","floor":30,"turns":5},{"damage":31,"enemies":"Snake Plant","floor":31,"turns":4},{"damage":43,"enemies":"Collector","floor":33,"turns":7}],"seed_played":"8436828923615870129","potions_obtained":[{"floor":1,"key":"Energy Potion"},{"floor":12,"key":"Fruit Juice"},{"floor":17,"key":"LiquidBronze"},{"floor":25,"key":"PowerPotion"},{"floor":27,"key":"SkillPotion"}],"is_trial":false,"path_per_floor":["M","$","?","?","M","R","?","R","T","M","M","E","R","$","R","B",null,"M","?","M","$","?","R","M","M","T","M","R","$","M","M","R","B"],"character_chosen":"DEFECT","items_purchased":["Streamline","Self Repair","BootSequence","Conserve Battery"],"campfire_rested":1,"item_purchase_floors":[2,14,21,29],"current_hp_per_floor":[73,73,57,50,48,48,53,53,53,53,49,43,43,43,48,36,97,97,67,76,76,76,76,77,65,65,46,46,46,35,14,43,0],"gold":30,"neow_bonus":"TEN_PERCENT_HP_BONUS","is_prod":false,"is_daily":false,"chose_seed":false,"campfire_upgraded":6,"win_rate":0,"timestamp":1554503277,"path_taken":["M","$","?","?","M","R","?","R","T","M","M","E","R","$","R","BOSS","M","?","M","$","?","R","M","M","T","M","R","?","M","M","R","BOSS"],"build_version":"2019-01-23","purchased_purges":3,"victory":false,"max_hp_per_floor":[82,82,82,82,82,82,87,87,87,87,87,87,87,87,92,92,97,97,97,97,97,97,97,97,97,97,97,97,97,97,97,97,97],"card_choices":[{"not_picked":["Reprogram","Steam"],"picked":"BootSequence","floor":1},{"not_picked":["Hologram","Coolheaded"],"picked":"Chill","floor":5},{"not_picked":["Beam Cell","Conserve Battery"],"picked":"Gash","floor":10},{"not_picked":["Buffer","Defragment"],"picked":"Go for the Eyes","floor":11},{"not_picked":["Ball Lightning","Stack"],"picked":"Beam Cell","floor":12},{"not_picked":["Fission","Core Surge"],"picked":"Rainbow","floor":16},{"not_picked":["Ball Lightning","FTL"],"picked":"Hologram","floor":17},{"not_picked":["Heatsinks","Steam Power"],"picked":"Leap+1","floor":18},{"not_picked":["Turbo","Steam Power+1"],"picked":"Skim","floor":19},{"not_picked":["Force Field","Stack"],"picked":"Rebound","floor":20},{"not_picked":["Compile Driver","Steam Power"],"picked":"Auto Shields","floor":24},{"not_picked":["Compile Driver","Ball Lightning+1"],"picked":"Coolheaded+1","floor":25},{"not_picked":["Redo","Compile Driver"],"picked":"Streamline","floor":27},{"not_picked":["Compile Driver","Aggregate+1"],"picked":"BootSequence","floor":30},{"not_picked":["Go for the Eyes","Leap"],"picked":"Double Energy","floor":31}],"player_experience":486955,"relics_obtained":[{"floor":9,"key":"PreservedInsect"},{"floor":12,"key":"Incense Burner"},{"floor":19,"key":"Red Mask"},{"floor":26,"key":"Smiling Mask"}],"event_choices":[{"damage_healed":0,"gold_gain":0,"player_choice":"Entered Light","damage_taken":16,"max_hp_gain":0,"max_hp_loss":0,"event_name":"Shining Light","floor":3,"gold_loss":0,"cards_upgraded":["Strike_B","Defend_B"]},{"cards_removed":["Strike_B"],"damage_healed":0,"gold_gain":0,"player_choice":"Card Removal","damage_taken":7,"max_hp_gain":0,"max_hp_loss":0,"event_name":"Golden Wing","floor":4,"gold_loss":0},{"damage_healed":0,"gold_gain":0,"player_choice":"Donut","damage_taken":0,"max_hp_gain":5,"max_hp_loss":0,"event_name":"Big Fish","floor":7,"gold_loss":0},{"damage_healed":0,"gold_gain":0,"player_choice":"Fought Bandits","damage_taken":0,"max_hp_gain":0,"max_hp_loss":0,"event_name":"Masked Bandits","floor":19,"gold_loss":0},{"cards_removed":["Defend_B"],"damage_healed":0,"gold_gain":0,"player_choice":"Gave Gold","damage_taken":0,"max_hp_gain":0,"max_hp_loss":0,"event_name":"Beggar","floor":22,"gold_loss":75}],"is_beta":false,"boss_relics":[{"not_picked":["Nuclear Battery","Fusion Hammer"],"picked":"Tiny House"}],"items_purged_floors":[2,21,29],"is_endless":false,"potions_floor_spawned":[1,12,25,27],"killed_by":"Collector","ascension_level":4}