{"gold_per_floor":[115,131,131,152,152,152,171,171,221,250,9,9,23,43,43,169,169,190,206,206,305,319,319,337,80,80,118,118,118,118,158,158,158],"floor_reached":33,"playtime":1552,"items_purged":["Defend_R"],"score":358,"play_id":"db6814eb-d7ec-46cd-b4bb-761f2407de7e","local_time":"20190601025500","is_ascension_mode":true,"campfire_choices":[{"floor":6,"key":"REST"},{"data":"Searing Blow","floor":15,"key":"SMITH"},{"floor":23,"key":"REST"},{"data":"Double Tap","floor":28,"key":"SMITH"},{"floor":30,"key":"REST"},{"data":"Demon Form","floor":32,"key":"SMITH"}],"neow_cost":"NONE","seed_source_timestamp":28177595894800,"circlet_count":0,"master_deck":["Strike_R","Strike_R","Strike_R","Strike_R","Strike_R","Defend_R","Defend_R","Defend_R","Bash","Pommel Strike","Flex+1","Inflame+1","Seeing Red+1","Anger","Infernal Blade","Searing Blow+1","Clash","Blood for Blood","Flex","Demon Form+1","Clash","Perfected Strike","Armaments","Double Tap+1","Chrysalis","Flash of Steel","Battle Trance","Pommel Strike"],"relics":["Burning Blood","Golden Idol","Boot","Odd Mushroom","Regal Pillow","Sozu","Bag of Marbles","Frozen Egg 2","Omamori","Potion Belt"],"potions_floor_usage":[4,7,16,16],"damage_taken":[{"damage":6,"enemies":"Cultist","floor":1,"turns":4},{"damage":8,"enemies":"2 Louse","floor":2,"turns":2},{"damage":5,"enemies":"Small Slimes","floor":4,"turns":3},{"damage":1,"enemies":"3 Louse","floor":7,"turns":4},{"damage":13,"enemies":"The Mushroom Lair","floor":10,"turns":3},{"damage":11,"enemies":"Looter","floor":13,"turns":2},{"damage":7,"enemies":"2 Fungi Beasts","floor":14,"turns":2},{"damage":46,"enemies":"Hexaghost","floor":16,"turns":6},{"damage":25,"enemies":"Spheric Guardian","floor":18,"turns":4},{"damage":23,"enemies":"2 Thieves","floor":19,"turns":3},{"damage":14,"enemies":"Centurion and Healer","floor":22,"turns":2},{"damage":38,"enemies":"Snake Plant","floor":24,"turns":3},{"damage":28,"enemies":"Book of Stabbing","floor":27,"turns":3},{"damage":18,"enemies":"Gremlin Leader","floor":31,"turns":4},{"damage":48,"enemies":"Automaton","floor":33,"turns":4}],"seed_played":"-8810625382269470632","potions_obtained":[{"floor":1,"key":"Weak Potion"},{"floor":4,"key":"SkillPotion"},{"floor":13,"key":"Swift Potion"},{"floor":14,"key":"AttackPotion"}],"is_trial":false,"path_per_floor":["M","M","?","M","?","R","M","?","T","?","$","?","M","M","R","B",null,"M","M","?","?","M","R","M","$","T","E","R","?","R","E","R","B"],"character_chosen":"IRONCLAD","items_purchased":["Infernal Blade","Searing Blow","Clash","Chrysalis","Flash of Steel"],"campfire_rested":3,"item_purchase_floors":[11,11,11,25,25],"current_hp_per_floor":[80,78,56,57,39,65,70,70,70,63,63,60,55,54,54,14,70,51,34,34,34,26,67,35,35,35,13,13,13,54,42,42,0],"gold":158,"neow_bonus":"TEN_PERCENT_HP_BONUS","is_prod":false,"is_daily":false,"chose_seed":false,"campfire_upgraded":3,"win_rate":0,"timestamp":1559350500,"path_taken":["M","M","?","M","?","R","M","?","T","?","$","?","M","M","R","BOSS","M","M","?","?","M","R","M","$","T","E","R","?","R","E","R","BOSS"],"build_version":"2019-01-23","purchased_purges":1,"victory":false,"max_hp_per_floor":[88,88,88,88,88,88,88,88,88,88,88,88,88,88,88,88,88,88,88,88,88,88,88,88,88,88,88,88,88,88,88,88,88],"card_choices":[{"not_picked":["Combust","Headbutt"],"picked":"Pommel Strike","floor":1},{"not_picked":["Clothesline","True Grit"],"picked":"Flex","floor":2},{"not_picked":["Power Through","Cleave"],"picked":"Inflame","floor":4},{"not_picked":["Rampage","Fire Breathing"],"picked":"Seeing Red","floor":7},{"not_picked":["Iron Wave","Clothesline"],"picked":"Anger","floor":10},{"not_picked":["Evolve","Carnage"],"picked":"Blood for Blood","floor":13},{"not_picked":["Clash","Body Slam"],"picked":"Flex","floor":14},{"not_picked":["Bludgeon","Barricade"],"picked":"Demon Form","floor":16},{"not_picked":["Rupture","Corruption"],"picked":"Clash","floor":18},{"not_picked":["True Grit","Body Slam"],"picked":"Perfected Strike","floor":19},{"not_picked":["True Grit+1","Power Through"],"picked":"Armaments","floor":22},{"not_picked":["Searing Blow","Armaments"],"picked":"Double Tap","floor":24},{"not_picked":["Carnage","True Grit"],"picked":"Battle Trance","floor":27},{"not_picked":["Power Through","Iron Wave+1"],"picked":"Pommel Strike","floor":31}],"player_experience":586340,"relics_obtained":[{"floor":9,"key":"Boot"},{"floor":10,"key":"Odd Mushroom"},{"floor":26,"key":"Frozen Egg 2"},{"floor":27,"key":"Omamori"},{"floor":31,"key":"Potion Belt"}],"event_choices":[{"damage_healed":0,"gold_gain":0,"player_choice":"Take Damage","damage_taken":22,"relics_obtained":["Golden Idol"],"max_hp_gain":0,"max_hp_loss":0,"event_name":"Golden Idol","floor":3,"gold_loss":0},{"damage_healed":0,"gold_gain":0,"player_choice":"Entered Light","damage_taken":18,"max_hp_gain":0,"max_hp_loss":0,"event_name":"Shining Light","floor":5,"gold_loss":0,"cards_upgraded":["Flex","Inflame"]},{"damage_healed":0,"gold_gain":0,"player_choice":"Grow","damage_taken":0,"max_hp_gain":0,"max_hp_loss":0,"event_name":"Living Wall","floor":8,"gold_loss":0,"cards_upgraded":["Seeing Red"]},{"damage_healed":0,"gold_gain":0,"player_choice":"Fought Mushrooms","damage_taken":0,"max_hp_gain":0,"max_hp_loss":0,"event_name":"Mushrooms","floor":10,"gold_loss":0},{"damage_healed":0,"gold_gain":0,"player_choice":"Success","damage_taken":3,"relics_obtained":["Regal Pillow"],"max_hp_gain":0,"max_hp_loss":0,"event_name":"Scrap Ooze","floor":12,"gold_loss":0},{"damage_healed":0,"gold_gain":0,"player_choice":"Opened","damage_taken":0,"relics_obtained":["Bag of Marbles"],"max_hp_gain":0,"max_hp_loss":0,"event_name":"The Mausoleum","floor":20,"gold_loss":0},{"damage_healed":0,"gold_gain":99,"player_choice":"Stole From Cult","damage_taken":0,"max_hp_gain":0,"max_hp_loss":0,"event_name":"Nest","floor":21,"gold_loss":0},{"damage_healed":0,"gold_gain":0,"player_choice":"Ignored","damage_taken":0,"max_hp_gain":0,"max_hp_loss":0,"event_name":"Ghosts","floor":29,"gold_loss":0}],"is_beta":false,"boss_relics":[{"not_picked":["Runic Dome","Calling Bell"],"picked":"Sozu"}],"items_purged_floors":[11],"is_endless":false,"potions_floor_spawned":[1,4,13,14,19,22,24],"killed_by":"Automaton","ascension_level":6}