{"path_per_floor":["M","M","M","M","M","R","M","R","T","$","?","M","R","?","R","B",null,"M","M","?"],"character_chosen":"IRONCLAD","items_purchased":["Whirlwind"],"gold_per_floor":[119,139,153,170,182,182,194,194,242,89,189,207,207,207,207,302,302,321,334,249],"floor_reached":21,"campfire_rested":1,"playtime":2253,"current_hp_per_floor":[80,72,77,78,64,64,49,49,49,49,49,40,40,40,64,24,80,32,34,34],"items_purged":["Defend_R"],"gold":249,"play_id":"bc4986d4-7ff2-4d53-bbb1-c2c72f73424f","is_prod":false,"is_daily":false,"campfire_rituals":0,"campfire_upgraded":3,"is_hardmode":false,"path_taken":["M","M","M","M","M","R","M","R","T","$","?","M","R","?","R","BOSS","M","M","?","M"],"build_version":"2018-01-18-PROD4","purchased_purges":1,"victory":false,"master_deck":["Strike_R","Strike_R","Strike_R","Strike_R","Strike_R","Defend_R","Defend_R","Defend_R","Bash","Perfected Strike","Armaments","Cleave","Iron Wave","Clothesline","Battle Trance","Double Tap","Whirlwind","Rage","Juggernaut","Dropkick","Uppercut"],"max_hp_per_floor":[80,80,80,80,80,80,80,80,80,80,80,80,80,80,80,80,80,80,80,80],"relics":["Burning Blood","Ancient Tea Set","Lizard Tail","Blood Vial"],"campfire_meditates":0,"card_choices":[{"not_picked":["Twin Strike","True Grit"],"picked":"Perfected Strike"},{"not_picked":["Perfected Strike","Hemokinesis"],"picked":"Armaments"},{"not_picked":["Perfected Strike","Heavy Blade"],"picked":"Cleave"},{"not_picked":["Rupture","Limit Break"],"picked":"Iron Wave"},{"not_picked":["Spot Weakness","Warcry"],"picked":"Clothesline"},{"not_picked":["Corruption","Twin Strike"],"picked":"Battle Trance"},{"not_picked":["Disarm","Anger"],"picked":"Double Tap"},{"not_picked":["Iron Wave","Flex"],"picked":"Rage"},{"not_picked":["Dark Embrace","Brutality"],"picked":"Juggernaut"},{"not_picked":["Uppercut","Second Wind"],"picked":"Dropkick"},{"not_picked":["Burning Pact","Inflame"],"picked":"Uppercut"}],"player_experience":9846,"potions_floor_usage":[],"damage_taken":[{"damage":0,"enemies":"2 Louse","floor":1,"turns":2},{"damage":14,"enemies":"Blue Slaver","floor":2,"turns":4},{"damage":1,"enemies":"Jaw Worm","floor":3,"turns":3},{"damage":5,"enemies":"Exordium Wildlife","floor":4,"turns":2},{"damage":20,"enemies":"3 Louse","floor":5,"turns":4},{"damage":21,"enemies":"Red Slaver","floor":7,"turns":4},{"damage":15,"enemies":"Looter","floor":12,"turns":3},{"damage":46,"enemies":"The Guardian","floor":16,"turns":12},{"damage":54,"enemies":"Chosen","floor":18,"turns":6},{"damage":46,"enemies":"Shell Parasite","floor":19,"turns":10},{"damage":40,"enemies":"3 Cultists","floor":21,"turns":4}],"event_choices":[{"event_name":"Golden Shrine","player_choice":"Pray","floor":11,"damage_taken":0},{"event_name":"Liars Game","player_choice":"disagreed","floor":14,"damage_taken":0},{"event_name":"Addict","player_choice":"Obtained Relic","floor":20,"damage_taken":0}],"boss_relics":[{"not_picked":["Runic Dome","Calling Bell"],"picked":"Lizard Tail"}],"potions_floor_spawned":[2,3,7,12],"seed_played":"2753927824150423122","killed_by":"3 Cultists","is_trial":false}