{"gold_per_floor":[114,114,127,146,0,0,11,36,36,36,47,80,94,107,107,204,204,187,200,30,44,143,143,143,143,169,204,204,204],"floor_reached":29,"playtime":2054,"items_purged":["Defend_R","Defend_R"],"score":281,"play_id":"35c009e3-b998-4db9-aa17-f3df5367503d","local_time":"20180819130517","is_ascension_mode":true,"campfire_choices":[{"data":"Double Tap","floor":6,"key":"SMITH"},{"data":"Intimidate","floor":10,"key":"SMITH"},{"data":"Armaments","floor":15,"key":"SMITH"},{"data":"Demon Form","floor":23,"key":"SMITH"},{"data":"Spot Weakness","floor":25,"key":"SMITH"},{"data":"Inflame","floor":28,"key":"SMITH"}],"neow_cost":"NONE","seed_source_timestamp":39130401679249,"circlet_count":0,"master_deck":["Strike_R","Strike_R","Strike_R","Strike_R","Strike_R","Defend_R+1","Defend_R","Bash","Headbutt","Cleave","Havoc+1","Intimidate+1","Double Tap+1","Reaper","Anger","Pommel Strike","Armaments+1","Shrug It Off","Clash","Demon Form+1","Disarm","Spot Weakness+1","Inflame+1","Whirlwind+1","Infernal Blade","Perfected Strike+1"],"relics":["Burning Blood","Magic Flower","StoneCalendar","Calipers","Black Star","Oddly Smooth Stone","Vajra","War Paint"],"potions_floor_usage":[8,18,21,21,27],"damage_taken":[{"damage":4,"enemies":"Jaw Worm","floor":1,"turns":5},{"damage":11,"enemies":"2 Louse","floor":3,"turns":3},{"damage":5,"enemies":"Small Slimes","floor":4,"turns":3},{"damage":15,"enemies":"Gremlin Gang","floor":7,"turns":4},{"damage":35,"enemies":"Gremlin Nob","floor":8,"turns":5},{"damage":5,"enemies":"Large Slime","floor":11,"turns":6},{"damage":16,"enemies":"Lagavulin","floor":12,"turns":6},{"damage":16,"enemies":"2 Fungi Beasts","floor":13,"turns":4},{"damage":11,"enemies":"Looter","floor":14,"turns":4},{"damage":44,"enemies":"The Guardian","floor":16,"turns":8},{"damage":14,"enemies":"2 Thieves","floor":18,"turns":4},{"damage":24,"enemies":"3 Byrds","floor":19,"turns":6},{"damage":44,"enemies":"3 Cultists","floor":21,"turns":5},{"damage":54,"enemies":"Book of Stabbing","floor":27,"turns":5},{"damage":48,"enemies":"Centurion and Healer","floor":29,"turns":4}],"seed_played":"-8486816237896174525","potions_obtained":[{"floor":3,"key":"Weak Potion"},{"floor":7,"key":"Weak Potion"},{"floor":8,"key":"SneckoOil"},{"floor":14,"key":"Regen Potion"},{"floor":16,"key":"AttackPotion"},{"floor":18,"key":"AttackPotion"}],"is_trial":false,"path_per_floor":["M","?","M","M","$","R","M","E","T","R","M","E","M","M","R","B",null,"M","M","$","M","?","R","?","R","T","E","R"],"character_chosen":"IRONCLAD","items_purchased":["Double Tap","Inflame"],"campfire_rested":0,"item_purchase_floors":[5,20],"current_hp_per_floor":[80,85,80,81,81,81,72,47,47,47,57,50,55,59,59,24,85,80,73,73,66,66,66,66,66,66,43,43,0],"gold":204,"neow_bonus":"THREE_CARDS","is_prod":false,"is_daily":false,"chose_seed":false,"campfire_upgraded":6,"win_rate":0,"timestamp":1534676717,"path_taken":["M","?","M","M","$","R","M","E","T","R","M","E","M","M","R","BOSS","M","M","$","M","?","R","?","R","T","E","R","?"],"build_version":"2018-08-16","purchased_purges":2,"victory":false,"max_hp_per_floor":[80,85,85,85,85,85,85,85,85,85,85,85,85,85,85,85,85,85,85,85,85,85,85,85,85,85,85,85,85],"card_choices":[{"not_picked":["Searing Blow","Shockwave"],"picked":"Headbutt","floor":0},{"not_picked":["Thunderclap","Clash"],"picked":"Cleave","floor":1},{"not_picked":["Cleave","Clothesline"],"picked":"Havoc","floor":3},{"not_picked":["Sword Boomerang","Shockwave"],"picked":"Intimidate","floor":4},{"not_picked":["Blood for Blood","Hemokinesis"],"picked":"Reaper","floor":7},{"not_picked":["True Grit","Pommel Strike"],"picked":"Anger","floor":8},{"not_picked":["Heavy Blade","Twin Strike"],"picked":"Pommel Strike","floor":11},{"not_picked":["Feed","Headbutt"],"picked":"Armaments","floor":12},{"not_picked":["Fire Breathing","Havoc"],"picked":"Shrug It Off","floor":13},{"not_picked":["Warcry","True Grit"],"picked":"Clash","floor":14},{"not_picked":["Brutality","Reaper"],"picked":"Demon Form","floor":16},{"not_picked":["Evolve","Metallicize"],"picked":"Disarm","floor":18},{"not_picked":["Perfected Strike","Shrug It Off"],"picked":"Spot Weakness","floor":19},{"not_picked":["Sentinel+1","Perfected Strike"],"picked":"Whirlwind+1","floor":21},{"not_picked":["Flex","Cleave"],"picked":"Perfected Strike+1","floor":27}],"player_experience":253799,"relics_obtained":[{"floor":8,"key":"Magic Flower"},{"floor":9,"key":"StoneCalendar"},{"floor":12,"key":"Calipers"},{"floor":26,"key":"Oddly Smooth Stone"},{"floor":27,"key":"Vajra"},{"floor":27,"key":"War Paint"}],"event_choices":[{"event_name":"Big Fish","player_choice":"Donut","floor":2,"damage_taken":0},{"event_name":"Nest","player_choice":"Stole From Cult","floor":22,"damage_taken":0},{"event_name":"The Library","player_choice":"Read","floor":24,"damage_taken":0}],"is_beta":false,"boss_relics":[{"not_picked":["Ectoplasm","Black Blood"],"picked":"Black Star"}],"items_purged_floors":[5,20],"is_endless":false,"potions_floor_spawned":[3,7,8,14,16,18],"killed_by":"Centurion and Healer","ascension_level":2}