{"gold_per_floor":[109,121,121,121,146,146,146,146,195,239,239,253,253,129,129,257,257,273,273,273,308,308,347,347,347,347,347,79,92,110,154,154,277,277,301,0,24,45,63,63,63,63,90,90,113,138,171,171,171,171],"floor_reached":51,"playtime":3150,"items_purged":["Strike_G","Strike_G+1"],"score":967,"play_id":"5157f673-22e3-4976-ab1f-ac682c1ac75a","local_time":"20190519035811","is_ascension_mode":true,"campfire_choices":[{"data":"Deadly Poison","floor":6,"key":"SMITH"},{"data":"Neutralize","floor":8,"key":"SMITH"},{"floor":11,"key":"REST"},{"data":"Cloak And Dagger","floor":13,"key":"SMITH"},{"data":"Poisoned Stab","floor":15,"key":"SMITH"},{"data":"Poisoned Stab","floor":25,"key":"SMITH"},{"data":"Flying Knee","floor":27,"key":"SMITH"},{"floor":32,"key":"REST"},{"data":"Noxious Fumes","floor":40,"key":"SMITH"},{"data":"Envenom","floor":42,"key":"SMITH"},{"data":"Bane","floor":44,"key":"SMITH"},{"floor":49,"key":"REST"}],"neow_cost":"NONE","seed_source_timestamp":52831310732500,"circlet_count":0,"master_deck":["Defend_G+1","Defend_G+1","Defend_G+1","Defend_G+1","Defend_G+1","Strike_G+1","Strike_G+1","Strike_G+1","Survivor","Neutralize+1","Escape Plan","Deadly Poison+1","Cloak And Dagger+1","Poisoned Stab+1","Unload","PiercingWail+1","Corpse Explosion+1","Flying Knee+1","Ghostly+1","Ghostly+1","Ghostly+1","Ghostly+1","Ghostly+1","Poisoned Stab+1","Flying Knee+1","Noxious Fumes+1","Blade Dance+1","Escape Plan+1","Bane+1","Flying Knee+1","Envenom+1","Die Die Die","Prepared+1","Infinite Blades","Cloak And Dagger+1","PiercingWail+1","Bane+1","Madness+1","Madness+1","Bullet Time+1","Calculated Gamble+1","Finisher+1","Panacea+1"],"relics":["Ring of the Snake","Golden Idol","Lantern","Juzu Bracelet","Toxic Egg 2","Eternal Feather","Red Mask","Enchiridion","Mercury Hourglass","Kunai","Anchor","Sozu","Bottled Tornado","Boot","Smiling Mask"],"potions_floor_usage":[10,16,18,23,31,33],"damage_taken":[{"damage":1,"enemies":"Cultist","floor":1,"turns":6},{"damage":5,"enemies":"2 Louse","floor":2,"turns":4},{"damage":1,"enemies":"Jaw Worm","floor":5,"turns":4},{"damage":30,"enemies":"3 Sentries","floor":10,"turns":11},{"damage":0,"enemies":"Looter","floor":12,"turns":3},{"damage":30,"enemies":"Hexaghost","floor":16,"turns":11},{"damage":0,"enemies":"2 Thieves","floor":18,"turns":3},{"damage":2,"enemies":"Masked Bandits","floor":21,"turns":3},{"damage":1,"enemies":"Book of Stabbing","floor":23,"turns":6},{"damage":0,"enemies":"Chosen","floor":29,"turns":4},{"damage":1,"enemies":"Sentry and Sphere","floor":30,"turns":5},{"damage":42,"enemies":"Gremlin Leader","floor":31,"turns":6},{"damage":6,"enemies":"Collector","floor":33,"turns":7},{"damage":0,"enemies":"Orb Walker","floor":35,"turns":3},{"damage":0,"enemies":"3 Darklings","floor":37,"turns":3},{"damage":17,"enemies":"Maw","floor":38,"turns":7},{"damage":0,"enemies":"Jaw Worm Horde","floor":39,"turns":4},{"damage":2,"enemies":"Spire Growth","floor":45,"turns":4},{"damage":2,"enemies":"Transient","floor":46,"turns":5},{"damage":36,"enemies":"Giant Head","floor":47,"turns":8},{"damage":22,"enemies":"Donu and Deca","floor":50,"turns":6}],"seed_played":"-3281871091393697681","potions_obtained":[{"floor":1,"key":"FairyPotion"},{"floor":2,"key":"PowerPotion"},{"floor":10,"key":"SkillPotion"},{"floor":16,"key":"SkillPotion"},{"floor":18,"key":"GamblersBrew"},{"floor":29,"key":"Strength Potion"},{"floor":31,"key":"AttackPotion"}],"is_trial":false,"path_per_floor":["M","M","?","?","M","R","?","R","T","E","R","M","R","$","R","B",null,"M","?","?","?","?","E","?","R","T","R","$","M","M","E","R","B",null,"M","$","M","M","M","R","?","R","T","R","M","M","E","?","R","B",null],"character_chosen":"THE_SILENT","items_purchased":["PiercingWail+1","Noxious Fumes","Blade Dance+1","Escape Plan+1","Bottled Tornado","Infinite Blades"],"campfire_rested":3,"item_purchase_floors":[14,28,28,28,36,36],"current_hp_per_floor":[69,64,45,50,49,49,42,42,42,12,36,36,36,36,36,6,63,63,41,41,39,23,22,22,37,37,41,41,41,40,4,34,28,38,38,38,38,21,21,41,36,41,41,41,39,37,1,1,37,15],"gold":171,"neow_bonus":"TEN_PERCENT_HP_BONUS","is_prod":false,"is_daily":false,"chose_seed":false,"campfire_upgraded":9,"win_rate":0,"timestamp":1558231091,"path_taken":["M","?","?","?","M","R","?","R","T","E","R","M","R","?","R","BOSS","M","?","?","?","?","E","?","R","T","R","$","M","M","E","R","BOSS","M","?","M","M","M","R","?","R","T","R","M","M","E","?","R","BOSS"],"build_version":"2019-01-23","purchased_purges":2,"victory":true,"max_hp_per_floor":[77,77,77,82,82,82,82,82,82,82,82,82,82,82,82,82,82,82,41,41,41,41,41,41,41,41,41,41,41,41,41,41,41,41,41,41,41,41,41,41,41,41,41,41,41,41,41,41,41,41],"card_choices":[{"not_picked":["Setup","Riddle With Holes"],"picked":"Escape Plan","floor":1},{"not_picked":["PiercingWail","Underhanded Strike"],"picked":"Deadly Poison","floor":2},{"not_picked":["Distraction","Riddle With Holes"],"picked":"Cloak And Dagger","floor":5},{"not_picked":["PiercingWail","Deflect"],"picked":"Poisoned Stab","floor":10},{"not_picked":["Slice","Flechettes"],"picked":"Unload","floor":12},{"not_picked":["A Thousand Cuts","Unload"],"picked":"Corpse Explosion+1","floor":16},{"not_picked":["Slice","Underhanded Strike+1"],"picked":"Flying Knee","floor":18},{"not_picked":["Endless Agony+1","Prepared+1"],"picked":"Poisoned Stab","floor":21},{"not_picked":["Riddle With Holes","Sucker Punch"],"picked":"Flying Knee","floor":23},{"not_picked":["Dodge and Roll+1","Backflip+1"],"picked":"Bane+1","floor":29},{"not_picked":["Bane","Dagger Throw"],"picked":"Flying Knee+1","floor":30},{"not_picked":["Outmaneuver+1","Finisher"],"picked":"Envenom","floor":31},{"not_picked":["Glass Knife","Unload"],"picked":"Die Die Die","floor":33},{"not_picked":["Flying Knee+1","Dagger Spray+1"],"picked":"Prepared+1","floor":35},{"not_picked":["Concentrate+1","Quick Slash+1"],"picked":"Cloak And Dagger+1","floor":37},{"not_picked":["Deflect+1","Terror+1"],"picked":"PiercingWail+1","floor":38},{"not_picked":["Sucker Punch","Prepared+1"],"picked":"Bane","floor":39},{"not_picked":["Dodge and Roll+1","Calculated Gamble+1"],"picked":"Bullet Time+1","floor":45},{"not_picked":["Deflect+1","Escape Plan+1"],"picked":"Calculated Gamble+1","floor":46},{"not_picked":["Dodge and Roll+1","Well Laid Plans"],"picked":"Finisher+1","floor":47},{"not_picked":["Madness+1","Good Instincts+1"],"picked":"Panacea+1","floor":48}],"player_experience":544173,"relics_obtained":[{"floor":9,"key":"Juzu Bracelet"},{"floor":10,"key":"Toxic Egg 2"},{"floor":21,"key":"Red Mask"},{"floor":22,"key":"Enchiridion"},{"floor":23,"key":"Mercury Hourglass"},{"floor":26,"key":"Kunai"},{"floor":31,"key":"Anchor"},{"floor":43,"key":"Boot"},{"floor":47,"key":"Smiling Mask"}],"event_choices":[{"damage_healed":0,"gold_gain":0,"player_choice":"Take Damage","damage_taken":19,"relics_obtained":["Golden Idol"],"max_hp_gain":0,"max_hp_loss":0,"event_name":"Golden Idol","floor":3,"gold_loss":0},{"damage_healed":0,"gold_gain":0,"player_choice":"Donut","damage_taken":0,"max_hp_gain":5,"max_hp_loss":0,"event_name":"Big Fish","floor":4,"gold_loss":0},{"damage_healed":0,"gold_gain":0,"player_choice":"Success","damage_taken":7,"relics_obtained":["Lantern"],"max_hp_gain":0,"max_hp_loss":0,"event_name":"Scrap Ooze","floor":7,"gold_loss":0},{"damage_healed":0,"gold_gain":0,"player_choice":"Became a Ghost","damage_taken":0,"max_hp_gain":0,"max_hp_loss":41,"event_name":"Ghosts","floor":19,"gold_loss":0,"cards_obtained":["Ghostly","Ghostly","Ghostly","Ghostly","Ghostly"]},{"damage_healed":0,"gold_gain":0,"player_choice":"Simplicity","damage_taken":0,"max_hp_gain":0,"max_hp_loss":0,"event_name":"Back to Basics","floor":20,"gold_loss":0,"cards_upgraded":["Defend_G","Defend_G","Defend_G","Defend_G","Defend_G","Strike_G","Strike_G","Strike_G","Strike_G"]},{"damage_healed":0,"gold_gain":0,"player_choice":"Fought Bandits","damage_taken":0,"max_hp_gain":0,"max_hp_loss":0,"event_name":"Masked Bandits","floor":21,"gold_loss":0},{"damage_healed":0,"gold_gain":0,"player_choice":"Obtained Book","damage_taken":16,"max_hp_gain":0,"max_hp_loss":0,"event_name":"Cursed Tome","floor":22,"gold_loss":0},{"damage_healed":0,"gold_gain":0,"player_choice":"Upgraded","damage_taken":0,"max_hp_gain":0,"max_hp_loss":0,"event_name":"Upgrade Shrine","floor":24,"gold_loss":0,"cards_upgraded":["Flying Knee"]},{"damage_healed":0,"gold_gain":0,"player_choice":"Embrace Madness","damage_taken":5,"max_hp_gain":0,"max_hp_loss":0,"event_name":"Winding Halls","floor":41,"gold_loss":0,"cards_obtained":["Madness","Madness"]},{"damage_healed":0,"gold_gain":0,"player_choice":"Memory 1","damage_taken":0,"max_hp_gain":0,"max_hp_loss":0,"event_name":"SensoryStone","floor":48,"gold_loss":0}],"is_beta":false,"boss_relics":[{"not_picked":["Philosopher\u0027s Stone","Fusion Hammer"],"picked":"Eternal Feather"},{"not_picked":["Coffee Dripper","Busted Crown"],"picked":"Sozu"}],"items_purged_floors":[14,28],"is_endless":false,"potions_floor_spawned":[1,2,10,16,18,29,31,39,45],"ascension_level":6}