{"gold_per_floor":[20,32,32,107,107,107,118,118,141,172,198,210,23,42,42,139,139,152,152,166,66,141,167,167],"floor_reached":24,"playtime":1475,"items_purged":["Defend_R","Strike_R"],"score":268,"play_id":"c4b42f9e-4027-4b5f-87e7-d721b77304a5","local_time":"20190827020134","is_ascension_mode":true,"campfire_choices":[{"data":"Seeing Red","floor":6,"key":"SMITH"},{"data":"Uppercut","floor":8,"key":"SMITH"},{"data":"Infernal Blade","floor":12,"key":"SMITH"},{"data":"Metallicize","floor":15,"key":"SMITH"}],"neow_cost":"NO_GOLD","seed_source_timestamp":23720498749400,"circlet_count":0,"master_deck":["Strike_R","Bash","Seeing Red+1","Uppercut+1","Shrug It Off","Metallicize+1","Infernal Blade+1","Infernal Blade","Shrug It Off","Immolate","Battle Trance+1","Uppercut+1","Dropkick+1","Whirlwind+1","Metallicize+1","Flex"],"relics":["Burning Blood","Boot","MawBank","Astrolabe","Paper Frog"],"potions_floor_usage":[18,23,24,24],"damage_taken":[{"damage":9,"enemies":"2 Louse","floor":1,"turns":3},{"damage":7,"enemies":"Jaw Worm","floor":2,"turns":2},{"damage":0,"enemies":"Cultist","floor":7,"turns":2},{"damage":2,"enemies":"Red Slaver","floor":10,"turns":2},{"damage":12,"enemies":"3 Louse","floor":11,"turns":3},{"damage":4,"enemies":"Blue Slaver","floor":14,"turns":3},{"damage":34,"enemies":"Hexaghost","floor":16,"turns":12},{"damage":6,"enemies":"3 Byrds","floor":18,"turns":3},{"damage":3,"enemies":"Shell Parasite","floor":20,"turns":4},{"damage":46,"enemies":"Gremlin Leader","floor":23,"turns":6},{"damage":26,"enemies":"Cultist and Chosen","floor":24,"turns":5}],"seed_played":"3911001026092601272","potions_obtained":[{"floor":1,"key":"SpeedPotion"},{"floor":7,"key":"AttackPotion"},{"floor":10,"key":"FearPotion"},{"floor":16,"key":"Block Potion"},{"floor":18,"key":"SteroidPotion"}],"is_trial":false,"path_per_floor":["M","M","?","?","?","R","M","R","T","M","M","R","$","M","R","B",null,"M","?","M","$","?","E","M"],"character_chosen":"IRONCLAD","items_purchased":["Infernal Blade","Shrug It Off"],"campfire_rested":0,"item_purchase_floors":[13,13],"current_hp_per_floor":[69,68,68,57,45,45,51,51,51,55,49,49,49,51,51,23,66,66,66,69,69,61,21,0],"gold":167,"neow_bonus":"REMOVE_TWO","is_prod":false,"is_daily":false,"chose_seed":false,"campfire_upgraded":4,"win_rate":0,"timestamp":1566864094,"path_taken":["M","M","?","?","?","R","M","R","T","M","M","R","?","M","R","BOSS","M","?","?","$","?","E","?"],"build_version":"2019-07-17","purchased_purges":2,"victory":false,"max_hp_per_floor":[80,80,80,80,80,80,80,80,80,80,80,80,80,80,80,80,80,80,80,80,80,80,80,80],"card_choices":[{"not_picked":["Battle Trance","Infernal Blade"],"picked":"Seeing Red","floor":1},{"not_picked":["Havoc","Headbutt"],"picked":"Uppercut","floor":2},{"not_picked":["Sentinel","Hemokinesis"],"picked":"Shrug It Off","floor":7},{"not_picked":["Iron Wave","Dual Wield"],"picked":"Metallicize","floor":10},{"not_picked":["Headbutt","Anger"],"picked":"Infernal Blade","floor":11},{"not_picked":["Headbutt","Clothesline","Brutality"],"picked":"SKIP","floor":14},{"not_picked":["Berserk","Bludgeon"],"picked":"Immolate","floor":16},{"not_picked":["Thunderclap","Clash"],"picked":"Whirlwind+1","floor":18},{"not_picked":["Thunderclap","Disarm"],"picked":"Flex","floor":20},{"not_picked":["Shrug It Off","Twin Strike","Blood for Blood"],"picked":"SKIP","floor":23}],"player_experience":597220,"relics_obtained":[{"floor":9,"key":"MawBank"},{"floor":23,"key":"Paper Frog"}],"event_choices":[{"cards_removed":["Defend_R"],"damage_healed":0,"gold_gain":0,"player_choice":"Forget","damage_taken":0,"max_hp_gain":0,"max_hp_loss":0,"event_name":"Living Wall","floor":3,"gold_loss":0},{"damage_healed":0,"gold_gain":75,"player_choice":"Gather Gold","damage_taken":11,"max_hp_gain":0,"max_hp_loss":0,"event_name":"World of Goop","floor":4,"gold_loss":0},{"damage_healed":0,"gold_gain":0,"player_choice":"Success","damage_taken":12,"relics_obtained":["Boot"],"max_hp_gain":0,"max_hp_loss":0,"event_name":"Scrap Ooze","floor":5,"gold_loss":0},{"damage_healed":0,"gold_gain":0,"player_choice":"Copied","damage_taken":0,"max_hp_gain":0,"max_hp_loss":0,"event_name":"Duplicator","floor":19,"gold_loss":0,"cards_obtained":["Metallicize"]},{"damage_healed":0,"gold_gain":75,"player_choice":"Touch","damage_taken":8,"max_hp_gain":0,"max_hp_loss":0,"event_name":"FaceTrader","floor":22,"gold_loss":0}],"is_beta":false,"boss_relics":[{"not_picked":["Ectoplasm","Empty Cage"],"picked":"Astrolabe"}],"items_purged_floors":[13,21],"is_endless":false,"potions_floor_spawned":[1,7,10,16,18,20],"killed_by":"Cultist and Chosen","ascension_level":6}