{"gold_per_floor":[119,119,69,19,29,29,59,59,59,123,150,160,178,253,253,348,348,368,254,268,268,281,313,313,413,463,229,249,249,284,284,284,379,379,393,393,493,508,528,528,113,145,222,222,255,255,60,60,60,60],"floor_reached":51,"playtime":3669,"items_purged":["Strike_R","Defend_R","Strike_R","Perfected Strike"],"score":845,"play_id":"564225c7-a37c-4c81-9c21-6a6ef05b604c","local_time":"20181015015609","is_ascension_mode":true,"campfire_choices":[{"data":"Armaments","floor":6,"key":"SMITH"},{"floor":8,"key":"REST"},{"data":"Inflame","floor":15,"key":"SMITH"},{"floor":24,"key":"REST"},{"data":"Feed","floor":29,"key":"SMITH"},{"data":"Mayhem","floor":32,"key":"SMITH"},{"data":"Impervious","floor":40,"key":"SMITH"},{"data":"Violence","floor":44,"key":"SMITH"},{"data":"Battle Trance","floor":46,"key":"SMITH"},{"data":"Limit Break","floor":49,"key":"SMITH"}],"neow_cost":"NONE","seed_source_timestamp":94526652968,"circlet_count":0,"master_deck":["Strike_R","Strike_R","Strike_R","Bash","Cleave","Armaments+1","Flame Barrier","Shrug It Off","Reaper","Inflame+1","Clash","Feed+1","Thunderclap","Dropkick","Spot Weakness+1","Battle Trance+1","Mayhem+1","Headbutt","Impervious+1","Madness","Madness","Iron Wave+1","Violence+1","Cleave+1","Spot Weakness","Limit Break+1"],"relics":["Burning Blood","Paper Frog","Matryoshka","Self Forming Clay","Blue Candle","Sozu","Smiling Mask","Art of War","Potion Belt","Red Mask","Busted Crown","Bag of Preparation","Lantern","Singing Bowl","Meat on the Bone","Darkstone Periapt","WingedGreaves"],"potions_floor_usage":[10,16],"damage_taken":[{"damage":6,"enemies":"Jaw Worm","floor":1,"turns":5},{"damage":0,"enemies":"Small Slimes","floor":5,"turns":3},{"damage":36,"enemies":"Lagavulin","floor":7,"turns":5},{"damage":31,"enemies":"Lagavulin Event","floor":10,"turns":4},{"damage":4,"enemies":"Gremlin Nob","floor":11,"turns":3},{"damage":7,"enemies":"2 Louse","floor":12,"turns":2},{"damage":5,"enemies":"Exordium Wildlife","floor":13,"turns":4},{"damage":49,"enemies":"The Guardian","floor":16,"turns":12},{"damage":26,"enemies":"2 Thieves","floor":18,"turns":3},{"damage":30,"enemies":"3 Byrds","floor":20,"turns":4},{"damage":6,"enemies":"Centurion and Healer","floor":22,"turns":5},{"damage":24,"enemies":"Slavers","floor":23,"turns":4},{"damage":21,"enemies":"3 Cultists","floor":28,"turns":4},{"damage":0,"enemies":"Masked Bandits","floor":30,"turns":2},{"damage":48,"enemies":"Champ","floor":33,"turns":8},{"damage":12,"enemies":"3 Darklings","floor":35,"turns":4},{"damage":9,"enemies":"Orb Walker","floor":38,"turns":3},{"damage":1,"enemies":"Maw","floor":39,"turns":6},{"damage":26,"enemies":"2 Orb Walkers","floor":42,"turns":4},{"damage":8,"enemies":"Giant Head","floor":45,"turns":5},{"damage":16,"enemies":"Mind Bloom Boss Battle","floor":48,"turns":5},{"damage":28,"enemies":"Donu and Deca","floor":50,"turns":5}],"seed_played":"8315477524844384154","potions_obtained":[{"floor":5,"key":"AttackPotion"},{"floor":10,"key":"Strength Potion"},{"floor":11,"key":"GamblersBrew"},{"floor":12,"key":"AttackPotion"}],"is_trial":false,"path_per_floor":["M","?","?","$","M","R","E","R","T","?","E","M","M","?","R","B",null,"M","$","M","?","M","E","R","?","T","$","M","R","?","?","R","B",null,"M","?","?","M","M","R","$","E","T","R","E","R","$","?","R","B"],"character_chosen":"IRONCLAD","items_purchased":["Armaments","Dropkick","Mayhem","Bag of Preparation","Violence","Spot Weakness","Limit Break"],"campfire_rested":2,"item_purchase_floors":[4,19,27,41,41,47,47],"current_hp_per_floor":[80,73,73,73,79,79,49,73,73,48,50,49,64,53,53,17,80,60,60,45,29,52,49,77,77,77,77,65,65,75,75,75,40,102,100,87,87,88,103,103,103,98,98,98,108,108,108,111,111,105],"gold":60,"neow_bonus":"REMOVE_CARD","is_prod":false,"is_daily":false,"chose_seed":false,"campfire_upgraded":8,"win_rate":0,"timestamp":1539561369,"path_taken":["M","?","?","?","M","R","E","R","T","?","E","M","?","?","R","BOSS","M","$","M","?","M","E","R","?","T","?","?","R","?","?","R","BOSS","M","?","?","M","?","R","$","E","T","R","E","R","$","?","R","BOSS"],"build_version":"2018-10-11","purchased_purges":4,"victory":true,"max_hp_per_floor":[80,80,80,80,80,80,80,80,80,80,80,80,80,80,80,80,80,80,80,83,88,92,95,95,95,95,95,98,98,102,102,102,102,102,106,106,106,110,110,110,110,114,114,114,120,120,120,122,122,122],"card_choices":[{"not_picked":["Headbutt","Anger"],"picked":"Cleave","floor":1},{"not_picked":["Entrench","Shrug It Off"],"picked":"Perfected Strike","floor":5},{"not_picked":["Power Through","Body Slam"],"picked":"Flame Barrier","floor":7},{"not_picked":["Cleave","Burning Pact"],"picked":"Shrug It Off","floor":10},{"not_picked":["Sever Soul","Headbutt"],"picked":"Reaper","floor":11},{"not_picked":["Cleave","Sword Boomerang"],"picked":"Inflame","floor":12},{"not_picked":["Shrug It Off","Wild Strike"],"picked":"Clash","floor":13},{"not_picked":["Dark Embrace","Offering"],"picked":"Feed","floor":16},{"not_picked":["Pommel Strike","Intimidate"],"picked":"Thunderclap","floor":18},{"not_picked":["Ghostly Armor","Thunderclap"],"picked":"Spot Weakness+1","floor":20},{"not_picked":["Thunderclap","Reckless Charge"],"picked":"Battle Trance","floor":22},{"not_picked":["Clothesline","Bloodletting","Cleave"],"picked":"SKIP","floor":23},{"not_picked":["Rage","Iron Wave+1","Blood for Blood"],"picked":"SKIP","floor":28},{"not_picked":["Cleave+1","Power Through"],"picked":"Headbutt","floor":30},{"not_picked":["Dark Embrace","Feed"],"picked":"Impervious","floor":33},{"not_picked":["Havoc+1"],"picked":"SKIP","floor":35},{"not_picked":["True Grit+1"],"picked":"SKIP","floor":38},{"not_picked":[],"picked":"Iron Wave+1","floor":39},{"not_picked":[],"picked":"Cleave+1","floor":42},{"not_picked":["Fire Breathing"],"picked":"Singing Bowl","floor":45},{"not_picked":["Clothesline+1"],"picked":"Singing Bowl","floor":48}],"player_experience":342598,"relics_obtained":[{"floor":7,"key":"Paper Frog"},{"floor":9,"key":"Matryoshka"},{"floor":10,"key":"Self Forming Clay"},{"floor":11,"key":"Blue Candle"},{"floor":23,"key":"Smiling Mask"},{"floor":26,"key":"Art of War"},{"floor":26,"key":"Potion Belt"},{"floor":30,"key":"Red Mask"},{"floor":42,"key":"Lantern"},{"floor":43,"key":"Singing Bowl"},{"floor":43,"key":"Meat on the Bone"},{"floor":45,"key":"Darkstone Periapt"},{"floor":48,"key":"WingedGreaves"}],"event_choices":[{"event_name":"Golden Wing","player_choice":"Card Removal","floor":2,"damage_taken":0},{"event_name":"The Cleric","player_choice":"Card Removal","floor":3,"damage_taken":0},{"event_name":"Dead Adventurer","player_choice":"Searched \u00272\u0027 times","floor":10,"damage_taken":0},{"event_name":"World of Goop","player_choice":"Gather Gold","floor":14,"damage_taken":0},{"event_name":"Forgotten Altar","player_choice":"Shed Blood","floor":21,"damage_taken":0},{"event_name":"Golden Shrine","player_choice":"Pray","floor":25,"damage_taken":0},{"event_name":"Masked Bandits","player_choice":"Fought Bandits","floor":30,"damage_taken":0},{"event_name":"Vampires","player_choice":"Ignored","floor":31,"damage_taken":0},{"event_name":"Winding Halls","player_choice":"Embrace Madness","floor":36,"damage_taken":0},{"event_name":"Golden Shrine","player_choice":"Pray","floor":37,"damage_taken":0},{"event_name":"MindBloom","player_choice":"Fight","floor":48,"damage_taken":0}],"is_beta":false,"boss_relics":[{"not_picked":["Mark of Pain","Tiny House"],"picked":"Sozu"},{"not_picked":["Calling Bell","Pandora\u0027s Box"],"picked":"Busted Crown"}],"items_purged_floors":[19,27,41,47],"is_endless":false,"potions_floor_spawned":[5,10,11,12,18,33,35,42,45,48],"ascension_level":2}