{"path_per_floor":["M","?","T","M","M","R","M","R","T","R","M","?","M","M","R","B",null,"M","?","?","M","M","R"],"character_chosen":"IRONCLAD","items_purchased":[],"gold_per_floor":[12,12,12,23,38,38,50,50,104,104,118,118,137,152,152,255,255,269,269,194,213,227,227],"floor_reached":24,"campfire_rested":0,"playtime":2397,"current_hp_per_floor":[92,92,92,96,96,96,96,96,96,96,96,87,92,86,86,51,96,80,65,65,43,27,27],"items_purged":[],"gold":227,"play_id":"6744bcd3-f326-47e4-8f0c-5826cc5a04b6","is_prod":false,"is_daily":false,"is_ascension_mode":false,"campfire_upgraded":2,"path_taken":["M","?","?","M","M","R","M","R","T","R","M","?","M","?","R","BOSS","M","?","?","M","M","R","M"],"build_version":"2018-02-01-PROD3","purchased_purges":0,"victory":false,"master_deck":["Strike_R","Strike_R","Strike_R","Strike_R","Defend_R+1","Defend_R+1","Defend_R","Defend_R","Bash","Armaments+1","Rampage","Evolve","Fire Breathing","Body Slam","Warcry","Demon Form+1","Impervious","Inflame+1","Dual Wield","Iron Wave"],"max_hp_per_floor":[96,96,96,96,96,96,96,96,96,96,96,96,96,96,96,96,96,96,101,101,101,101,101],"relics":["Burning Blood","Girya","War Paint","Mark of Pain"],"card_choices":[{"not_picked":["Iron Wave","Fire Breathing"],"picked":"Armaments"},{"not_picked":["Reaper","Pommel Strike"],"picked":"Rampage"},{"not_picked":["Heavy Blade","Fire Breathing"],"picked":"Evolve"},{"not_picked":["Body Slam","Flame Barrier"],"picked":"Fire Breathing"},{"not_picked":["Clothesline","Reckless Charge"],"picked":"Body Slam"},{"not_picked":["Perfected Strike","Flame Barrier"],"picked":"Warcry"},{"not_picked":["Anger","Feel No Pain"],"picked":"Demon Form"},{"not_picked":["Fiend Fire","Dark Embrace"],"picked":"Impervious"},{"not_picked":["Thunderclap","Twin Strike"],"picked":"Inflame"},{"not_picked":["Twin Strike","Feel No Pain"],"picked":"Dual Wield"},{"not_picked":["Cleave","Sever Soul"],"picked":"Iron Wave"}],"player_experience":54146,"potions_floor_usage":[],"damage_taken":[{"damage":10.0,"enemies":"Jaw Worm","floor":1.0,"turns":5.0},{"damage":1.0,"enemies":"Cultist","floor":4.0,"turns":4.0},{"damage":2.0,"enemies":"Blue Slaver","floor":5.0,"turns":6.0},{"damage":5.0,"enemies":"Looter","floor":7.0,"turns":4.0},{"damage":5.0,"enemies":"Red Slaver","floor":11.0,"turns":5.0},{"damage":1.0,"enemies":"2 Fungi Beasts","floor":13.0,"turns":3.0},{"damage":12.0,"enemies":"Exordium Thugs","floor":14.0,"turns":5.0},{"damage":41.0,"enemies":"Hexaghost","floor":16.0,"turns":8.0},{"damage":22.0,"enemies":"Spheric Guardian","floor":18.0,"turns":4.0},{"damage":37.0,"enemies":"Chosen","floor":21.0,"turns":5.0},{"damage":22.0,"enemies":"Snake Plant","floor":22.0,"turns":6.0},{"damage":27,"enemies":"Slaver and Parasite","floor":24,"turns":6}],"event_choices":[{"event_name":"The Lab","player_choice":"Got Potions","floor":2.0,"damage_taken":0.0},{"event_name":"Wheel of Change","player_choice":"Damage","floor":12.0,"damage_taken":0.0},{"event_name":"Forgotten Altar","player_choice":"Shed Blood","floor":19.0,"damage_taken":0.0},{"event_name":"Beggar","player_choice":"Gave Gold","floor":20.0,"damage_taken":0.0}],"boss_relics":[],"potions_floor_spawned":[4,5,7,13,16,21],"seed_played":"2315618784803611067","killed_by":"Slaver and Parasite","ascension_level":0,"is_trial":false}