{"gold_per_floor":[117,117,141,27,40,40,78,78,78,114,134,152,152,170,170,289,289,314,314,333,349,168,168],"floor_reached":23,"playtime":1914,"items_purged":["Strike_B","Defend_B"],"score":221,"play_id":"5c9c4708-35bc-480c-8e6e-bd9bf2666cf1","local_time":"20180723221941","is_ascension_mode":true,"campfire_choices":[{"data":"Tempest","floor":6,"key":"SMITH"},{"data":"Zap","floor":8,"key":"SMITH"},{"floor":13,"key":"REST"},{"data":"Dualcast","floor":15,"key":"SMITH"}],"neow_cost":"NONE","seed_source_timestamp":176524155000479,"circlet_count":0,"master_deck":["Strike_B","Strike_B","Defend_B","Defend_B","Defend_B","Zap+1","Dualcast+1","Ball Lightning","Tempest+1","Reprogram","Capacitor","Coolheaded","Leap","Hologram","Buffer","Consume","Blizzard+1","Genetic Algorithm+1","Darkness"],"relics":["Cracked Core","Golden Idol","Centennial Puzzle","Art of War","Boot","DataDisk","Nuclear Battery","Kunai"],"potions_floor_usage":[11,12,23,23],"damage_taken":[{"damage":4,"enemies":"2 Louse","floor":1,"turns":2},{"damage":7,"enemies":"Jaw Worm","floor":5,"turns":2},{"damage":16,"enemies":"Gremlin Nob","floor":7,"turns":3},{"damage":11,"enemies":"Lagavulin","floor":10,"turns":5},{"damage":3,"enemies":"Small Slimes","floor":11,"turns":2},{"damage":8,"enemies":"Exordium Thugs","floor":12,"turns":3},{"damage":0,"enemies":"Red Slaver","floor":14,"turns":3},{"damage":10,"enemies":"Slime Boss","floor":16,"turns":6},{"damage":18,"enemies":"2 Thieves","floor":18,"turns":3},{"damage":3,"enemies":"Chosen","floor":20,"turns":4},{"damage":7,"enemies":"Centurion and Healer","floor":21,"turns":7},{"damage":54,"enemies":"Gremlin Leader","floor":23,"turns":7}],"seed_played":"-8708418009066190145","potions_obtained":[{"floor":7,"key":"Poison Potion"},{"floor":10,"key":"LiquidBronze"},{"floor":14,"key":"Dexterity Potion"},{"floor":16,"key":"Ancient Potion"}],"is_trial":false,"path_per_floor":["M","?","T","$","M","R","E","R","T","E","M","M","R","M","R","B",null,"M","?","M","M","$"],"character_chosen":"DEFECT","items_purchased":["Tempest","Darkness"],"campfire_rested":1,"item_purchase_floors":[4,22],"current_hp_per_floor":[71,53,53,53,46,46,30,30,30,19,16,8,30,30,30,20,75,57,57,54,47,47,0],"gold":168,"neow_bonus":"REMOVE_CARD","is_prod":false,"is_daily":false,"chose_seed":false,"campfire_upgraded":3,"win_rate":0,"timestamp":1532377181,"path_taken":["M","?","?","$","?","R","E","R","T","E","M","M","R","M","R","BOSS","M","?","M","M","$","E"],"build_version":"2018-07-19v2","purchased_purges":2,"victory":false,"max_hp_per_floor":[75,75,75,75,75,75,75,75,75,75,75,75,75,75,75,75,75,75,75,75,75,75,75],"card_choices":[{"not_picked":["Lockon","Beam Cell"],"picked":"Ball Lightning","floor":1},{"not_picked":["Rebound","Lockon"],"picked":"Reprogram","floor":5},{"not_picked":["Hyperbeam","FTL","Barrage"],"picked":"SKIP","floor":7},{"not_picked":["Coolheaded","Stack"],"picked":"Capacitor","floor":10},{"not_picked":["Steam","Sweeping Beam"],"picked":"Coolheaded","floor":11},{"not_picked":["Sweeping Beam","Ball Lightning"],"picked":"Leap","floor":12},{"not_picked":["Beam Cell","Compile Driver"],"picked":"Hologram","floor":14},{"not_picked":["Core Surge","Rainbow"],"picked":"Buffer","floor":16},{"not_picked":["Hologram","BootSequence"],"picked":"Consume","floor":18},{"not_picked":["Go for the Eyes","Beam Cell"],"picked":"Blizzard+1","floor":20},{"not_picked":["Leap","White Noise"],"picked":"Genetic Algorithm+1","floor":21}],"player_experience":203315,"relics_obtained":[{"floor":3,"key":"Centennial Puzzle"},{"floor":7,"key":"Art of War"},{"floor":9,"key":"Boot"},{"floor":10,"key":"DataDisk"}],"event_choices":[{"event_name":"Golden Idol","player_choice":"Take Damage","floor":2,"damage_taken":0},{"event_name":"The Mausoleum","player_choice":"Yes","floor":19,"damage_taken":0}],"is_beta":false,"boss_relics":[{"not_picked":["FrozenCore","Sozu"],"picked":"Nuclear Battery"}],"items_purged_floors":[4,22],"is_endless":false,"potions_floor_spawned":[7,10,14,16],"killed_by":"Gremlin Leader","ascension_level":2}