{"gold_per_floor":[10,10,24,34,109,109,140,140,163,163,198,198,213,213,213,314,314,331,10,25,43,59,90,90,189,189,189,169,14,30,57,57,57],"floor_reached":33,"playtime":2652,"items_purged":["Pain"],"score":352,"play_id":"38e7bee3-9f14-4d4c-a3d8-1e7f657b0f07","local_time":"20190820005019","is_ascension_mode":true,"campfire_choices":[{"data":"Zap","floor":6,"key":"SMITH"},{"data":"Zap","floor":8,"key":"SMITH"},{"data":"Tempest","floor":10,"key":"SMITH"},{"data":"Barrage","floor":12,"key":"SMITH"},{"floor":15,"key":"REST"},{"floor":24,"key":"REST"},{"data":"Electrodynamics","floor":27,"key":"SMITH"},{"floor":32,"key":"REST"}],"neow_cost":"NO_GOLD","seed_source_timestamp":6482665840600,"circlet_count":0,"master_deck":["Strike_B","Strike_B","Defend_B","Defend_B","Defend_B","Defend_B","Zap+1","Dualcast","Streamline","Creative AI","Tempest+1","Undo","Zap+1","Barrage","Reprogram","Barrage+1","Rainbow","Electrodynamics+1","Double Energy+1","Force Field","Hologram+1","Reinforced Body","Conserve Battery","BootSequence+1"],"relics":["Cracked Core","Lantern","Boot","Ice Cream","WarpedTongs","Lizard Tail","Bottled Tornado","The Courier","Toxic Egg 2","Membership Card","Pantograph"],"potions_floor_usage":[7,22,23],"damage_taken":[{"damage":0,"enemies":"Small Slimes","floor":1,"turns":3},{"damage":1,"enemies":"Cultist","floor":3,"turns":3},{"damage":7,"enemies":"Jaw Worm","floor":4,"turns":2},{"damage":18,"enemies":"Gremlin Nob","floor":7,"turns":3},{"damage":17,"enemies":"Lagavulin","floor":11,"turns":5},{"damage":6,"enemies":"Blue Slaver","floor":13,"turns":3},{"damage":32,"enemies":"The Guardian","floor":16,"turns":9},{"damage":13,"enemies":"Spheric Guardian","floor":18,"turns":3},{"damage":0,"enemies":"3 Byrds","floor":20,"turns":1},{"damage":3,"enemies":"Snecko","floor":21,"turns":5},{"damage":20,"enemies":"Sentry and Sphere","floor":22,"turns":4},{"damage":25,"enemies":"Gremlin Leader","floor":23,"turns":5},{"damage":0,"enemies":"Cultist and Chosen","floor":30,"turns":5},{"damage":39,"enemies":"Book of Stabbing","floor":31,"turns":6},{"damage":139,"enemies":"Champ","floor":33,"turns":13}],"seed_played":"6735655411101492933","potions_obtained":[{"floor":4,"key":"Strength Potion"},{"floor":16,"key":"Ancient Potion"},{"floor":20,"key":"PowerPotion"},{"floor":22,"key":"SpeedPotion"},{"floor":28,"key":"FairyPotion"}],"is_trial":false,"path_per_floor":["M","?","M","M","?","R","E","R","T","R","E","R","M","?","R","B",null,"M","$","M","M","M","E","R","?","T","R","?","$","M","E","R","B"],"character_chosen":"DEFECT","items_purchased":["Bottled Tornado","Membership Card"],"campfire_rested":3,"item_purchase_floors":[19,29],"current_hp_per_floor":[75,75,74,67,56,56,38,38,38,38,21,21,15,15,37,5,75,62,62,62,59,39,14,36,36,36,36,36,36,36,7,29,0],"gold":57,"neow_bonus":"TRANSFORM_TWO_CARDS","is_prod":false,"is_daily":false,"chose_seed":false,"campfire_upgraded":5,"win_rate":0,"timestamp":1566255019,"path_taken":["M","?","?","M","?","R","E","R","T","R","E","R","M","?","R","BOSS","M","$","M","M","M","E","R","?","T","R","?","$","M","E","R","BOSS"],"build_version":"2019-07-17","purchased_purges":1,"victory":false,"max_hp_per_floor":[75,75,75,75,75,75,75,75,75,75,75,75,75,75,75,75,75,75,75,75,75,75,75,75,75,75,75,75,75,75,75,75,75],"card_choices":[{"not_picked":["Streamline","Chaos"],"picked":"Tempest","floor":1},{"not_picked":["Cold Snap","Heatsinks"],"picked":"Barrage","floor":3},{"not_picked":["Rebound","Streamline"],"picked":"Reprogram","floor":4},{"not_picked":["Steam","Coolheaded","Go for the Eyes"],"picked":"SKIP","floor":7},{"not_picked":["Coolheaded","Undo"],"picked":"Barrage","floor":11},{"not_picked":["Heatsinks","Glacier"],"picked":"Rainbow","floor":13},{"not_picked":["Rainbow","Amplify"],"picked":"Electrodynamics","floor":16},{"not_picked":["Leap+1","Turbo"],"picked":"Double Energy+1","floor":18},{"not_picked":["Aggregate+1","Hologram"],"picked":"Force Field","floor":20},{"not_picked":["Blizzard","Sweeping Beam"],"picked":"Hologram+1","floor":21},{"not_picked":["Sweeping Beam","Doom and Gloom"],"picked":"Reinforced Body","floor":22},{"not_picked":["Storm","Beam Cell"],"picked":"Conserve Battery","floor":23},{"not_picked":["Go for the Eyes","Reprogram+1","Coolheaded+1"],"picked":"SKIP","floor":30},{"not_picked":["Storm","Melter"],"picked":"BootSequence+1","floor":31}],"player_experience":590377,"relics_obtained":[{"floor":7,"key":"Lantern"},{"floor":9,"key":"Boot"},{"floor":11,"key":"Ice Cream"},{"floor":23,"key":"The Courier"},{"floor":26,"key":"Toxic Egg 2"},{"floor":31,"key":"Pantograph"}],"event_choices":[{"damage_healed":0,"gold_gain":0,"player_choice":"2 cards matched","damage_taken":0,"max_hp_gain":0,"max_hp_loss":0,"event_name":"Match and Keep!","floor":2,"gold_loss":0,"cards_obtained":["Undo","Zap"]},{"damage_healed":0,"gold_gain":75,"player_choice":"Gather Gold","damage_taken":11,"max_hp_gain":0,"max_hp_loss":0,"event_name":"World of Goop","floor":5,"gold_loss":0},{"damage_healed":0,"gold_gain":0,"player_choice":"Rummage","damage_taken":0,"relics_obtained":["WarpedTongs"],"max_hp_gain":0,"max_hp_loss":0,"event_name":"Accursed Blacksmith","floor":14,"gold_loss":0,"cards_obtained":["Pain"]},{"damage_healed":0,"gold_gain":99,"player_choice":"Stole From Cult","damage_taken":0,"max_hp_gain":0,"max_hp_loss":0,"event_name":"Nest","floor":25,"gold_loss":0},{"damage_healed":0,"gold_gain":0,"player_choice":"Bought 1 Potion","damage_taken":0,"max_hp_gain":0,"max_hp_loss":0,"event_name":"The Woman in Blue","floor":28,"gold_loss":0}],"is_beta":false,"boss_relics":[{"not_picked":["Runic Dome","Coffee Dripper"],"picked":"Lizard Tail"}],"items_purged_floors":[19],"is_endless":false,"potions_floor_spawned":[4,16,20,22],"killed_by":"Champ","ascension_level":4}