{"gold_per_floor":[117,67,94,94,19,19,19,32,105,5,20,20,32,51,51,147,147,164,89,4,4,17,17,17,33,57,168,2,2,17,36,36,36],"floor_reached":33,"playtime":1443,"items_purged":["Defend_R","Defend_R"],"score":306,"play_id":"7443c2e9-647d-4124-adbd-b509947dd187","local_time":"20190823012644","is_ascension_mode":true,"campfire_choices":[{"data":"Searing Blow","floor":12,"key":"SMITH"},{"data":"Searing Blow+1","floor":15,"key":"SMITH"},{"data":"Metallicize","floor":23,"key":"SMITH"},{"data":"Searing Blow+2","floor":32,"key":"SMITH"}],"neow_cost":"NONE","seed_source_timestamp":6138780429200,"circlet_count":0,"master_deck":["Strike_R","Strike_R","Strike_R","Strike_R","Bash+1","Searing Blow+3","Perfected Strike","Twin Strike","Infernal Blade","Rage","Reaper","Metallicize+1","Shrug It Off","Flex","Clash+1","Flex"],"relics":["Burning Blood","Vajra","Kunai","Velvet Choker","StoneCalendar","MawBank","Anchor"],"potions_floor_usage":[14,25,33],"damage_taken":[{"damage":0,"enemies":"2 Louse","floor":1,"turns":3},{"damage":9,"enemies":"Jaw Worm","floor":8,"turns":3},{"damage":0,"enemies":"Small Slimes","floor":11,"turns":2},{"damage":11,"enemies":"Looter","floor":13,"turns":2},{"damage":10,"enemies":"Lots of Slimes","floor":14,"turns":3},{"damage":9,"enemies":"Slime Boss","floor":16,"turns":10},{"damage":22,"enemies":"Shell Parasite","floor":18,"turns":3},{"damage":2,"enemies":"Spheric Guardian","floor":22,"turns":3},{"damage":21,"enemies":"Centurion and Healer","floor":25,"turns":5},{"damage":35,"enemies":"Snake Plant","floor":30,"turns":3},{"damage":23,"enemies":"Chosen and Byrds","floor":31,"turns":5},{"damage":74,"enemies":"Collector","floor":33,"turns":5}],"seed_played":"1824393218930133108","potions_obtained":[{"floor":8,"key":"SpeedPotion"},{"floor":11,"key":"Ancient Potion"},{"floor":13,"key":"EssenceOfSteel"},{"floor":18,"key":"Strength Potion"},{"floor":30,"key":"GamblersBrew"},{"floor":31,"key":"Weak Potion"}],"is_trial":false,"path_per_floor":["M","?","T","?","$","?","$","M","T","$","M","R","M","M","R","B",null,"M","$","?","$","M","R","$","M","T","?","$","?","M","M","R","B"],"character_chosen":"IRONCLAD","items_purchased":["Metallicize","Anchor","Flex"],"campfire_rested":0,"item_purchase_floors":[19,28,28],"current_hp_per_floor":[78,78,78,78,78,83,83,80,80,80,85,85,80,76,76,73,82,66,66,66,66,70,70,70,65,65,65,65,65,41,34,34,0],"gold":36,"neow_bonus":"UPGRADE_CARD","is_prod":false,"is_daily":false,"chose_seed":false,"campfire_upgraded":4,"win_rate":0,"timestamp":1566516404,"path_taken":["M","?","?","?","$","?","?","M","T","$","M","R","M","M","R","BOSS","M","?","?","?","M","R","?","M","T","?","$","?","?","M","R","BOSS"],"build_version":"2019-07-17","purchased_purges":2,"victory":false,"max_hp_per_floor":[80,80,80,80,80,85,85,85,85,85,85,85,85,85,85,85,85,85,85,85,85,85,85,85,85,85,85,85,85,85,85,85,85],"card_choices":[{"not_picked":["Headbutt","Havoc"],"picked":"Searing Blow","floor":1},{"not_picked":["Warcry","True Grit"],"picked":"Perfected Strike","floor":8},{"not_picked":["Heavy Blade","Warcry"],"picked":"Twin Strike","floor":11},{"not_picked":["Pummel","Iron Wave"],"picked":"Infernal Blade","floor":13},{"not_picked":["Uppercut","Bloodletting"],"picked":"Rage","floor":14},{"not_picked":["Offering","Berserk"],"picked":"Reaper","floor":16},{"not_picked":["Sentinel","True Grit","Sever Soul"],"picked":"SKIP","floor":18},{"not_picked":["Pummel","Thunderclap"],"picked":"Shrug It Off","floor":22},{"not_picked":["Disarm","Heavy Blade","Cleave"],"picked":"SKIP","floor":25},{"not_picked":["Combust","Havoc"],"picked":"Clash+1","floor":30},{"not_picked":["Sword Boomerang+1","Dual Wield"],"picked":"Flex","floor":31}],"player_experience":593029,"relics_obtained":[{"floor":3,"key":"Vajra"},{"floor":9,"key":"Kunai"},{"floor":26,"key":"MawBank"}],"event_choices":[{"cards_removed":["Defend_R"],"damage_healed":0,"gold_gain":0,"player_choice":"Card Removal","damage_taken":0,"max_hp_gain":0,"max_hp_loss":0,"event_name":"The Cleric","floor":2,"gold_loss":50},{"cards_removed":["Defend_R"],"damage_healed":0,"gold_gain":0,"player_choice":"Forget","damage_taken":0,"max_hp_gain":0,"max_hp_loss":0,"event_name":"Living Wall","floor":4,"gold_loss":0},{"damage_healed":0,"gold_gain":0,"player_choice":"Donut","damage_taken":0,"max_hp_gain":5,"max_hp_loss":0,"event_name":"Big Fish","floor":6,"gold_loss":0},{"damage_healed":0,"gold_gain":0,"player_choice":"Obtained Relic","damage_taken":0,"relics_obtained":["StoneCalendar"],"max_hp_gain":0,"max_hp_loss":0,"event_name":"Addict","floor":20,"gold_loss":85},{"damage_healed":0,"gold_gain":99,"player_choice":"Stole From Cult","damage_taken":0,"max_hp_gain":0,"max_hp_loss":0,"event_name":"Nest","floor":27,"gold_loss":0},{"cards_removed":["Strike_R"],"damage_healed":0,"gold_gain":0,"player_choice":"Offered Basic","damage_taken":0,"max_hp_gain":0,"max_hp_loss":0,"event_name":"Bonfire Elementals","floor":29,"gold_loss":0}],"is_beta":false,"boss_relics":[{"not_picked":["Philosopher\u0027s Stone","White Beast Statue"],"picked":"Velvet Choker"}],"items_purged_floors":[5,10],"is_endless":false,"potions_floor_spawned":[8,11,13,18,30,31],"killed_by":"Collector","ascension_level":6}