{"gold_per_floor":[111,186,34,46,46,56,131,406,406,406],"floor_reached":10,"playtime":416,"items_purged":["Defend_R"],"score":70,"play_id":"660d22db-5ddf-4028-bc0d-867c8ec3f87f","local_time":"20190526020210","is_ascension_mode":true,"campfire_choices":[],"neow_cost":"NONE","seed_source_timestamp":47677733327500,"circlet_count":0,"master_deck":["Strike_R","Strike_R","Strike_R","Strike_R","Strike_R","Defend_R","Defend_R","Defend_R","Bash","Burning Pact","Dual Wield","Pommel Strike","Regret"],"relics":["Burning Blood","Mercury Hourglass"],"potions_floor_usage":[4],"damage_taken":[{"damage":0,"enemies":"Small Slimes","floor":1,"turns":3},{"damage":1,"enemies":"Cultist","floor":4,"turns":3},{"damage":3,"enemies":"2 Louse","floor":6,"turns":3},{"damage":30,"enemies":"3 Sentries","floor":10,"turns":6}],"seed_played":"5902968402424705792","potions_obtained":[{"floor":1,"key":"SteroidPotion"},{"floor":4,"key":"FearPotion"}],"is_trial":false,"path_per_floor":["M","?","$","M","$","M","?","?","T","E"],"character_chosen":"IRONCLAD","items_purchased":["Dual Wield"],"campfire_rested":0,"item_purchase_floors":[3],"current_hp_per_floor":[88,80,80,85,85,88,77,77,77,47],"gold":406,"neow_bonus":"TEN_PERCENT_HP_BONUS","is_prod":false,"is_daily":false,"chose_seed":false,"campfire_upgraded":0,"win_rate":0,"timestamp":1558828930,"path_taken":["M","?","?","M","$","M","?","?","T","E"],"build_version":"2019-01-23","purchased_purges":1,"victory":false,"max_hp_per_floor":[88,88,88,88,88,88,88,88,88,88],"card_choices":[{"not_picked":["Flame Barrier","Heavy Blade"],"picked":"Burning Pact","floor":1},{"not_picked":["Headbutt","True Grit","Iron Wave"],"picked":"SKIP","floor":4},{"not_picked":["Whirlwind","Headbutt"],"picked":"Pommel Strike","floor":6}],"player_experience":575980,"relics_obtained":[{"floor":9,"key":"Mercury Hourglass"}],"event_choices":[{"damage_healed":0,"gold_gain":75,"player_choice":"Touch","damage_taken":8,"max_hp_gain":0,"max_hp_loss":0,"event_name":"FaceTrader","floor":2,"gold_loss":0},{"damage_healed":0,"gold_gain":75,"player_choice":"Gather Gold","damage_taken":11,"max_hp_gain":0,"max_hp_loss":0,"event_name":"World of Goop","floor":7,"gold_loss":0},{"damage_healed":0,"gold_gain":275,"player_choice":"Desecrate","damage_taken":0,"max_hp_gain":0,"max_hp_loss":0,"event_name":"Golden Shrine","floor":8,"gold_loss":0,"cards_obtained":["Regret"]}],"is_beta":false,"boss_relics":[],"items_purged_floors":[3],"is_endless":false,"potions_floor_spawned":[1,4],"killed_by":"3 Sentries","ascension_level":5}