{"gold_per_floor":[116,116,66,86,101,128,17,17,17,17,30,41,41,4,4,105,105,120,20,20,34,44,44,74,92,139,151,163,175,203,233,245,257],"floor_reached":33,"playtime":2748,"items_purged":["Defend_B","Defend_B"],"score":345,"play_id":"ffd5d0cc-ec5f-445a-8ea3-a1fa1464848a","local_time":"20190827013640","is_ascension_mode":true,"campfire_choices":[{"data":"Gash","floor":8,"key":"SMITH"},{"data":"Redo","floor":10,"key":"SMITH"},{"data":"Redo","floor":13,"key":"SMITH"},{"data":"Doom and Gloom","floor":15,"key":"SMITH"},{"data":"Redo","floor":23,"key":"SMITH"},{"floor":27,"key":"REST"},{"floor":29,"key":"REST"},{"floor":32,"key":"REST"}],"neow_cost":"NONE","seed_source_timestamp":20951831841200,"circlet_count":0,"master_deck":["Strike_B","Strike_B","Defend_B","Defend_B","Zap","Dualcast","Redo+1","Genetic Algorithm+1","Doom and Gloom+1","Gash+1","Rebound","Undo","Auto Shields","Redo+1","Reprogram","Reboot","Redo+1","Redo+1","Hologram+1","Lockon+1","Self Repair+1","Turbo+1","Buffer"],"relics":["Cracked Core","Thread and Needle","Question Card","Runic Pyramid","Toxic Egg 2","Matryoshka","Juzu Bracelet","MawBank"],"potions_floor_usage":[5,6,22,22,31,33],"damage_taken":[{"damage":7,"enemies":"Jaw Worm","floor":1,"turns":3},{"damage":1,"enemies":"2 Louse","floor":4,"turns":2},{"damage":0,"enemies":"Cultist","floor":5,"turns":3},{"damage":23,"enemies":"3 Sentries","floor":6,"turns":6},{"damage":0,"enemies":"Red Slaver","floor":11,"turns":2},{"damage":3,"enemies":"Large Slime","floor":12,"turns":4},{"damage":14,"enemies":"Slime Boss","floor":16,"turns":8},{"damage":0,"enemies":"Spheric Guardian","floor":18,"turns":3},{"damage":0,"enemies":"Chosen","floor":21,"turns":4},{"damage":20,"enemies":"Snake Plant","floor":22,"turns":3},{"damage":27,"enemies":"Book of Stabbing","floor":24,"turns":6},{"damage":30,"enemies":"Centurion and Healer","floor":25,"turns":6},{"damage":27,"enemies":"Cultist and Chosen","floor":30,"turns":5},{"damage":24,"enemies":"Snake Plant","floor":31,"turns":3},{"damage":37,"enemies":"Collector","floor":33,"turns":6}],"seed_played":"-1999015847415276698","potions_obtained":[{"floor":1,"key":"Swift Potion"},{"floor":5,"key":"LiquidBronze"},{"floor":6,"key":"Ancient Potion"},{"floor":16,"key":"PowerPotion"},{"floor":21,"key":"Regen Potion"},{"floor":22,"key":"Dexterity Potion"},{"floor":31,"key":"Swift Potion"}],"is_trial":false,"path_per_floor":["M","?","?","M","M","E","$","R","T","R","M","M","R","$","R","B",null,"M","$","?","M","M","R","E","M","T","R","?","R","M","M","R","B"],"character_chosen":"DEFECT","items_purchased":["Undo","Reprogram"],"campfire_rested":3,"item_purchase_floors":[7,14],"current_hp_per_floor":[68,68,68,67,67,44,44,44,44,44,44,41,41,41,41,27,75,75,75,75,75,59,59,32,2,2,24,24,46,29,15,37,0],"gold":257,"neow_bonus":"TRANSFORM_CARD","is_prod":false,"is_daily":false,"chose_seed":false,"campfire_upgraded":5,"win_rate":0,"timestamp":1566862600,"path_taken":["M","?","?","M","M","E","?","R","T","R","M","M","R","?","R","BOSS","M","$","?","M","M","R","E","M","T","R","?","R","M","M","R","BOSS"],"build_version":"2019-07-17","purchased_purges":2,"victory":false,"max_hp_per_floor":[75,75,75,75,75,75,75,75,75,75,75,75,75,75,75,75,75,75,75,75,75,75,75,75,75,75,75,75,75,75,75,75,75],"card_choices":[{"not_picked":["Hello World","Melter"],"picked":"Genetic Algorithm","floor":1},{"not_picked":["Steam","Beam Cell"],"picked":"Doom and Gloom","floor":4},{"not_picked":["Go for the Eyes","Stack"],"picked":"Gash","floor":5},{"not_picked":["Rip and Tear","Ball Lightning"],"picked":"Rebound","floor":6},{"not_picked":["Sweeping Beam","Leap","Beam Cell"],"picked":"Auto Shields","floor":11},{"not_picked":["Compile Driver","Streamline","Loop"],"picked":"Redo","floor":12},{"not_picked":["Buffer","Biased Cognition","Fission"],"picked":"Reboot","floor":16},{"not_picked":["Compile Driver","Leap","Glacier+1"],"picked":"Redo","floor":18},{"not_picked":["Genetic Algorithm+1","Loop+1","Streamline+1"],"picked":"Redo+1","floor":21},{"not_picked":["Cold Snap","Barrage","Aggregate+1"],"picked":"Hologram+1","floor":22},{"not_picked":["Amplify+1","Go for the Eyes","Blizzard"],"picked":"Lockon+1","floor":24},{"not_picked":["Coolheaded+1","Beam Cell","Hologram+1"],"picked":"Self Repair+1","floor":25},{"not_picked":["Go for the Eyes+1","FTL","Undo+1"],"picked":"Turbo+1","floor":30},{"not_picked":["Hello World","Go for the Eyes","Sunder+1"],"picked":"Buffer","floor":31}],"player_experience":594472,"relics_obtained":[{"floor":6,"key":"Thread and Needle"},{"floor":9,"key":"Question Card"},{"floor":24,"key":"Matryoshka"},{"floor":26,"key":"Juzu Bracelet"},{"floor":26,"key":"MawBank"}],"event_choices":[{"damage_healed":0,"gold_gain":0,"player_choice":"Grow","damage_taken":0,"max_hp_gain":0,"max_hp_loss":0,"event_name":"Living Wall","floor":2,"gold_loss":0,"cards_upgraded":["Genetic Algorithm"]},{"cards_removed":["Strike_B"],"damage_healed":0,"gold_gain":0,"player_choice":"Card Removal","damage_taken":0,"max_hp_gain":0,"max_hp_loss":0,"event_name":"The Cleric","floor":3,"gold_loss":50},{"damage_healed":0,"gold_gain":0,"player_choice":"Gave Potion","damage_taken":0,"relics_obtained":["Toxic Egg 2"],"max_hp_gain":0,"max_hp_loss":0,"event_name":"WeMeetAgain","floor":20,"gold_loss":0},{"damage_healed":0,"gold_gain":0,"player_choice":"Ignored","damage_taken":0,"max_hp_gain":0,"max_hp_loss":0,"event_name":"Cursed Tome","floor":28,"gold_loss":0}],"is_beta":false,"boss_relics":[{"not_picked":["Runic Dome","Calling Bell"],"picked":"Runic Pyramid"}],"items_purged_floors":[7,19],"is_endless":false,"potions_floor_spawned":[1,5,6,16,21,22,31],"killed_by":"Collector","ascension_level":4}