{"gold_per_floor":[110,110,110,110,120,135,169,169,169,181,193,224,250,278,290,404,416,448,385,415,427,105,105,125,125],"floor_reached":25,"playtime":1355,"items_purged":["Defend_B"],"score":213,"play_id":"c53d4630-d25f-4038-aee4-d0552c79e58f","local_time":"20181223135728","is_ascension_mode":true,"campfire_choices":[{"floor":8,"key":"REST"},{"data":"Gash","floor":11,"key":"SMITH"},{"floor":15,"key":"REST"},{"data":"Electrodynamics","floor":23,"key":"SMITH"}],"neow_cost":"NONE","seed_source_timestamp":0,"circlet_count":0,"master_deck":["Strike_B+1","Defend_B","Defend_B","Defend_B","Zap","Dualcast","Gash+1","BootSequence","Static Discharge","Ball Lightning","Creative AI+1","Force Field","White Noise","Conserve Battery","Hyperbeam","Gash","Consume","Electrodynamics+1","FTL","Finesse","Auto Shields"],"special_seed":0,"relics":["Cracked Core","Singing Bowl","MawBank","Inserter"],"potions_floor_usage":[7,14,16,18,25,25],"damage_taken":[{"damage":1.0,"enemies":"Jaw Worm","floor":1.0,"turns":4.0},{"damage":5,"enemies":"Small Slimes","floor":5,"turns":4},{"damage":1,"enemies":"Cultist","floor":6,"turns":3},{"damage":21,"enemies":"Lagavulin","floor":7,"turns":5},{"damage":11,"enemies":"3 Louse","floor":12,"turns":3},{"damage":8,"enemies":"2 Fungi Beasts","floor":13,"turns":3},{"damage":7,"enemies":"Large Slime","floor":14,"turns":5},{"damage":7,"enemies":"The Guardian","floor":16,"turns":9},{"damage":29,"enemies":"Spheric Guardian","floor":18,"turns":5},{"damage":3,"enemies":"Chosen","floor":20,"turns":4},{"damage":25,"enemies":"Sentry and Sphere","floor":24,"turns":4},{"damage":40,"enemies":"Book of Stabbing","floor":25,"turns":5}],"seed_played":"7865716287855214106","potions_obtained":[{"floor":1,"key":"SkillPotion"},{"floor":7,"key":"Explosive Potion"},{"floor":12,"key":"Dexterity Potion"},{"floor":14,"key":"SteroidPotion"},{"floor":16,"key":"Energy Potion"},{"floor":18,"key":"Regen Potion"},{"floor":24,"key":"Dexterity Potion"}],"is_trial":false,"path_per_floor":["M","M","?","?","?","M","M","E","R","T","?","R","M","M","M","R","B",null,"M","?","M","?","$","R","M","E"],"character_chosen":"DEFECT","items_purchased":["Electrodynamics","FTL","Finesse"],"campfire_rested":2,"item_purchase_floors":[22,22,22],"current_hp_per_floor":[74,67,72,72,67,66,45,69,69,53,53,42,34,27,51,44,80,51,51,48,48,48,48,23,0],"gold":125,"neow_bonus":"THREE_CARDS","is_prod":false,"is_daily":false,"chose_seed":false,"campfire_upgraded":2,"win_rate":0,"timestamp":1545569848,"path_taken":["M","?","?","?","?","M","E","R","T","?","R","M","M","M","R","BOSS","M","?","M","?","$","R","M","E"],"build_version":"2018-12-20","purchased_purges":1,"victory":false,"max_hp_per_floor":[75,75,80,80,80,80,80,80,80,80,80,80,80,80,80,80,80,80,80,80,80,80,80,80,80],"card_choices":[{"not_picked":["Sweeping Beam","Compile Driver"],"picked":"Gash","floor":0.0},{"not_picked":["Streamline","Sweeping Beam"],"picked":"BootSequence","floor":1},{"not_picked":["Compile Driver","Beam Cell"],"picked":"Static Discharge","floor":5},{"not_picked":["Steam","Rip and Tear"],"picked":"Ball Lightning","floor":6},{"not_picked":["Recycle","Darkness"],"picked":"Creative AI","floor":7},{"not_picked":["BootSequence","Chill"],"picked":"Force Field","floor":12},{"not_picked":["Sweeping Beam","Turbo"],"picked":"White Noise","floor":13},{"not_picked":["Defragment","Steam Power"],"picked":"Conserve Battery","floor":14},{"not_picked":["Fission","Seek"],"picked":"Hyperbeam","floor":16},{"not_picked":["Conserve Battery","Turbo"],"picked":"Gash","floor":18},{"not_picked":["Turbo+1","Cold Snap"],"picked":"Consume","floor":20},{"not_picked":["Melter","Loop"],"picked":"Auto Shields","floor":24}],"player_experience":446996,"relics_obtained":[{"floor":7,"key":"Singing Bowl"},{"floor":9,"key":"MawBank"}],"event_choices":[{"cards_removed":["Strike_B"],"damage_healed":0,"gold_gain":0,"player_choice":"Card Removal","damage_taken":7,"max_hp_gain":0,"max_hp_loss":0,"event_name":"Golden Wing","floor":2,"gold_loss":0},{"damage_healed":0,"gold_gain":0,"player_choice":"Donut","damage_taken":0,"max_hp_gain":5,"max_hp_loss":0,"event_name":"Big Fish","floor":3,"gold_loss":0},{"cards_removed":["Strike_B"],"damage_healed":0,"gold_gain":0,"player_choice":"Purged","damage_taken":0,"max_hp_gain":0,"max_hp_loss":0,"event_name":"Purifier","floor":4,"gold_loss":0},{"damage_healed":0,"gold_gain":0,"player_choice":"Entered Light","damage_taken":16,"max_hp_gain":0,"max_hp_loss":0,"event_name":"Shining Light","floor":10,"gold_loss":0,"cards_upgraded":["Creative AI","Strike_B"]},{"cards_removed":["Strike_B"],"damage_healed":0,"gold_gain":0,"player_choice":"Gave Gold","damage_taken":0,"max_hp_gain":0,"max_hp_loss":0,"event_name":"Beggar","floor":19,"gold_loss":75},{"damage_healed":0,"gold_gain":0,"player_choice":"Ignored","damage_taken":0,"max_hp_gain":0,"max_hp_loss":0,"event_name":"Vampires","floor":21,"gold_loss":0}],"is_beta":false,"boss_relics":[{"not_picked":["Snecko Eye","Lizard Tail"],"picked":"Inserter"}],"items_purged_floors":[22],"is_endless":false,"potions_floor_spawned":[1,7,12,14,16,18,24],"killed_by":"Book of Stabbing","ascension_level":1}