{"path_per_floor":["M","M","M","M","?","R","E","M","T","E","M","R","M","M","R","B",null,"M","?","$","?","?","R","M","M","T"],"character_chosen":"DEFECT","items_purchased":["Enlightenment","Gash"],"gold_per_floor":[11,26,38,52,52,52,82,99,99,126,136,136,152,165,165,264,264,274,274,25,25,25,25,37,48,72,72],"floor_reached":27,"campfire_rested":1,"playtime":2088,"item_purchase_floors":[20,20],"current_hp_per_floor":[75,74,66,56,56,56,49,45,45,20,17,17,17,17,39,17,75,75,61,61,61,61,61,45,34,41,0],"items_purged":["Defend_B"],"gold":72,"score":227,"play_id":"90d3d197-b537-4779-aff0-932cd1e7453e","local_time":"20180603160210","is_prod":false,"is_daily":false,"chose_seed":false,"is_ascension_mode":false,"campfire_upgraded":3,"win_rate":0.0,"timestamp":1528034530,"campfire_choices":[{"data":"Electrodynamics","floor":6,"key":"SMITH"},{"data":"Genetic Algorithm","floor":12,"key":"SMITH"},{"floor":15,"key":"REST"},{"data":"Thunder Strike","floor":23,"key":"SMITH"}],"path_taken":["M","?","M","M","?","R","E","M","T","E","M","R","?","M","R","BOSS","M","?","$","?","?","R","M","M","T","M"],"build_version":"2018-05-31","seed_source_timestamp":20699286146080,"purchased_purges":1,"victory":false,"master_deck":["Strike_B","Strike_B","Strike_B","Strike_B","Defend_B","Defend_B","Zap","Dualcast","Electrodynamics+1","Stack","Compile Driver","Cold Snap","Leap","Aggregate","BootSequence","Blizzard","Loop","Genetic Algorithm+1","Gash","Self Repair","Thunder Strike+1","Gash","Enlightenment","Gash","Glacier","White Noise+1"],"max_hp_per_floor":[75,75,75,75,75,75,75,75,75,75,75,75,75,75,75,75,75,75,80,80,80,80,80,80,80,87,87],"relics":["Cracked Core","Ancient Tea Set","The Courier","Mummified Hand","Philosopher\u0027s Stone","Strawberry"],"card_choices":[{"not_picked":["Multi-Cast","Seek"],"picked":"Electrodynamics","floor":0},{"not_picked":["Compile Driver","Beam Cell"],"picked":"Stack","floor":1},{"not_picked":["Conserve Battery","Steam"],"picked":"Compile Driver","floor":2},{"not_picked":["Stack","Skim"],"picked":"Cold Snap","floor":3},{"not_picked":["Steam","Darkness"],"picked":"Leap","floor":4},{"not_picked":["Reboot","Barrage"],"picked":"BootSequence","floor":7},{"not_picked":["Barrage","Streamline"],"picked":"Blizzard","floor":8},{"not_picked":["Conserve Battery","Hologram"],"picked":"Loop","floor":10},{"not_picked":["Compile Driver","Sweeping Beam"],"picked":"Genetic Algorithm","floor":11},{"not_picked":["Skim","Multi-Cast"],"picked":"Gash","floor":13},{"not_picked":["Coolheaded","Tempest"],"picked":"Self Repair","floor":14},{"not_picked":["Reboot","Machine Learning"],"picked":"Thunder Strike","floor":16},{"not_picked":["BootSequence+1","Coolheaded"],"picked":"Gash","floor":18},{"not_picked":["Redo","Go for the Eyes"],"picked":"Glacier","floor":24},{"not_picked":["Sweeping Beam","Cold Snap+1"],"picked":"White Noise+1","floor":25}],"player_experience":84505,"potions_floor_usage":[10,13,16,24,25,27,27],"damage_taken":[{"damage":0,"enemies":"Cultist","floor":1,"turns":4},{"damage":1,"enemies":"2 Louse","floor":2,"turns":2},{"damage":8,"enemies":"Jaw Worm","floor":3,"turns":3},{"damage":10,"enemies":"Gremlin Gang","floor":4,"turns":2},{"damage":7,"enemies":"3 Sentries","floor":7,"turns":3},{"damage":4,"enemies":"Large Slime","floor":8,"turns":4},{"damage":25,"enemies":"Gremlin Nob","floor":10,"turns":4},{"damage":3,"enemies":"2 Fungi Beasts","floor":11,"turns":3},{"damage":0,"enemies":"Blue Slaver","floor":13,"turns":2},{"damage":0,"enemies":"3 Louse","floor":14,"turns":1},{"damage":29,"enemies":"Slime Boss","floor":16,"turns":8},{"damage":6,"enemies":"Spheric Guardian","floor":18,"turns":3},{"damage":23,"enemies":"Chosen","floor":24,"turns":4},{"damage":18,"enemies":"Sentry and Sphere","floor":25,"turns":4},{"damage":42,"enemies":"Slaver and Parasite","floor":27,"turns":3}],"relics_obtained":[{"floor":7,"key":"Ancient Tea Set"},{"floor":9,"key":"The Courier"},{"floor":10,"key":"Mummified Hand"},{"floor":26,"key":"Strawberry"}],"event_choices":[{"event_name":"Transmorgrifier","player_choice":"Transform","floor":5,"damage_taken":0},{"event_name":"Forgotten Altar","player_choice":"Shed Blood","floor":19,"damage_taken":0},{"event_name":"Addict","player_choice":"Ignored","floor":21,"damage_taken":0},{"event_name":"Ghosts","player_choice":"Ignored","floor":22,"damage_taken":0}],"boss_relics":[{"not_picked":["Runic Pyramid","Velvet Choker"],"picked":"Philosopher\u0027s Stone"}],"items_purged_floors":[20],"potions_floor_spawned":[7,8,11,13,16,18,24],"seed_played":"3461613008523414418","killed_by":"Slaver and Parasite","ascension_level":0,"potions_obtained":[{"floor":7,"key":"AttackPotion"},{"floor":8,"key":"LiquidBronze"},{"floor":11,"key":"Poison Potion"},{"floor":13,"key":"Poison Potion"},{"floor":16,"key":"Swift Potion"},{"floor":18,"key":"Ancient Potion"},{"floor":24,"key":"PowerPotion"}],"is_trial":false}