{"gold_per_floor":[111,111,111,111,61,96,96,111,135,8,28,39,49,68,68,167,167,182,97,110,121,134,134,167,47,47,47,47,62,62,94,94,94],"floor_reached":33,"playtime":2444,"items_purged":["Strike_G"],"score":330,"play_id":"72b1bf0b-c567-45c1-9404-3062fd2aa9f6","local_time":"20181123013311","is_ascension_mode":true,"campfire_choices":[{"data":"Neutralize","floor":7,"key":"SMITH"},{"floor":15,"key":"REST"},{"floor":23,"key":"REST"},{"floor":27,"key":"REST"},{"floor":30,"key":"REST"},{"floor":32,"key":"REST"}],"neow_cost":"NONE","seed_source_timestamp":5540467672631,"circlet_count":0,"master_deck":["Defend_G","Defend_G","Defend_G","Defend_G","Defend_G","Strike_G","Strike_G","Survivor","Neutralize+1","Crippling Poison+1","Terror","Poisoned Stab","Cloak And Dagger","PiercingWail","Poisoned Stab","Poisoned Stab","Bane","Malaise","Eviscerate","Infinite Blades","Bane","Skewer+1","Cloak And Dagger","Catalyst","Deadly Poison","Crippling Poison+1","Noxious Fumes"],"relics":["Ring of the Snake","StoneCalendar","Art of War","Sozu","Gambling Chip","Bottled Flame","Calipers","Pocketwatch"],"potions_floor_usage":[6,14,20],"damage_taken":[{"damage":9,"enemies":"Jaw Worm","floor":1,"turns":6},{"damage":38,"enemies":"Gremlin Nob","floor":6,"turns":6},{"damage":0,"enemies":"2 Louse","floor":8,"turns":2},{"damage":0,"enemies":"Small Slimes","floor":11,"turns":3},{"damage":0,"enemies":"3 Louse","floor":12,"turns":2},{"damage":3,"enemies":"Blue Slaver","floor":13,"turns":4},{"damage":7,"enemies":"Exordium Thugs","floor":14,"turns":5},{"damage":16,"enemies":"Hexaghost","floor":16,"turns":7},{"damage":11,"enemies":"3 Byrds","floor":18,"turns":5},{"damage":11,"enemies":"2 Thieves","floor":20,"turns":3},{"damage":20,"enemies":"3 Cultists","floor":21,"turns":5},{"damage":11,"enemies":"Snecko","floor":22,"turns":5},{"damage":44,"enemies":"Slavers","floor":24,"turns":7},{"damage":22,"enemies":"Centurion and Healer","floor":29,"turns":4},{"damage":22,"enemies":"Book of Stabbing","floor":31,"turns":4},{"damage":35,"enemies":"Collector","floor":33,"turns":3}],"seed_played":"-8918401946765436820","potions_obtained":[{"floor":1,"key":"Fruit Juice"},{"floor":13,"key":"Fire Potion"},{"floor":14,"key":"Fire Potion"}],"is_trial":false,"path_per_floor":["M","?","?","?","?","E","R","M","T","$","M","M","M","M","R","B",null,"M","?","M","M","M","R","E","$","T","R","$","M","R","E","R","B"],"character_chosen":"THE_SILENT","items_purchased":["Cloak And Dagger","Catalyst","Deadly Poison"],"campfire_rested":5,"item_purchase_floors":[10,25,25],"current_hp_per_floor":[61,61,66,66,66,33,33,33,33,33,33,33,30,23,47,31,80,69,69,58,38,27,51,7,7,7,31,31,9,33,11,35,0],"gold":94,"neow_bonus":"REMOVE_CARD","is_prod":false,"is_daily":false,"chose_seed":false,"campfire_upgraded":1,"win_rate":0,"timestamp":1542933191,"path_taken":["M","?","?","?","?","E","R","M","T","$","M","M","M","?","R","BOSS","M","?","M","M","M","R","E","$","T","R","$","M","R","E","R","BOSS"],"build_version":"2018-11-15","purchased_purges":1,"victory":false,"max_hp_per_floor":[70,70,75,75,75,80,80,80,80,80,80,80,80,80,80,80,80,80,80,80,80,80,80,80,80,80,80,80,80,80,80,80,80],"card_choices":[{"not_picked":["Predator","Blade Dance"],"picked":"Crippling Poison","floor":1},{"not_picked":["Backstab","Prepared"],"picked":"Terror","floor":6},{"not_picked":["Prepared","Masterful Stab"],"picked":"Poisoned Stab","floor":8},{"not_picked":["Flying Knee","Deflect"],"picked":"PiercingWail","floor":11},{"not_picked":["PiercingWail","Flechettes"],"picked":"Poisoned Stab","floor":12},{"not_picked":["Slice","Dodge and Roll"],"picked":"Poisoned Stab","floor":13},{"not_picked":["Flying Knee","Backstab"],"picked":"Bane","floor":14},{"not_picked":["Die Die Die","Doppelganger"],"picked":"Malaise","floor":16},{"not_picked":["PiercingWail+1","Dagger Spray"],"picked":"Eviscerate","floor":18},{"not_picked":["Outmaneuver","Backflip"],"picked":"Infinite Blades","floor":20},{"not_picked":["Flechettes+1","Dagger Throw"],"picked":"Bane","floor":21},{"not_picked":["Dodge and Roll","All Out Attack"],"picked":"Skewer+1","floor":22},{"not_picked":["Dodge and Roll","Poisoned Stab"],"picked":"Cloak And Dagger","floor":24},{"not_picked":["Masterful Stab","Backflip+1"],"picked":"Crippling Poison+1","floor":29},{"not_picked":["Flechettes","Terror"],"picked":"Noxious Fumes","floor":31}],"player_experience":402297,"relics_obtained":[{"floor":6,"key":"StoneCalendar"},{"floor":9,"key":"Art of War"},{"floor":24,"key":"Bottled Flame"},{"floor":26,"key":"Calipers"},{"floor":31,"key":"Pocketwatch"}],"event_choices":[{"damage_healed":0,"gold_gain":0,"player_choice":"Grow","damage_taken":0,"max_hp_gain":0,"max_hp_loss":0,"event_name":"Living Wall","floor":2,"gold_loss":0,"cards_upgraded":["Crippling Poison"]},{"damage_healed":0,"gold_gain":0,"player_choice":"Donut","damage_taken":0,"max_hp_gain":5,"max_hp_loss":0,"event_name":"Big Fish","floor":3,"gold_loss":0},{"damage_healed":0,"gold_gain":0,"player_choice":"Ignored","damage_taken":0,"max_hp_gain":0,"max_hp_loss":0,"event_name":"Liars Game","floor":4,"gold_loss":0},{"cards_removed":["Strike_G"],"damage_healed":0,"gold_gain":0,"player_choice":"Card Removal","damage_taken":0,"max_hp_gain":0,"max_hp_loss":0,"event_name":"The Cleric","floor":5,"gold_loss":50},{"damage_healed":0,"gold_gain":0,"player_choice":"Obtained Relic","damage_taken":0,"relics_obtained":["Gambling Chip"],"max_hp_gain":0,"max_hp_loss":0,"event_name":"Addict","floor":19,"gold_loss":85}],"is_beta":false,"boss_relics":[{"not_picked":["Velvet Choker","Coffee Dripper"],"picked":"Sozu"}],"items_purged_floors":[10],"is_endless":false,"potions_floor_spawned":[1,13,14,21,22,24,31],"killed_by":"Collector","ascension_level":3}