{"gold_per_floor":[115,40,40,40,40,68,83,83,157,57,69,69,99,116,116,215,215,234,234,234,249,52,81,81,98,98,112,123,43,43],"floor_reached":30,"playtime":1835,"items_purged":["Strike_B","Strike_B"],"score":309,"play_id":"59527212-abfe-44f7-a99e-eaf0e3e32f0e","local_time":"20180722153437","is_ascension_mode":true,"campfire_choices":[{"data":"Genetic Algorithm","floor":8,"key":"SMITH"},{"data":"Zap","floor":12,"key":"SMITH"},{"data":"Loop","floor":15,"key":"SMITH"},{"floor":24,"key":"REST"}],"neow_cost":"NONE","seed_source_timestamp":65897263037134,"circlet_count":0,"master_deck":["Strike_B","Strike_B","Defend_B","Defend_B","Defend_B","Zap+1","Dualcast","Gash","Zap","Amplify","Genetic Algorithm+1","Sweeping Beam","Loop+1","Hello World","Thunder Strike","Doom and Gloom","Double Energy","Genetic Algorithm+1","Capacitor","Aggregate+1","Skim","Redo","Storm"],"relics":["Cracked Core","Happy Flower","Bottled Lightning","Mummified Hand","Lizard Tail","DollysMirror","Darkstone Periapt","Ancient Tea Set"],"potions_floor_usage":[13,16,18,23,25,30],"damage_taken":[{"damage":2,"enemies":"Jaw Worm","floor":1,"turns":4},{"damage":28,"enemies":"3 Sentries","floor":6,"turns":8},{"damage":13,"enemies":"2 Louse","floor":7,"turns":3},{"damage":0,"enemies":"Small Slimes","floor":11,"turns":3},{"damage":17,"enemies":"Lagavulin","floor":13,"turns":6},{"damage":7,"enemies":"Looter","floor":14,"turns":3},{"damage":7,"enemies":"Hexaghost","floor":16,"turns":9},{"damage":7,"enemies":"Spheric Guardian","floor":18,"turns":4},{"damage":13,"enemies":"Chosen","floor":21,"turns":5},{"damage":27,"enemies":"Gremlin Leader","floor":23,"turns":7},{"damage":54,"enemies":"Snecko","floor":25,"turns":6},{"damage":14,"enemies":"Centurion and Healer","floor":27,"turns":6},{"damage":18,"enemies":"3 Cultists","floor":28,"turns":5},{"damage":14,"enemies":"Slaver and Parasite","floor":30,"turns":2}],"seed_played":"2007694532113867638","potions_obtained":[{"floor":7,"key":"SkillPotion"},{"floor":11,"key":"Ancient Potion"},{"floor":16,"key":"Block Potion"},{"floor":18,"key":"Explosive Potion"},{"floor":21,"key":"SneckoOil"},{"floor":28,"key":"Explosive Potion"}],"is_trial":false,"path_per_floor":["M","$","?","?","?","E","M","R","T","$","M","R","E","M","R","B",null,"M","?","?","M","$","E","R","M","T","M","M","$"],"character_chosen":"DEFECT","items_purchased":["DollysMirror","Storm"],"campfire_rested":1,"item_purchase_floors":[22,29],"current_hp_per_floor":[80,80,85,85,85,57,44,44,44,44,44,44,27,20,20,13,87,80,63,63,50,50,23,50,46,46,32,14,14,0],"gold":43,"neow_bonus":"TEN_PERCENT_HP_BONUS","is_prod":false,"is_daily":false,"chose_seed":false,"campfire_upgraded":3,"win_rate":0,"timestamp":1532266477,"path_taken":["M","$","?","?","?","E","M","R","T","$","M","R","E","M","R","BOSS","M","?","?","M","?","E","R","M","T","M","M","$","?"],"build_version":"2018-07-19v2","purchased_purges":2,"victory":false,"max_hp_per_floor":[82,82,87,87,87,87,87,87,87,87,87,87,87,87,87,87,87,87,92,92,92,92,92,92,92,92,92,92,92,92],"card_choices":[{"not_picked":["Scrape","Stack"],"picked":"Gash","floor":1},{"not_picked":["All For One","Compile Driver"],"picked":"Genetic Algorithm","floor":6},{"not_picked":["Compile Driver","Ball Lightning"],"picked":"Sweeping Beam","floor":7},{"not_picked":["Stack","Ball Lightning"],"picked":"Loop","floor":11},{"not_picked":["Stack","Sweeping Beam"],"picked":"Hello World","floor":13},{"not_picked":["Rebound","Stack","Beam Cell"],"picked":"SKIP","floor":14},{"not_picked":["Biased Cognition","Hyperbeam"],"picked":"Thunder Strike","floor":16},{"not_picked":["Steam","Stack"],"picked":"Doom and Gloom","floor":18},{"not_picked":["Leap+1","Cold Snap"],"picked":"Double Energy","floor":21},{"not_picked":["FTL+1","Barrage"],"picked":"Capacitor","floor":23},{"not_picked":["Conserve Battery","Compile Driver"],"picked":"Aggregate+1","floor":25},{"not_picked":["Conserve Battery","Streamline"],"picked":"Skim","floor":27},{"not_picked":["Gash","Compile Driver"],"picked":"Redo","floor":28}],"player_experience":200180,"relics_obtained":[{"floor":6,"key":"Happy Flower"},{"floor":9,"key":"Bottled Lightning"},{"floor":13,"key":"Mummified Hand"},{"floor":23,"key":"Darkstone Periapt"},{"floor":26,"key":"Ancient Tea Set"}],"event_choices":[{"event_name":"Big Fish","player_choice":"Donut","floor":3,"damage_taken":0},{"event_name":"Liars Game","player_choice":"disagreed","floor":4,"damage_taken":0},{"event_name":"Match and Keep!","player_choice":"2 cards matched","floor":5,"damage_taken":0},{"event_name":"Forgotten Altar","player_choice":"Shed Blood","floor":19,"damage_taken":0},{"event_name":"Back to Basics","player_choice":"Elegance","floor":20,"damage_taken":0}],"is_beta":false,"boss_relics":[{"not_picked":["Fusion Hammer","Snecko Eye"],"picked":"Lizard Tail"}],"items_purged_floors":[2,10],"is_endless":false,"potions_floor_spawned":[7,11,16,18,21,28],"killed_by":"Slaver and Parasite","ascension_level":2}