{"gold_per_floor":[110,34,34,45,64,64,92,92,115,131,306,306,338,356,356,459,459,470,470,470,489,500,500,500],"floor_reached":24,"playtime":1155,"items_purged":[],"score":262,"play_id":"21ac207c-c531-48d8-8fe8-608092d05deb","local_time":"20181115015056","is_ascension_mode":true,"campfire_choices":[{"data":"Deadly Poison","floor":6,"key":"SMITH"},{"floor":12,"key":"REST"},{"floor":15,"key":"REST"},{"floor":23,"key":"REST"}],"neow_cost":"NONE","seed_source_timestamp":26701302985564,"circlet_count":0,"master_deck":["Defend_G","Defend_G","Defend_G","Defend_G","Defend_G","Survivor+1","Neutralize+1","Outmaneuver","Deadly Poison+1","Blade Dance","Outmaneuver","Distraction","Accuracy","Poisoned Stab","Doubt","Blade Dance","Adrenaline","Grand Finale","Slice","Bite","Bite","Bite","Bite","Bite","PiercingWail","Bouncing Flask"],"relics":["Ring of the Snake","Centennial Puzzle","Bag of Preparation","Bronze Scales","WristBlade","SsserpentHead"],"potions_floor_usage":[7,7,13,14,16,18,22],"damage_taken":[{"damage":6,"enemies":"Jaw Worm","floor":1,"turns":4},{"damage":1,"enemies":"Cultist","floor":4,"turns":4},{"damage":2,"enemies":"Small Slimes","floor":5,"turns":3},{"damage":34,"enemies":"Gremlin Nob","floor":7,"turns":4},{"damage":11,"enemies":"Looter","floor":10,"turns":3},{"damage":30,"enemies":"Lagavulin","floor":13,"turns":6},{"damage":0,"enemies":"3 Louse","floor":14,"turns":3},{"damage":15,"enemies":"Hexaghost","floor":16,"turns":8},{"damage":2,"enemies":"Spheric Guardian","floor":18,"turns":4},{"damage":1,"enemies":"3 Byrds","floor":21,"turns":3},{"damage":57,"enemies":"Sentry and Sphere","floor":22,"turns":6},{"damage":38,"enemies":"Book of Stabbing","floor":24,"turns":3}],"seed_played":"-217525193558746375","potions_obtained":[{"floor":1,"key":"Explosive Potion"},{"floor":3,"key":"Dexterity Potion"},{"floor":3,"key":"AttackPotion"},{"floor":7,"key":"SkillPotion"},{"floor":14,"key":"Weak Potion"},{"floor":16,"key":"PowerPotion"},{"floor":21,"key":"Explosive Potion"}],"is_trial":false,"path_per_floor":["M","$","?","M","M","R","E","?","T","M","?","R","E","M","R","B",null,"M","?","?","M","M","R","E"],"character_chosen":"THE_SILENT","items_purchased":["Deadly Poison","Blade Dance"],"campfire_rested":3,"item_purchase_floors":[2,2],"current_hp_per_floor":[71,71,71,70,68,68,34,19,19,8,8,31,1,1,24,9,77,75,53,53,53,4,19,0],"gold":500,"neow_bonus":"TEN_PERCENT_HP_BONUS","is_prod":false,"is_daily":false,"chose_seed":false,"campfire_upgraded":1,"win_rate":0,"timestamp":1542243056,"path_taken":["M","$","?","?","M","R","E","?","T","M","?","R","E","M","R","BOSS","M","?","?","M","M","R","E"],"build_version":"2018-11-08","purchased_purges":0,"victory":false,"max_hp_per_floor":[77,77,77,77,77,77,77,77,77,77,77,77,77,77,77,77,77,77,53,53,53,53,53,53],"card_choices":[{"not_picked":["PiercingWail","Backflip"],"picked":"Outmaneuver","floor":1},{"not_picked":["Dodge and Roll","Slice"],"picked":"Outmaneuver","floor":4},{"not_picked":["Dodge and Roll","Concentrate"],"picked":"Distraction","floor":5},{"not_picked":["Heel Hook","Flechettes"],"picked":"Accuracy","floor":7},{"not_picked":["Eviscerate","PiercingWail"],"picked":"Poisoned Stab","floor":10},{"not_picked":["Slice","Setup"],"picked":"Blade Dance","floor":13},{"not_picked":["Backflip","Deflect"],"picked":"Adrenaline","floor":14},{"not_picked":["Venomology","Bullet Time"],"picked":"Grand Finale","floor":16},{"not_picked":["Flechettes+1","Riddle With Holes"],"picked":"Slice","floor":18},{"not_picked":["Well Laid Plans","Setup+1"],"picked":"PiercingWail","floor":21},{"not_picked":["Deflect","Expertise+1"],"picked":"Bouncing Flask","floor":22}],"player_experience":390159,"relics_obtained":[{"floor":7,"key":"Centennial Puzzle"},{"floor":9,"key":"Bag of Preparation"},{"floor":13,"key":"Bronze Scales"}],"event_choices":[{"damage_healed":0,"gold_gain":0,"player_choice":"Got Potions","damage_taken":0,"max_hp_gain":0,"max_hp_loss":0,"event_name":"Lab","floor":3,"gold_loss":0},{"damage_healed":0,"gold_gain":0,"player_choice":"Entered Light","damage_taken":15,"max_hp_gain":0,"max_hp_loss":0,"event_name":"Shining Light","floor":8,"gold_loss":0,"cards_upgraded":["Survivor","Neutralize"]},{"damage_healed":0,"gold_gain":175,"player_choice":"AGREE","damage_taken":0,"max_hp_gain":0,"max_hp_loss":0,"event_name":"Liars Game","floor":11,"gold_loss":0,"cards_obtained":["Doubt"]},{"damage_healed":0,"gold_gain":0,"player_choice":"Became a vampire","damage_taken":0,"max_hp_gain":0,"max_hp_loss":24,"event_name":"Vampires","floor":19,"gold_loss":0,"cards_obtained":["Bite","Bite","Bite","Bite","Bite"]},{"damage_healed":0,"gold_gain":0,"player_choice":"Trade","damage_taken":0,"relics_obtained":["SsserpentHead"],"max_hp_gain":0,"max_hp_loss":0,"event_name":"FaceTrader","floor":20,"gold_loss":0}],"is_beta":false,"boss_relics":[{"not_picked":["Ectoplasm","Coffee Dripper"],"picked":"WristBlade"}],"items_purged_floors":[],"is_endless":false,"potions_floor_spawned":[1,7,14,16,21],"killed_by":"Book of Stabbing","ascension_level":3}