{"gold_per_floor":[20,95,109,34,34,34,8,8,8,8,21,54,54,68,68,68],"floor_reached":16,"playtime":882,"items_purged":[],"score":132,"play_id":"205adef6-d830-4fe4-b916-6c29585c2d5a","local_time":"20190525005045","is_ascension_mode":true,"campfire_choices":[{"data":"Underhanded Strike","floor":6,"key":"SMITH"},{"data":"Dagger Throw","floor":8,"key":"SMITH"},{"data":"Neutralize","floor":10,"key":"SMITH"},{"floor":13,"key":"REST"},{"floor":15,"key":"REST"}],"neow_cost":"NO_GOLD","seed_source_timestamp":2530544179100,"circlet_count":0,"master_deck":["Defend_G","Defend_G","Defend_G","Defend_G","Defend_G","Strike_G","Strike_G","Strike_G","Survivor","Neutralize+1","Underhanded Strike+1","Expertise","Distraction+1","Dagger Throw+1","Outmaneuver","Tactician","Outmaneuver"],"relics":["Ring of the Snake","Question Card","Bag of Preparation"],"potions_floor_usage":[12,14,16],"damage_taken":[{"damage":1,"enemies":"2 Louse","floor":1,"turns":3},{"damage":2,"enemies":"Cultist","floor":3,"turns":5},{"damage":4,"enemies":"Jaw Worm","floor":11,"turns":4},{"damage":30,"enemies":"Lagavulin","floor":12,"turns":8},{"damage":15,"enemies":"Large Slime","floor":14,"turns":8},{"damage":46,"enemies":"Slime Boss","floor":16,"turns":8}],"seed_played":"6990948000534597981","potions_obtained":[{"floor":1,"key":"Block Potion"},{"floor":12,"key":"SteroidPotion"},{"floor":14,"key":"Block Potion"}],"is_trial":false,"path_per_floor":["M","?","M","$","?","R","$","R","T","R","M","E","R","M","R","B"],"character_chosen":"THE_SILENT","items_purchased":["Distraction","Dagger Throw"],"campfire_rested":2,"item_purchase_floors":[4,7],"current_hp_per_floor":[62,55,53,53,53,53,53,53,53,53,49,19,40,25,46,0],"gold":68,"neow_bonus":"REMOVE_TWO","is_prod":false,"is_daily":false,"chose_seed":false,"campfire_upgraded":3,"win_rate":0,"timestamp":1558738245,"path_taken":["M","?","?","?","?","R","$","R","T","R","M","E","R","M","R","BOSS"],"build_version":"2019-01-23","purchased_purges":0,"victory":false,"max_hp_per_floor":[70,70,70,70,70,70,70,70,70,70,70,70,70,70,70,70],"card_choices":[{"not_picked":["Well Laid Plans","Acrobatics"],"picked":"Underhanded Strike","floor":1},{"not_picked":["Backflip","Acrobatics"],"picked":"Expertise","floor":3},{"not_picked":["Backflip","Dodge and Roll","Choke"],"picked":"Outmaneuver","floor":11},{"not_picked":["Accuracy","Infinite Blades","Backflip"],"picked":"Tactician","floor":12},{"not_picked":["Dodge and Roll","PiercingWail","Bane"],"picked":"Outmaneuver","floor":14}],"player_experience":570324,"relics_obtained":[{"floor":9,"key":"Question Card"},{"floor":12,"key":"Bag of Preparation"}],"event_choices":[{"damage_healed":0,"gold_gain":75,"player_choice":"Touch","damage_taken":7,"max_hp_gain":0,"max_hp_loss":0,"event_name":"FaceTrader","floor":2,"gold_loss":0},{"damage_healed":0,"gold_gain":0,"player_choice":"Forge","damage_taken":0,"max_hp_gain":0,"max_hp_loss":0,"event_name":"Accursed Blacksmith","floor":5,"gold_loss":0,"cards_upgraded":["Distraction"]}],"is_beta":false,"boss_relics":[],"items_purged_floors":[],"is_endless":false,"potions_floor_spawned":[1,12,14],"killed_by":"Slime Boss","ascension_level":7}