{"gold_per_floor":[10,10,23,41,41,41,4,4,28,28,28,48,48,61,61,185,185,208,208,58,79,158,158,199,214,262,278,228,252,287,311,311,311],"floor_reached":33,"playtime":1818,"items_purged":["Strike_B"],"score":360,"play_id":"115efeb2-1a80-44f3-8aed-7c482cdbc08b","local_time":"20180723225019","is_ascension_mode":true,"campfire_choices":[{"data":"Zap","floor":6,"key":"SMITH"},{"data":"Defragment","floor":8,"key":"SMITH"},{"data":"Double Energy","floor":10,"key":"SMITH"},{"data":"Go for the Eyes","floor":15,"key":"SMITH"},{"data":"Electrodynamics","floor":23,"key":"SMITH"},{"floor":32,"key":"REST"}],"neow_cost":"NO_GOLD","seed_source_timestamp":178459442037353,"circlet_count":0,"master_deck":["Defend_B","Defend_B","Defend_B","Defend_B","Zap+1","Dualcast","Heatsinks","Double Energy+1","Hologram","Defragment+1","Tempest+1","Injury","Go for the Eyes+1","Electrodynamics+1","Leap+1","Storm","Meteor Strike","Leap+1","Go for the Eyes+1"],"relics":["Cracked Core","Golden Idol","Lantern","White Beast Statue","Dodecahedron","Shovel","Pen Nib","Meat on the Bone"],"potions_floor_usage":[14,21,24,25,30,31,31,33,33],"damage_taken":[{"damage":3,"enemies":"Jaw Worm","floor":1,"turns":4},{"damage":1,"enemies":"Small Slimes","floor":3,"turns":3},{"damage":1,"enemies":"Cultist","floor":4,"turns":4},{"damage":13,"enemies":"Large Slime","floor":12,"turns":6},{"damage":6,"enemies":"Blue Slaver","floor":14,"turns":3},{"damage":0,"enemies":"Slime Boss","floor":16,"turns":8},{"damage":0,"enemies":"3 Byrds","floor":18,"turns":2},{"damage":0,"enemies":"Chosen","floor":21,"turns":4},{"damage":13,"enemies":"Slavers","floor":24,"turns":2},{"damage":5,"enemies":"Snecko","floor":25,"turns":3},{"damage":0,"enemies":"Sentry and Sphere","floor":27,"turns":2},{"damage":5,"enemies":"Centurion and Healer","floor":29,"turns":5},{"damage":26,"enemies":"Book of Stabbing","floor":30,"turns":5},{"damage":16,"enemies":"Slaver and Parasite","floor":31,"turns":3},{"damage":58,"enemies":"Champ","floor":33,"turns":13}],"seed_played":"102267742160671464","potions_obtained":[{"floor":4,"key":"SpeedPotion"},{"floor":12,"key":"Ancient Potion"},{"floor":16,"key":"Ancient Potion"},{"floor":18,"key":"Swift Potion"},{"floor":21,"key":"SteroidPotion"},{"floor":24,"key":"Dexterity Potion"},{"floor":25,"key":"SpeedPotion"},{"floor":29,"key":"PowerPotion"},{"floor":30,"key":"Energy Potion"},{"floor":31,"key":"GamblersBrew"}],"is_trial":false,"path_per_floor":["M","?","M","M","?","R","$","R","T","R","$","M","?","M","R","B",null,"M","?","$","M","T","R","E","M","T","M","?","M","E","M","R"],"character_chosen":"DEFECT","items_purchased":["Defragment","Storm"],"campfire_rested":1,"item_purchase_floors":[7,20],"current_hp_per_floor":[72,54,53,52,52,52,52,52,52,52,52,39,39,33,33,33,75,75,75,75,75,75,75,62,57,57,57,57,52,26,22,44,0],"gold":311,"neow_bonus":"REMOVE_TWO","is_prod":false,"is_daily":false,"chose_seed":false,"campfire_upgraded":5,"win_rate":0,"timestamp":1532379019,"path_taken":["M","?","M","M","?","R","?","R","T","R","$","M","?","M","R","BOSS","M","?","$","M","?","R","E","M","T","M","?","?","E","?","R","BOSS"],"build_version":"2018-07-19v2","purchased_purges":1,"victory":false,"max_hp_per_floor":[75,75,75,75,75,75,75,75,75,75,75,75,75,75,75,75,75,75,75,75,75,75,75,75,75,75,75,75,75,75,75,75,75],"card_choices":[{"not_picked":["Steam","Glacier"],"picked":"Heatsinks","floor":1},{"not_picked":["Melter","Barrage"],"picked":"Double Energy","floor":3},{"not_picked":["Barrage","Stack"],"picked":"Hologram","floor":4},{"not_picked":["Lockon","Conserve Battery"],"picked":"Tempest","floor":12},{"not_picked":["Barrage","Lockon"],"picked":"Go for the Eyes","floor":14},{"not_picked":["Machine Learning","Meteor Strike"],"picked":"Electrodynamics","floor":16},{"not_picked":["Coolheaded","Barrage"],"picked":"Leap+1","floor":18},{"not_picked":["Barrage","Hologram","Streamline"],"picked":"SKIP","floor":21},{"not_picked":["Gash","Turbo"],"picked":"Meteor Strike","floor":24},{"not_picked":["Skim","Stack+1","Steam Power"],"picked":"SKIP","floor":25},{"not_picked":["Reinforced Body","Rip and Tear+1"],"picked":"Leap+1","floor":27},{"not_picked":["Leap","Conserve Battery"],"picked":"Go for the Eyes+1","floor":29},{"not_picked":["Sunder","Rebound+1","Lockon"],"picked":"SKIP","floor":30},{"not_picked":["Sweeping Beam","Compile Driver","Turbo"],"picked":"SKIP","floor":31}],"player_experience":205229,"relics_obtained":[{"floor":9,"key":"Lantern"},{"floor":22,"key":"Dodecahedron"},{"floor":24,"key":"Shovel"},{"floor":26,"key":"Pen Nib"},{"floor":30,"key":"Meat on the Bone"}],"event_choices":[{"event_name":"Golden Idol","player_choice":"Take Damage","floor":2,"damage_taken":0},{"event_name":"Living Wall","player_choice":"Forget","floor":5,"damage_taken":0},{"event_name":"Accursed Blacksmith","player_choice":"Forge","floor":13,"damage_taken":0},{"event_name":"Vampires","player_choice":"Ignored","floor":19,"damage_taken":0},{"event_name":"The Joust","player_choice":"Bet on Owner","floor":28,"damage_taken":0}],"is_beta":false,"boss_relics":[{"not_picked":["FrozenCore","Snecko Eye"],"picked":"White Beast Statue"}],"items_purged_floors":[20],"is_endless":false,"potions_floor_spawned":[4,12,16,18,21,24,25,27,29,30,31],"killed_by":"Champ","ascension_level":2}