{"gold_per_floor":[116,116,41,41,61,89,89,108,135,164,174,174,192,203,203,203],"floor_reached":16,"playtime":1081,"items_purged":["Strike_G"],"score":118,"play_id":"2f8dfadb-5f6e-48ce-8212-cd2e76bbc6f1","local_time":"20180722012230","is_ascension_mode":true,"campfire_choices":[{"floor":12,"key":"REST"},{"data":"Unload","floor":15,"key":"SMITH"}],"neow_cost":"NONE","seed_source_timestamp":15507178218073,"circlet_count":0,"master_deck":["Defend_G","Defend_G","Defend_G","Defend_G","Strike_G","Strike_G","Strike_G+1","Survivor","Neutralize","Finisher","Quick Slash","Outmaneuver","Acrobatics","Masterful Stab","Bane+1","Unload+1","Backflip","Noxious Fumes","Dagger Throw"],"relics":["Ring of the Snake","Regal Pillow","Whetstone","Darkstone Periapt"],"potions_floor_usage":[10,13,16],"damage_taken":[{"damage":5,"enemies":"Small Slimes","floor":1,"turns":5},{"damage":5,"enemies":"2 Louse","floor":5,"turns":3},{"damage":11,"enemies":"3 Sentries","floor":6,"turns":11},{"damage":0,"enemies":"Cultist","floor":8,"turns":3},{"damage":18,"enemies":"Lagavulin","floor":10,"turns":6},{"damage":10,"enemies":"Looter","floor":11,"turns":2},{"damage":17,"enemies":"Exordium Thugs","floor":13,"turns":6},{"damage":6,"enemies":"3 Louse","floor":14,"turns":3},{"damage":35,"enemies":"Hexaghost","floor":16,"turns":9}],"seed_played":"1074231776770122634","potions_obtained":[{"floor":5,"key":"Energy Potion"},{"floor":11,"key":"Strength Potion"},{"floor":13,"key":"Weak Potion"}],"is_trial":false,"path_per_floor":["M","?","$","?","M","E","?","M","T","E","M","R","M","M","R"],"character_chosen":"THE_SILENT","items_purchased":[],"campfire_rested":1,"item_purchase_floors":[],"current_hp_per_floor":[65,65,65,65,60,49,49,49,49,31,21,57,40,34,34,0],"gold":203,"neow_bonus":"REMOVE_CARD","is_prod":false,"is_daily":false,"chose_seed":false,"campfire_upgraded":1,"win_rate":0,"timestamp":1532215350,"path_taken":["M","?","$","?","M","E","?","M","T","E","M","R","M","M","R","BOSS"],"build_version":"2018-07-19v2","purchased_purges":1,"victory":false,"max_hp_per_floor":[70,70,70,70,70,70,70,70,70,70,70,70,70,70,70,70],"card_choices":[{"not_picked":["Outmaneuver","Backflip"],"picked":"Finisher","floor":1},{"not_picked":["Acrobatics","Bouncing Flask"],"picked":"Quick Slash","floor":5},{"not_picked":["Reflex","Phantasmal Killer"],"picked":"Outmaneuver","floor":6},{"not_picked":["Caltrops","Well Laid Plans"],"picked":"Bane","floor":8},{"not_picked":["Cloak And Dagger","Deflect"],"picked":"Unload","floor":10},{"not_picked":["Prepared","All Out Attack"],"picked":"Backflip","floor":11},{"not_picked":["Quick Slash","Riddle With Holes"],"picked":"Noxious Fumes","floor":13},{"not_picked":["Underhanded Strike","Blade Dance"],"picked":"Dagger Throw","floor":14}],"player_experience":195552,"relics_obtained":[{"floor":6,"key":"Regal Pillow"},{"floor":9,"key":"Whetstone"},{"floor":10,"key":"Darkstone Periapt"}],"event_choices":[{"event_name":"Liars Game","player_choice":"disagreed","floor":2,"damage_taken":0},{"event_name":"Purifier","player_choice":"One Purge","floor":4,"damage_taken":0},{"event_name":"Match and Keep!","player_choice":"2 cards matched","floor":7,"damage_taken":0}],"is_beta":false,"boss_relics":[],"items_purged_floors":[3],"is_endless":false,"potions_floor_spawned":[5,11,13],"killed_by":"Hexaghost","ascension_level":1}