{"gold_per_floor":[110,110,133,156,1,1,1,1,56,56,75,75,94,113,113,233,233,247,247,247,125,125,125,145,145,171,171],"floor_reached":27,"playtime":1325,"items_purged":["Strike_G","Strike_G"],"score":281,"play_id":"3ad6102e-91b9-47af-aa4b-7ae99135e809","local_time":"20190904013517","is_ascension_mode":true,"campfire_choices":[{"data":"Blade Dance","floor":6,"key":"SMITH"},{"data":"Infinite Blades","floor":8,"key":"SMITH"},{"data":"Choke","floor":10,"key":"SMITH"},{"floor":12,"key":"REST"},{"data":"Footwork","floor":15,"key":"SMITH"},{"data":"Envenom","floor":23,"key":"SMITH"},{"floor":25,"key":"REST"}],"neow_cost":"NONE","seed_source_timestamp":15327245439300,"circlet_count":0,"master_deck":["Strike_G+1","Strike_G+1","Strike_G+1","Defend_G+1","Defend_G+1","Defend_G+1","Defend_G+1","Defend_G+1","Survivor","Neutralize","Choke+1","Blade Dance+1","Footwork+1","Infinite Blades+1","Blur","Cloak And Dagger","Envenom+1","Choke+1","Dodge and Roll","Prepared+1"],"relics":["Ring of the Snake","Bronze Scales","Bloody Idol","Vajra","Black Star","PreservedInsect"],"potions_floor_usage":[16,18,18,27],"damage_taken":[{"damage":0,"enemies":"Cultist","floor":1,"turns":5},{"damage":3,"enemies":"Jaw Worm","floor":3,"turns":3},{"damage":0,"enemies":"Small Slimes","floor":4,"turns":3},{"damage":4,"enemies":"2 Fungi Beasts","floor":11,"turns":4},{"damage":6,"enemies":"Blue Slaver","floor":13,"turns":3},{"damage":5,"enemies":"3 Louse","floor":14,"turns":3},{"damage":13,"enemies":"Slime Boss","floor":16,"turns":11},{"damage":18,"enemies":"2 Thieves","floor":18,"turns":3},{"damage":26,"enemies":"3 Byrds","floor":24,"turns":3},{"damage":46,"enemies":"Slavers","floor":27,"turns":4}],"seed_played":"-8529744272464969447","potions_obtained":[{"floor":11,"key":"Block Potion"},{"floor":13,"key":"Strength Potion"},{"floor":16,"key":"Explosive Potion"},{"floor":18,"key":"FearPotion"}],"is_trial":false,"path_per_floor":["M","?","M","M","$","R","?","R","T","R","M","R","M","M","R","B",null,"M","?","?","$","?","R","M","R","T","E"],"character_chosen":"THE_SILENT","items_purchased":["Infinite Blades","Dodge and Roll"],"campfire_rested":2,"item_purchase_floors":[5,21],"current_hp_per_floor":[63,46,43,43,43,43,29,29,29,29,25,46,40,35,35,22,58,40,40,40,40,40,40,19,40,45,0],"gold":171,"neow_bonus":"RANDOM_COMMON_RELIC","is_prod":false,"is_daily":false,"chose_seed":false,"campfire_upgraded":5,"win_rate":0,"timestamp":1567553717,"path_taken":["M","?","M","M","$","R","?","R","T","R","?","R","M","M","R","BOSS","M","?","?","$","?","R","M","R","T","E"],"build_version":"2019-07-17","purchased_purges":2,"victory":false,"max_hp_per_floor":[70,70,70,70,70,70,70,70,70,70,70,70,70,70,70,70,70,70,70,70,70,70,70,70,70,70,70],"card_choices":[{"not_picked":["Sucker Punch","Underhanded Strike"],"picked":"Choke","floor":1},{"not_picked":["Predator","Acrobatics"],"picked":"Blade Dance","floor":3},{"not_picked":["Underhanded Strike","Dagger Throw"],"picked":"Footwork","floor":4},{"not_picked":["Calculated Gamble","Setup"],"picked":"Blur","floor":11},{"not_picked":["Bane","Outmaneuver"],"picked":"Cloak And Dagger","floor":13},{"not_picked":["Dash","Bane","Eviscerate"],"picked":"SKIP","floor":14},{"not_picked":["Corpse Explosion","Adrenaline"],"picked":"Envenom","floor":16},{"not_picked":["Masterful Stab","Flying Knee"],"picked":"Choke+1","floor":18},{"not_picked":["Quick Slash+1","Choke"],"picked":"Prepared+1","floor":24}],"player_experience":610274,"relics_obtained":[{"floor":9,"key":"Vajra"},{"floor":26,"key":"PreservedInsect"}],"event_choices":[{"damage_healed":0,"gold_gain":0,"player_choice":"Take Damage","damage_taken":17,"relics_obtained":["Golden Idol"],"max_hp_gain":0,"max_hp_loss":0,"event_name":"Golden Idol","floor":2,"gold_loss":0},{"damage_healed":0,"gold_gain":0,"player_choice":"Entered Light","damage_taken":14,"max_hp_gain":0,"max_hp_loss":0,"event_name":"Shining Light","floor":7,"gold_loss":0,"cards_upgraded":["Defend_G","Strike_G"]},{"damage_healed":0,"gold_gain":0,"player_choice":"Ignored","damage_taken":0,"max_hp_gain":0,"max_hp_loss":0,"event_name":"Vampires","floor":19,"gold_loss":0},{"damage_healed":0,"gold_gain":0,"player_choice":"Gave Idol","damage_taken":0,"relics_obtained":["Bloody Idol"],"max_hp_gain":0,"max_hp_loss":0,"event_name":"Forgotten Altar","floor":20,"relics_lost":["Golden Idol"],"gold_loss":0},{"damage_healed":0,"gold_gain":0,"player_choice":"Simplicity","damage_taken":0,"max_hp_gain":0,"max_hp_loss":0,"event_name":"Back to Basics","floor":22,"gold_loss":0,"cards_upgraded":["Strike_G","Strike_G","Defend_G","Defend_G","Defend_G","Defend_G"]}],"is_beta":false,"boss_relics":[{"not_picked":["Coffee Dripper","Philosopher\u0027s Stone"],"picked":"Black Star"}],"items_purged_floors":[5,21],"is_endless":false,"potions_floor_spawned":[11,13,16,18],"killed_by":"Slavers","ascension_level":8}