{"gold_per_floor":[109,109,109,125,24,24,42,42,42,56,85,102,102,132,132,235,265,281,281,145,145,165,165,165,165,165,200,215,215,56,75,75,176,176,190,210,210,25,45,45,107,107,176,187,187,187,204,217,217,217],"floor_reached":50,"playtime":4135,"items_purged":["Strike_G","Defend_G","Strike_G","Finisher+1"],"score":628,"play_id":"1117f0da-50e4-4a20-8d6a-d3a1c1e3e069","local_time":"20180719021332","is_ascension_mode":true,"campfire_choices":[{"data":"Distraction","floor":6,"key":"SMITH"},{"data":"Crippling Poison","floor":8,"key":"SMITH"},{"data":"Deadly Poison","floor":13,"key":"SMITH"},{"data":"Poisoned Stab","floor":15,"key":"SMITH"},{"data":"Noxious Fumes","floor":23,"key":"SMITH"},{"data":"Bullet Time","floor":25,"key":"SMITH"},{"data":"Poisoned Stab","floor":29,"key":"SMITH"},{"floor":32,"key":"REST"},{"floor":40,"key":"REST"},{"data":"Adrenaline","floor":42,"key":"SMITH"},{"data":"Crippling Poison","floor":46,"key":"SMITH"},{"floor":49,"key":"REST"}],"neow_cost":"","seed_source_timestamp":8334221044653,"circlet_count":0,"master_deck":["Defend_G+1","Defend_G+1","Strike_G+1","Survivor","Neutralize","Crippling Poison+1","Distraction+1","Quick Slash","Flying Knee","Deadly Poison+1","Poisoned Stab+1","Poisoned Stab+1","Adrenaline+1","Acrobatics+1","Noxious Fumes+1","Bullet Time+1","Deadly Poison+1","Choke+1","Deadly Poison+1","Calculated Gamble+1","Catalyst+1","Outmaneuver+1","Crippling Poison+1","Flying Knee+1","Deadly Poison+1","Dash+1"],"relics":["Ring of the Snake","Pantograph","Bag of Preparation","Shuriken","Tiny House","Regal Pillow","Singing Bowl","Molten Egg 2","Astrolabe","Tiny Chest","Mercury Hourglass"],"potions_floor_usage":[11,12,16,33,33,33,39,39,50,50,50],"damage_taken":[{"damage":2,"enemies":"2 Louse","floor":1,"turns":2},{"damage":0,"enemies":"Small Slimes","floor":4,"turns":4},{"damage":0,"enemies":"Cultist","floor":7,"turns":4},{"damage":1,"enemies":"Large Slime","floor":10,"turns":7},{"damage":6,"enemies":"3 Sentries","floor":11,"turns":12},{"damage":5,"enemies":"Exordium Wildlife","floor":12,"turns":4},{"damage":12,"enemies":"Gremlin Nob","floor":14,"turns":4},{"damage":39,"enemies":"Slime Boss","floor":16,"turns":13},{"damage":5,"enemies":"Spheric Guardian","floor":18,"turns":3},{"damage":1,"enemies":"2 Thieves","floor":22,"turns":3},{"damage":20,"enemies":"Slavers","floor":27,"turns":4},{"damage":2,"enemies":"Chosen and Byrds","floor":28,"turns":3},{"damage":24,"enemies":"Snake Plant","floor":31,"turns":4},{"damage":62,"enemies":"Champ","floor":33,"turns":8},{"damage":5,"enemies":"3 Darklings","floor":35,"turns":3},{"damage":18,"enemies":"3 Shapes","floor":36,"turns":3},{"damage":46,"enemies":"Flame Bruiser 2 Orb","floor":39,"turns":4},{"damage":0,"enemies":"Giant Head","floor":41,"turns":5},{"damage":0,"enemies":"Maw","floor":44,"turns":4},{"damage":9,"enemies":"Sphere and 2 Shapes","floor":47,"turns":2},{"damage":36,"enemies":"4 Shapes","floor":48,"turns":3},{"damage":81,"enemies":"Time Eater","floor":50,"turns":6}],"seed_played":"-4629628626140180809","potions_obtained":[{"floor":1,"key":"Dexterity Potion"},{"floor":10,"key":"Poison Potion"},{"floor":11,"key":"GhostInAJar"},{"floor":16,"key":"SteroidPotion"},{"floor":17,"key":"Fire Potion"},{"floor":18,"key":"Ancient Potion"},{"floor":27,"key":"GamblersBrew"},{"floor":31,"key":"Weak Potion"},{"floor":36,"key":"EssenceOfSteel"},{"floor":39,"key":"Poison Potion"},{"floor":45,"key":"Poison Potion"},{"floor":45,"key":"Fire Potion"}],"is_trial":false,"path_per_floor":["M","?","?","M","$","R","M","R","T","M","E","M","R","E","R","B",null,"M","?","$","?","M","R","T","R","T","E","M","R","$","M","R","B",null,"M","M","?","$","M","R","E","R","T","M","?","R","M","M","R"],"character_chosen":"THE_SILENT","items_purchased":["Quick Slash","Noxious Fumes","Choke+1","Crippling Poison"],"campfire_rested":3,"item_purchase_floors":[5,20,30,38],"current_hp_per_floor":[68,68,54,54,54,54,54,54,54,53,47,42,42,30,30,16,75,70,70,70,70,69,69,69,69,69,51,51,51,51,27,65,19,81,78,60,60,60,16,56,56,56,56,56,56,56,47,13,54,0],"gold":217,"neow_bonus":"","is_prod":false,"is_daily":false,"chose_seed":false,"campfire_upgraded":9,"win_rate":0,"timestamp":1531959212,"path_taken":["M","?","?","M","?","R","M","R","T","M","E","M","R","E","R","BOSS","M","?","$","?","M","R","?","R","T","E","M","R","$","M","R","BOSS","M","M","?","$","M","R","E","R","T","M","?","R","M","M","R","BOSS"],"build_version":"2018-07-12","purchased_purges":4,"victory":false,"max_hp_per_floor":[70,70,70,70,70,70,70,70,70,70,70,70,70,70,70,70,75,75,75,75,75,75,75,75,75,75,77,79,79,79,79,79,81,81,83,83,83,83,85,85,85,85,85,85,85,85,85,87,87,87],"card_choices":[{"not_picked":["Backstab","Backflip"],"picked":"Crippling Poison","floor":1},{"not_picked":["Dodge and Roll","Cloak And Dagger"],"picked":"Distraction","floor":4},{"not_picked":["Sucker Punch","Leg Sweep"],"picked":"Flying Knee","floor":7},{"not_picked":["Crippling Poison","Underhanded Strike"],"picked":"Deadly Poison","floor":10},{"not_picked":["Infinite Blades","Unload"],"picked":"Poisoned Stab","floor":11},{"not_picked":["Malaise","Calculated Gamble"],"picked":"Acrobatics","floor":12},{"not_picked":["Caltrops","Slice"],"picked":"Poisoned Stab","floor":14},{"not_picked":["After Image","Tactician"],"picked":"Adrenaline","floor":16},{"not_picked":["Skewer","Deflect"],"picked":"Acrobatics+1","floor":18},{"not_picked":["Sucker Punch+1","Deflect+1"],"picked":"Deadly Poison+1","floor":22},{"not_picked":["Glass Knife","Acrobatics+1","Outmaneuver"],"picked":"Singing Bowl","floor":27},{"not_picked":["Dodge and Roll","Leg Sweep+1","Crippling Poison"],"picked":"Singing Bowl","floor":28},{"not_picked":["Accuracy","Sucker Punch+1"],"picked":"Deadly Poison+1","floor":31},{"not_picked":["Unload+1","Phantasmal Killer","Adrenaline"],"picked":"Singing Bowl","floor":33},{"not_picked":["Calculated Gamble","Deflect+1","Outmaneuver"],"picked":"Singing Bowl","floor":35},{"not_picked":["Dagger Spray+1","Sucker Punch+1"],"picked":"Outmaneuver+1","floor":36},{"not_picked":["PiercingWail+1","Noxious Fumes","Footwork"],"picked":"Singing Bowl","floor":39},{"not_picked":["Accuracy","Underhanded Strike+1"],"picked":"Flying Knee+1","floor":41},{"not_picked":["Accuracy+1","Dagger Throw+1"],"picked":"Deadly Poison+1","floor":44},{"not_picked":["Flying Knee+1","Expertise+1"],"picked":"Dash+1","floor":47},{"not_picked":["Flying Knee+1","Escape Plan+1","Acrobatics"],"picked":"Singing Bowl","floor":48}],"player_experience":189793,"relics_obtained":[{"floor":9,"key":"Pantograph"},{"floor":11,"key":"Bag of Preparation"},{"floor":14,"key":"Shuriken"},{"floor":24,"key":"Regal Pillow"},{"floor":26,"key":"Singing Bowl"},{"floor":27,"key":"Molten Egg 2"},{"floor":41,"key":"Tiny Chest"},{"floor":43,"key":"Mercury Hourglass"}],"event_choices":[{"event_name":"Liars Game","player_choice":"disagreed","floor":2,"damage_taken":0},{"event_name":"Shining Light","player_choice":"Entered Light","floor":3,"damage_taken":0},{"event_name":"Back to Basics","player_choice":"Elegance","floor":19,"damage_taken":0},{"event_name":"Transmorgrifier","player_choice":"Transform","floor":21,"damage_taken":0},{"event_name":"SecretPortal","player_choice":"Rejected Portal.","floor":37,"damage_taken":0},{"event_name":"The Lab","player_choice":"Got Potions","floor":45,"damage_taken":0}],"boss_relics":[{"not_picked":["Snecko Eye","Ectoplasm"],"picked":"Tiny House"},{"not_picked":["Empty Cage","Fusion Hammer"],"picked":"Astrolabe"}],"items_purged_floors":[5,20,30,38],"is_endless":false,"potions_floor_spawned":[1,10,11,16,18,27,31,36,39,48],"killed_by":"Time Eater","ascension_level":1}