{"gold_per_floor":[366,366,20,20,37,37,48,62,62,74,86,103,115,115,115,213,213,231,45,45,45,144,144,173,173,198,212,212,223,237,237,237,335,335,348,366,96,115,134,134,134,134,134,152,0,0,0,26,26,26],"floor_reached":51,"playtime":4065,"items_purged":["Strike_B","Strike_B"],"score":814,"play_id":"38306aed-232d-4a0a-84ed-c217792662a1","local_time":"20181012221016","is_ascension_mode":true,"campfire_choices":[{"data":"Gash","floor":6,"key":"SMITH"},{"floor":15,"key":"REST"},{"data":"Storm","floor":23,"key":"SMITH"},{"data":"Creative AI","floor":25,"key":"SMITH"},{"data":"Creative AI","floor":28,"key":"SMITH"},{"floor":32,"key":"REST"},{"floor":40,"key":"REST"},{"data":"Buffer","floor":42,"key":"SMITH"},{"data":"Storm","floor":46,"key":"SMITH"},{"data":"Conserve Battery","floor":49,"key":"SMITH"}],"neow_cost":"PERCENT_DAMAGE","seed_source_timestamp":35612285838788,"circlet_count":0,"master_deck":["Strike_B","Strike_B","Defend_B","Defend_B","Defend_B","Defend_B","Zap","Dualcast","Gash","Gash+1","Storm+1","Sweeping Beam+1","Creative AI+1","Reprogram","Skim","Conserve Battery","Conserve Battery+1","Creative AI+1","Self Repair+1","Doom and Gloom+1","Heatsinks","Sweeping Beam+1","Streamline+1","Doom and Gloom+1","Buffer+1","Leap+1","Redo+1","Storm+1","Flash of Steel+1","Self Repair+1","Streamline+1","Madness","Madness","White Noise","Force Field+1"],"relics":["Cracked Core","Mummified Hand","Molten Egg 2","Dodecahedron","Nuclear Battery","Pear","Centennial Puzzle","Nilry\u0027s Codex","Runic Pyramid","Bag of Preparation","Red Mask","Cables"],"potions_floor_usage":[10,10,24,24,30,33,39,39,50],"damage_taken":[{"damage":1,"enemies":"Cultist","floor":1,"turns":3},{"damage":2,"enemies":"Jaw Worm","floor":5,"turns":3},{"damage":0,"enemies":"2 Louse","floor":7,"turns":1},{"damage":7,"enemies":"Looter","floor":8,"turns":3},{"damage":6,"enemies":"Exordium Thugs","floor":10,"turns":3},{"damage":7,"enemies":"Large Slime","floor":11,"turns":4},{"damage":13,"enemies":"Blue Slaver","floor":12,"turns":3},{"damage":9,"enemies":"3 Louse","floor":13,"turns":2},{"damage":23,"enemies":"Hexaghost","floor":16,"turns":7},{"damage":9,"enemies":"Shell Parasite","floor":18,"turns":4},{"damage":54,"enemies":"Slavers","floor":24,"turns":4},{"damage":10,"enemies":"3 Byrds","floor":27,"turns":3},{"damage":4,"enemies":"Snecko","floor":29,"turns":4},{"damage":4,"enemies":"Centurion and Healer","floor":30,"turns":4},{"damage":51,"enemies":"Champ","floor":33,"turns":7},{"damage":12,"enemies":"3 Shapes","floor":35,"turns":3},{"damage":16,"enemies":"Orb Walker","floor":36,"turns":2},{"damage":20,"enemies":"Reptomancer","floor":38,"turns":3},{"damage":27,"enemies":"Maw","floor":39,"turns":5},{"damage":18,"enemies":"4 Shapes","floor":44,"turns":3},{"damage":0,"enemies":"Nemesis","floor":48,"turns":5},{"damage":73,"enemies":"Awakened One","floor":50,"turns":7}],"seed_played":"-6056790034452694513","potions_obtained":[{"floor":5,"key":"SpeedPotion"},{"floor":7,"key":"Poison Potion"},{"floor":8,"key":"EssenceOfSteel"},{"floor":12,"key":"SkillPotion"},{"floor":16,"key":"Poison Potion"},{"floor":27,"key":"FocusPotion"},{"floor":29,"key":"PowerPotion"},{"floor":33,"key":"SkillPotion"},{"floor":38,"key":"Swift Potion"},{"floor":39,"key":"FairyPotion"},{"floor":48,"key":"Regen Potion"}],"is_trial":false,"path_per_floor":["M","?","$","?","M","R","M","M","T","M","M","M","M","?","R","B",null,"M","$","?","?","?","R","E","R","T","M","R","M","M","?","R","B",null,"M","M","$","M","M","R","?","R","T","M","?","R","?","E","R","B"],"character_chosen":"DEFECT","items_purchased":["Gash","Mummified Hand","Storm","Doom and Gloom+1","Heatsinks","Storm","Flash of Steel+1"],"campfire_rested":3,"item_purchase_floors":[3,3,3,19,19,37,37],"current_hp_per_floor":[53,58,58,51,49,49,49,42,42,36,29,16,7,7,31,8,80,71,71,71,71,71,71,37,37,37,37,37,43,49,33,60,19,90,88,82,82,72,65,90,79,79,79,81,81,81,81,90,90,52],"gold":26,"neow_bonus":"TWO_FIFTY_GOLD","is_prod":false,"is_daily":false,"chose_seed":false,"campfire_upgraded":7,"win_rate":0,"timestamp":1539375016,"path_taken":["M","?","$","?","M","R","M","M","T","M","M","M","?","?","R","BOSS","M","$","?","?","?","R","E","R","T","M","R","M","?","?","R","BOSS","M","M","$","M","M","R","?","R","T","M","?","R","?","E","R","BOSS"],"build_version":"2018-10-11","purchased_purges":2,"victory":true,"max_hp_per_floor":[75,80,80,80,80,80,80,80,80,80,80,80,80,80,80,80,80,80,80,80,80,80,80,90,90,90,90,90,90,90,90,90,90,90,90,90,90,90,90,90,90,90,90,90,90,90,90,90,90,90],"card_choices":[{"not_picked":["Rebound","FTL"],"picked":"Gash","floor":1},{"not_picked":["Leap","Turbo"],"picked":"Sweeping Beam+1","floor":5},{"not_picked":["Melter+1","Rebound+1"],"picked":"Creative AI","floor":7},{"not_picked":["Go for the Eyes+1","Cold Snap+1"],"picked":"Reprogram","floor":8},{"not_picked":["Coolheaded","Barrage+1","Redo"],"picked":"SKIP","floor":10},{"not_picked":["Steam","Compile Driver+1"],"picked":"Skim","floor":11},{"not_picked":["Creative AI","Redo"],"picked":"Conserve Battery","floor":12},{"not_picked":["Cold Snap+1","Force Field"],"picked":"Conserve Battery","floor":13},{"not_picked":["Reboot","Hyperbeam+1"],"picked":"Creative AI","floor":16},{"not_picked":["Turbo","Skim"],"picked":"Self Repair+1","floor":18},{"not_picked":["Beam Cell+1","Go for the Eyes+1"],"picked":"Sweeping Beam+1","floor":24},{"not_picked":["FTL+1","Sunder+1"],"picked":"Undo+1","floor":27},{"not_picked":["Sweeping Beam+1","BootSequence"],"picked":"Streamline+1","floor":29},{"not_picked":["Skim+1","Barrage+1"],"picked":"Doom and Gloom+1","floor":30},{"not_picked":["Rainbow","Core Surge+1"],"picked":"Buffer","floor":33},{"not_picked":["Heatsinks","Cold Snap+1"],"picked":"Leap+1","floor":35},{"not_picked":["Compile Driver+1","Undo+1"],"picked":"Redo+1","floor":36},{"not_picked":["Stack+1","Cold Snap+1"],"picked":"Self Repair+1","floor":38},{"not_picked":["Barrage+1","Rip and Tear+1"],"picked":"Streamline+1","floor":39},{"not_picked":["Chill","Turbo+1"],"picked":"White Noise","floor":44},{"not_picked":["Redo+1","Defragment"],"picked":"Force Field+1","floor":48}],"player_experience":336949,"relics_obtained":[{"floor":9,"key":"Dodecahedron"},{"floor":24,"key":"Pear"},{"floor":26,"key":"Centennial Puzzle"},{"floor":31,"key":"Nilry\u0027s Codex"},{"floor":43,"key":"Bag of Preparation"},{"floor":48,"key":"Cables"}],"event_choices":[{"event_name":"Big Fish","player_choice":"Donut","floor":2,"damage_taken":0},{"event_name":"Scrap Ooze","player_choice":"success","floor":4,"damage_taken":7},{"event_name":"Golden Wing","player_choice":"Ignored","floor":14,"damage_taken":0},{"event_name":"Vampires","player_choice":"Ignored","floor":20,"damage_taken":0},{"event_name":"Ghosts","player_choice":"Ignored","floor":21,"damage_taken":0},{"event_name":"Nest","player_choice":"Stole From Cult","floor":22,"damage_taken":0},{"event_name":"Cursed Tome","player_choice":"Obtained Book","floor":31,"damage_taken":0},{"event_name":"Winding Halls","player_choice":"Embrace Madness","floor":41,"damage_taken":0},{"event_name":"Tomb of Lord Red Mask","player_choice":"Paid","floor":45,"damage_taken":0},{"event_name":"Falling","player_choice":"Removed Skill","floor":47,"damage_taken":0}],"is_beta":false,"boss_relics":[{"not_picked":["Sozu","Astrolabe"],"picked":"Nuclear Battery"},{"not_picked":["FrozenCore","Snecko Eye"],"picked":"Runic Pyramid"}],"items_purged_floors":[19,37],"is_endless":false,"potions_floor_spawned":[5,7,8,12,16,27,29,33,38,39,48],"ascension_level":3}