{"gold_per_floor":[119,119,119,196,215,290,307,326,326,338,338,348,348,359,359,359],"floor_reached":16,"playtime":1584,"items_purged":[],"score":144,"play_id":"3c09f4ee-7b01-4adc-b031-c896a473c2af","local_time":"20181012224309","is_ascension_mode":false,"campfire_choices":[{"data":"White Noise","floor":11,"key":"SMITH"},{"data":"Thunder Strike","floor":13,"key":"SMITH"},{"data":"Defragment","floor":15,"key":"SMITH"}],"neow_cost":"","seed_source_timestamp":35612285838788,"circlet_count":0,"master_deck":["Strike_B","Strike_B","Strike_B","Strike_B","Defend_B","Defend_B","Defend_B","Defend_B","Zap","Dualcast","Conserve Battery","Sweeping Beam","Force Field","White Noise+1","Thunder Strike+1","Defragment+1"],"relics":["Cracked Core","Gremlin Horn","Meat on the Bone","Blood Vial"],"potions_floor_usage":[14],"damage_taken":[{"damage":2,"enemies":"Small Slimes","floor":1,"turns":3},{"damage":2,"enemies":"2 Louse","floor":5,"turns":2},{"damage":1,"enemies":"Cultist","floor":7,"turns":4},{"damage":9,"enemies":"Blue Slaver","floor":8,"turns":4},{"damage":3,"enemies":"2 Fungi Beasts","floor":10,"turns":3},{"damage":8,"enemies":"Red Slaver","floor":12,"turns":4},{"damage":10,"enemies":"Gremlin Gang","floor":14,"turns":3},{"damage":49,"enemies":"The Guardian","floor":16,"turns":9}],"seed_played":"-4145266544579167316","potions_obtained":[{"floor":7,"key":"EssenceOfSteel"},{"floor":8,"key":"LiquidBronze"}],"is_trial":true,"path_per_floor":["M","?","?","T","M","?","M","M","T","M","R","M","R","M","R"],"character_chosen":"DEFECT","items_purchased":[],"campfire_rested":0,"item_purchase_floors":[],"current_hp_per_floor":[73,78,71,71,69,61,60,51,51,50,50,44,44,48,48,1],"gold":359,"neow_bonus":"","is_prod":false,"is_daily":false,"chose_seed":false,"campfire_upgraded":3,"win_rate":0,"timestamp":1539376989,"path_taken":["M","?","?","?","M","?","M","M","T","?","R","M","R","M","R","BOSS"],"build_version":"2018-10-11","purchased_purges":0,"victory":false,"max_hp_per_floor":[75,80,80,80,80,80,80,80,80,80,80,80,80,80,80,80],"card_choices":[{"not_picked":["Steam","Doom and Gloom"],"picked":"Conserve Battery","floor":1},{"not_picked":["Stack","Beam Cell"],"picked":"Sweeping Beam","floor":5},{"not_picked":["Ball Lightning","Biased Cognition","Leap"],"picked":"SKIP","floor":7},{"not_picked":["Compile Driver","Leap"],"picked":"Force Field","floor":8},{"not_picked":["Leap","Coolheaded"],"picked":"White Noise","floor":10},{"not_picked":["Beam Cell","Conserve Battery"],"picked":"Thunder Strike","floor":12},{"not_picked":["Reinforced Body","Undo"],"picked":"Defragment","floor":14}],"player_experience":341014,"relics_obtained":[{"floor":4,"key":"Meat on the Bone"},{"floor":9,"key":"Blood Vial"}],"event_choices":[{"event_name":"Big Fish","player_choice":"Donut","floor":2,"damage_taken":0},{"event_name":"Scrap Ooze","player_choice":"success","floor":3,"damage_taken":7},{"event_name":"FaceTrader","player_choice":"Touch","floor":6,"damage_taken":0}],"is_beta":false,"boss_relics":[],"items_purged_floors":[],"is_endless":true,"potions_floor_spawned":[7,8],"killed_by":"The Guardian","ascension_level":0}