{"gold_per_floor":[15,15,40,58,82,82,96,22,22,22,53,53,67,88,88,218,218,238,238,262,275,41,41],"floor_reached":23,"playtime":1477,"items_purged":["Defend_B"],"score":215,"play_id":"3648e571-10ef-4c83-9fae-176fddaa3444","local_time":"20180812125133","is_ascension_mode":true,"campfire_choices":[{"data":"Loop","floor":6.0,"key":"SMITH"},{"data":"Storm","floor":12,"key":"SMITH"},{"floor":15,"key":"REST"}],"neow_cost":"NO_GOLD","seed_source_timestamp":0,"circlet_count":0,"master_deck":["Defend_B","Defend_B","Zap","Dualcast","Amplify","Beam Cell","Ball Lightning","Loop+1","Self Repair","Conserve Battery","Static Discharge","Storm+1","Genetic Algorithm","Storm","BootSequence","Fission","Seek","Echo Form+1","Biased Cognition+1","Multi-Cast+1","Leap","RitualDagger","Conserve Battery","Thunder Strike"],"special_seed":0,"relics":["Cracked Core","Golden Idol","Dream Catcher","Orichalcum","Astrolabe"],"potions_floor_usage":[14,16,23,23],"damage_taken":[{"damage":0.0,"enemies":"Cultist","floor":1.0,"turns":3.0},{"damage":4.0,"enemies":"Jaw Worm","floor":3.0,"turns":3.0},{"damage":0.0,"enemies":"Small Slimes","floor":4.0,"turns":3.0},{"damage":9.0,"enemies":"2 Fungi Beasts","floor":5.0,"turns":3.0},{"damage":14.0,"enemies":"Blue Slaver","floor":7.0,"turns":3.0},{"damage":19,"enemies":"Lagavulin","floor":11,"turns":4},{"damage":11,"enemies":"Looter","floor":13,"turns":3},{"damage":2,"enemies":"2 Fungi Beasts","floor":14,"turns":2},{"damage":22,"enemies":"Hexaghost","floor":16,"turns":6},{"damage":5,"enemies":"Chosen","floor":18,"turns":3},{"damage":40,"enemies":"2 Thieves","floor":20,"turns":5},{"damage":22,"enemies":"Centurion and Healer","floor":21,"turns":4},{"damage":29,"enemies":"Gremlin Leader","floor":23,"turns":3}],"seed_played":"-3173197753975193072","potions_obtained":[{"floor":4.0,"key":"FocusPotion"},{"floor":5.0,"key":"Ancient Potion"},{"floor":13,"key":"Fire Potion"},{"floor":16,"key":"Ancient Potion"},{"floor":21,"key":"EssenceOfSteel"}],"is_trial":false,"path_per_floor":["M","?","M","M","M","R","M","$","T","?","E","R","M","M","R","B",null,"M","?","M","M","$"],"character_chosen":"DEFECT","items_purchased":["Storm","Thunder Strike"],"campfire_rested":1,"item_purchase_floors":[8,22],"current_hp_per_floor":[75,57,53,53,44,44,37,37,37,37,25,25,21,19,41,26,75,75,69,36,21,21,0],"gold":41,"neow_bonus":"TRANSFORM_TWO_CARDS","is_prod":false,"is_daily":false,"chose_seed":false,"campfire_upgraded":2,"win_rate":0,"timestamp":1534071093,"path_taken":["M","?","M","M","M","R","?","$","T","?","E","R","M","M","R","BOSS","M","?","M","M","$","E"],"build_version":"2018-08-09","purchased_purges":1,"victory":false,"max_hp_per_floor":[75,75,75,75,75,75,75,75,75,75,75,75,75,75,75,75,75,75,75,75,75,75,75],"card_choices":[{"not_picked":["Scrape","Coolheaded"],"picked":"Ball Lightning","floor":1.0},{"not_picked":["Heatsinks","Streamline"],"picked":"Loop","floor":3.0},{"not_picked":["Hologram","Streamline"],"picked":"Self Repair","floor":4.0},{"not_picked":["Cold Snap","Hologram"],"picked":"Conserve Battery","floor":5.0},{"not_picked":["Sweeping Beam","Scrape"],"picked":"Static Discharge","floor":7.0},{"not_picked":["Auto Shields","Redo"],"picked":"Genetic Algorithm","floor":11},{"not_picked":["Beam Cell","Turbo"],"picked":"Storm","floor":13},{"not_picked":["Compile Driver","Turbo"],"picked":"BootSequence","floor":14},{"not_picked":["Rebound","Cold Snap"],"picked":"Fission","floor":15},{"not_picked":["Hyperbeam","Biased Cognition"],"picked":"Seek","floor":16},{"not_picked":["Fusion","Turbo"],"picked":"Leap","floor":18},{"not_picked":["Streamline","Beam Cell+1","Steam"],"picked":"SKIP","floor":20},{"not_picked":["Blizzard+1","Doom and Gloom"],"picked":"Conserve Battery","floor":21}],"player_experience":225331,"relics_obtained":[{"floor":9.0,"key":"Dream Catcher"},{"floor":11,"key":"Orichalcum"}],"event_choices":[{"event_name":"Golden Idol","player_choice":"Take Damage","floor":2.0,"damage_taken":0.0},{"event_name":"The Cleric","player_choice":"Leave","floor":10,"damage_taken":0},{"event_name":"Nest","player_choice":"Joined the Cult","floor":19,"damage_taken":0}],"is_beta":false,"boss_relics":[{"not_picked":["Cursed Key","Fusion Hammer"],"picked":"Astrolabe"}],"items_purged_floors":[22],"is_endless":false,"potions_floor_spawned":[4,5,13,16,21],"killed_by":"Gremlin Leader","ascension_level":2}