{"gold_per_floor":[114,124,124,124,124,124,136,162,162,162,87,87,98,132,132,229,229,239,139,139,158,178,178,209,224,224,224],"floor_reached":27,"playtime":1433,"items_purged":["Strike_R","Barricade+1"],"score":290,"play_id":"47542843-0717-422f-aea2-273acb05fe7d","local_time":"20180912013427","is_ascension_mode":true,"campfire_choices":[{"data":"Clash","floor":6,"key":"SMITH"},{"floor":10,"key":"REST"},{"data":"Spot Weakness","floor":12,"key":"SMITH"},{"data":"Infernal Blade","floor":15,"key":"SMITH"},{"floor":23,"key":"REST"}],"neow_cost":"PERCENT_DAMAGE","seed_source_timestamp":91225718643935,"circlet_count":0,"master_deck":["Strike_R","Strike_R","Bash","Spot Weakness","Clash+1","Spot Weakness+1","Cleave","Infernal Blade+1","Spot Weakness","Feed","Hemokinesis+1","Searing Blow+1","Pommel Strike+1","Armaments+1","Clothesline+1","Power Through+1"],"relics":["Burning Blood","Boot","Frozen Egg 2","Bottled Flame","Astrolabe","Kunai","Dream Catcher","Meat on the Bone"],"potions_floor_usage":[7,24],"damage_taken":[{"damage":3,"enemies":"2 Louse","floor":1,"turns":3},{"damage":12,"enemies":"Small Slimes","floor":2,"turns":3},{"damage":12,"enemies":"Jaw Worm","floor":7,"turns":2},{"damage":18,"enemies":"Gremlin Nob","floor":8,"turns":3},{"damage":7,"enemies":"3 Louse","floor":13,"turns":2},{"damage":22,"enemies":"3 Sentries","floor":14,"turns":4},{"damage":43,"enemies":"Hexaghost","floor":16,"turns":7},{"damage":15,"enemies":"Chosen","floor":18,"turns":4},{"damage":24,"enemies":"2 Thieves","floor":21,"turns":2},{"damage":48,"enemies":"Snake Plant","floor":22,"turns":5},{"damage":46,"enemies":"Slavers","floor":24,"turns":4},{"damage":15,"enemies":"Shelled Parasite and Fungi","floor":25,"turns":2},{"damage":34,"enemies":"Cultist and Chosen","floor":27,"turns":4}],"seed_played":"2101445527582600535","potions_obtained":[{"floor":1,"key":"SneckoOil"},{"floor":13,"key":"Swift Potion"},{"floor":22,"key":"Weak Potion"}],"is_trial":false,"path_per_floor":["M","M","?","?","?","R","M","E","T","R","$","R","M","E","R","B",null,"M","$","?","M","M","R","E","M","T"],"character_chosen":"IRONCLAD","items_purchased":[],"campfire_rested":2,"item_purchase_floors":[],"current_hp_per_floor":[59,53,46,46,51,51,45,33,33,58,58,58,57,41,41,8,85,79,79,79,64,29,56,19,13,13,0],"gold":224,"neow_bonus":"REMOVE_TWO","is_prod":false,"is_daily":false,"chose_seed":false,"campfire_upgraded":3,"win_rate":0,"timestamp":1536708867,"path_taken":["M","M","?","?","?","R","M","E","T","R","$","R","M","E","R","BOSS","M","$","?","?","M","R","E","M","T","M"],"build_version":"2018-09-06","purchased_purges":2,"victory":false,"max_hp_per_floor":[80,80,80,80,85,85,85,85,85,85,85,85,85,85,85,85,85,88,88,88,91,91,91,94,97,97,97],"card_choices":[{"not_picked":["Sword Boomerang","Cleave"],"picked":"Spot Weakness","floor":1},{"not_picked":["Iron Wave","Wild Strike"],"picked":"Clash","floor":2},{"not_picked":["Flame Barrier","Burning Pact"],"picked":"Spot Weakness","floor":7},{"not_picked":["Reckless Charge","Sever Soul"],"picked":"Cleave","floor":8},{"not_picked":["Inflame+1","Body Slam"],"picked":"Infernal Blade","floor":13},{"not_picked":["Wild Strike","Sword Boomerang"],"picked":"Spot Weakness","floor":14},{"not_picked":["Brutality+1","Impervious"],"picked":"Feed","floor":16},{"not_picked":["Perfected Strike+1","Sentinel"],"picked":"Searing Blow+1","floor":18},{"not_picked":["Flex","True Grit"],"picked":"Pommel Strike+1","floor":21},{"not_picked":["Sever Soul","Warcry"],"picked":"Armaments+1","floor":22},{"not_picked":["Twin Strike","Burning Pact"],"picked":"Clothesline+1","floor":24},{"not_picked":["Corruption+1","Intimidate"],"picked":"Power Through+1","floor":25}],"player_experience":298735,"relics_obtained":[{"floor":8,"key":"Boot"},{"floor":9,"key":"Frozen Egg 2"},{"floor":14,"key":"Bottled Flame"},{"floor":24,"key":"Dream Catcher"},{"floor":26,"key":"Meat on the Bone"}],"event_choices":[{"event_name":"Golden Wing","player_choice":"Card Removal","floor":3,"damage_taken":0},{"event_name":"Golden Idol","player_choice":"Ignored","floor":4,"damage_taken":0},{"event_name":"Big Fish","player_choice":"Donut","floor":5,"damage_taken":0},{"event_name":"WeMeetAgain","player_choice":"Card","floor":20,"damage_taken":0}],"is_beta":false,"boss_relics":[{"not_picked":["Coffee Dripper","Sozu"],"picked":"Astrolabe"}],"items_purged_floors":[11,19],"is_endless":false,"potions_floor_spawned":[1,13,22],"killed_by":"Cultist and Chosen","ascension_level":2}