{"gold_per_floor":[118,118,118,132,151,151,11,30,30,47,67,67,87,12,12,107,107,122,142,57,57,76,111,124,50,100,100,111,111,111,130,130,130],"floor_reached":33,"playtime":2333,"items_purged":["Strike_G"],"score":287,"play_id":"ff0708d9-874c-466c-91dc-3e61bcc33205","local_time":"20181004003219","is_ascension_mode":true,"campfire_choices":[{"data":"Deadly Poison","floor":6,"key":"SMITH"},{"floor":12,"key":"REST"},{"data":"Burst","floor":15,"key":"SMITH"},{"floor":27,"key":"REST"},{"data":"Cloak And Dagger","floor":29,"key":"SMITH"},{"floor":32,"key":"REST"}],"neow_cost":"NONE","seed_source_timestamp":19904918595162,"circlet_count":0,"master_deck":["Defend_G+1","Defend_G","Defend_G","Defend_G","Defend_G","Strike_G","Strike_G","Strike_G+1","Survivor","Neutralize","Dagger Throw","Predator","Deadly Poison+1","Burst+1","Backstab","Cloak And Dagger","Cloak And Dagger+1","Crippling Poison","Bullet Time+1","Calculated Gamble+1","Poisoned Stab+1","Bullet Time","Endless Agony","Outmaneuver+1","Accuracy+1","Accuracy+1","Terror"],"relics":["Ring of the Snake","Centennial Puzzle","Peace Pipe","WristBlade","Incense Burner","Frozen Egg 2","Pen Nib"],"potions_floor_usage":[16,16,16,22,33],"damage_taken":[{"damage":8,"enemies":"Cultist","floor":1,"turns":6},{"damage":1,"enemies":"Small Slimes","floor":4,"turns":3},{"damage":0,"enemies":"2 Louse","floor":5,"turns":2},{"damage":8,"enemies":"Exordium Wildlife","floor":8,"turns":4},{"damage":15,"enemies":"Exordium Thugs","floor":10,"turns":4},{"damage":3,"enemies":"Blue Slaver","floor":11,"turns":3},{"damage":4,"enemies":"3 Louse","floor":13,"turns":3},{"damage":30,"enemies":"The Guardian","floor":16,"turns":10},{"damage":16,"enemies":"2 Thieves","floor":18,"turns":3},{"damage":3,"enemies":"Shell Parasite","floor":19,"turns":4},{"damage":3,"enemies":"Snake Plant","floor":22,"turns":3},{"damage":4,"enemies":"Book of Stabbing","floor":23,"turns":4},{"damage":17,"enemies":"Centurion and Healer","floor":24,"turns":5},{"damage":0,"enemies":"Snecko","floor":28,"turns":2},{"damage":34,"enemies":"Snake Plant","floor":31,"turns":5},{"damage":38,"enemies":"Champ","floor":33,"turns":8}],"seed_played":"7487604126994715015","potions_obtained":[{"floor":8,"key":"SkillPotion"},{"floor":10,"key":"GhostInAJar"},{"floor":11,"key":"SteroidPotion"},{"floor":13,"key":"AttackPotion"},{"floor":18,"key":"PowerPotion"},{"floor":28,"key":"Poison Potion"}],"is_trial":false,"path_per_floor":["M","?","?","M","M","R","$","M","T","M","M","R","M","$","R","B",null,"M","M","?","?","M","E","M","$","T","R","M","R","?","M","R"],"character_chosen":"THE_SILENT","items_purchased":["Burst","Accuracy+1"],"campfire_rested":3,"item_purchase_floors":[7,25],"current_hp_per_floor":[62,55,41,40,40,40,40,32,32,17,14,35,31,31,31,1,70,54,51,51,51,48,44,27,27,27,48,48,48,48,14,35,0],"gold":130,"neow_bonus":"RANDOM_COMMON_RELIC","is_prod":false,"is_daily":false,"chose_seed":false,"campfire_upgraded":3,"win_rate":0,"timestamp":1538605939,"path_taken":["M","?","?","M","M","R","$","M","T","M","M","R","M","$","R","BOSS","M","M","?","?","M","E","M","$","T","R","M","R","?","M","R","BOSS"],"build_version":"2018-09-27","purchased_purges":1,"victory":false,"max_hp_per_floor":[70,70,70,70,70,70,70,70,70,70,70,70,70,70,70,70,70,70,70,70,70,70,70,70,70,70,70,70,70,70,70,70,70],"card_choices":[{"not_picked":["Acrobatics","Prepared"],"picked":"Dagger Throw","floor":1},{"not_picked":["PiercingWail","Deflect"],"picked":"Predator","floor":4},{"not_picked":["Eviscerate","All Out Attack"],"picked":"Deadly Poison","floor":5},{"not_picked":["Dagger Spray","Underhanded Strike"],"picked":"Backstab","floor":8},{"not_picked":["Setup","Flechettes"],"picked":"Cloak And Dagger","floor":10},{"not_picked":["Endless Agony","Deflect"],"picked":"Cloak And Dagger","floor":11},{"not_picked":["Deflect","Masterful Stab"],"picked":"Crippling Poison","floor":13},{"not_picked":["Night Terror","Grand Finale"],"picked":"Bullet Time","floor":16},{"not_picked":["Poisoned Stab+1","Dagger Spray+1"],"picked":"Calculated Gamble+1","floor":18},{"not_picked":["Underhanded Strike","Dagger Spray"],"picked":"Poisoned Stab+1","floor":19},{"not_picked":["PiercingWail","Eviscerate"],"picked":"Bullet Time","floor":22},{"not_picked":["Masterful Stab+1","Setup"],"picked":"Endless Agony","floor":23},{"not_picked":["Flechettes","Reflex"],"picked":"Outmaneuver+1","floor":24},{"not_picked":["PiercingWail+1","Blade Dance"],"picked":"Accuracy+1","floor":28},{"not_picked":["Acrobatics","Choke"],"picked":"Terror","floor":31}],"player_experience":325806,"relics_obtained":[{"floor":9,"key":"Peace Pipe"},{"floor":23,"key":"Frozen Egg 2"},{"floor":26,"key":"Pen Nib"}],"event_choices":[{"event_name":"Golden Wing","player_choice":"Card Removal","floor":2,"damage_taken":0},{"event_name":"Shining Light","player_choice":"Entered Light","floor":3,"damage_taken":0},{"event_name":"Addict","player_choice":"Obtained Relic","floor":20,"damage_taken":0},{"event_name":"Upgrade Shrine","player_choice":"Upgraded","floor":21,"damage_taken":0},{"event_name":"Vampires","player_choice":"Ignored","floor":30,"damage_taken":0}],"is_beta":false,"boss_relics":[{"not_picked":["Pandora\u0027s Box","Ring of the Serpent"],"picked":"WristBlade"}],"items_purged_floors":[14],"is_endless":false,"potions_floor_spawned":[8,10,11,13,18,28],"killed_by":"Champ","ascension_level":2}