{"gold_per_floor":[112,112,112,125,125,125,125,50,75,109,109,109,133,156,156,156],"floor_reached":16,"playtime":820,"items_purged":["Defend_R"],"score":103,"play_id":"fb00e61a-c126-4768-a5e1-d5640dbb033b","local_time":"20180703232338","is_ascension_mode":true,"campfire_choices":[{"data":"Dual Wield","floor":6,"key":"SMITH"},{"floor":11,"key":"REST"},{"data":"Bash","floor":15,"key":"SMITH"}],"neow_cost":"NONE","seed_source_timestamp":5345513401771,"circlet_count":0,"master_deck":["Strike_R","Strike_R","Strike_R","Strike_R","Defend_R","Defend_R","Bash+1","Dual Wield+1"],"relics":["Burning Blood","Golden Idol","Omamori","Anchor","Gremlin Horn"],"potions_floor_usage":[16,16,16],"damage_taken":[{"damage":14,"enemies":"Jaw Worm","floor":1,"turns":4},{"damage":0,"enemies":"Small Slimes","floor":4,"turns":3},{"damage":34,"enemies":"Gremlin Nob","floor":10,"turns":5},{"damage":6,"enemies":"Cultist","floor":13,"turns":3},{"damage":9,"enemies":"Blue Slaver","floor":14,"turns":4},{"damage":100,"enemies":"Hexaghost","floor":16,"turns":10}],"seed_played":"350861935826749724","potions_obtained":[{"floor":1,"key":"Swift Potion"},{"floor":10,"key":"Regen Potion"},{"floor":13,"key":"Block Potion"},{"floor":14,"key":"Regen Potion"}],"is_trial":false,"path_per_floor":["M","?","?","M","?","R","?","$","T","E","R","T","M","M","R"],"character_chosen":"IRONCLAD","items_purchased":[],"campfire_rested":1,"item_purchase_floors":[],"current_hp_per_floor":[72,52,52,58,63,63,56,56,56,28,53,53,53,50,50,0],"gold":156,"neow_bonus":"REMOVE_CARD","is_prod":false,"is_daily":false,"chose_seed":false,"campfire_upgraded":2,"win_rate":0,"timestamp":1530653018,"path_taken":["M","?","?","M","?","R","?","$","T","E","R","?","M","M","R","BOSS"],"build_version":"2018-06-28","purchased_purges":1,"victory":false,"max_hp_per_floor":[80,80,80,80,85,85,85,85,85,85,85,85,85,85,85,85],"card_choices":[{"not_picked":["Corruption","Sword Boomerang"],"picked":"Dual Wield","floor":1},{"not_picked":["Body Slam","Fire Breathing","Headbutt"],"picked":"SKIP","floor":4},{"not_picked":["Armaments","Entrench","Bloodletting"],"picked":"SKIP","floor":10},{"not_picked":["Burning Pact","Infernal Blade","Seeing Red"],"picked":"SKIP","floor":13},{"not_picked":["Heavy Blade","Evolve","Twin Strike"],"picked":"SKIP","floor":14}],"player_experience":142347,"relics_obtained":[{"floor":9,"key":"Omamori"},{"floor":10,"key":"Anchor"},{"floor":12,"key":"Gremlin Horn"}],"event_choices":[{"event_name":"Golden Idol","player_choice":"Take Damage","floor":2,"damage_taken":0},{"event_name":"Shining Light","player_choice":"Ignored","floor":3,"damage_taken":0},{"event_name":"Big Fish","player_choice":"Donut","floor":5,"damage_taken":0},{"event_name":"Golden Wing","player_choice":"Card Removal","floor":7,"damage_taken":0}],"boss_relics":[],"items_purged_floors":[8],"is_endless":false,"potions_floor_spawned":[1,10,13,14],"killed_by":"Hexaghost","ascension_level":1}