{"gold_per_floor":[118,68,86,11,11,11,22,22,22,22,53,3,19,39,39,141,141,155,7,18,0,0,15,15],"floor_reached":24,"playtime":1607,"items_purged":["Strike_B"],"score":235,"play_id":"bb1933f4-2d06-4f7f-874e-7e97e7b2ec63","local_time":"20181218211655","is_ascension_mode":true,"campfire_choices":[{"data":"Zap","floor":6,"key":"SMITH"},{"data":"Reinforced Body","floor":8,"key":"SMITH"},{"floor":10,"key":"REST"},{"data":"Ball Lightning","floor":15,"key":"SMITH"}],"neow_cost":"NONE","seed_source_timestamp":18531387627839,"circlet_count":0,"master_deck":["Strike_B","Strike_B","Defend_B","Defend_B","Defend_B","Defend_B","Zap+1","Dualcast","Ball Lightning+1","Conserve Battery","Reinforced Body+1","Double Energy","Redo","Conserve Battery","All For One","Self Repair","BootSequence","Zap+1","Leap+1"],"relics":["Cracked Core","NeowsBlessing","Omamori","Orichalcum","Sozu","Lantern"],"potions_floor_usage":[13,16],"damage_taken":[{"damage":0,"enemies":"Jaw Worm","floor":1,"turns":1},{"damage":0,"enemies":"Small Slimes","floor":3,"turns":1},{"damage":0,"enemies":"2 Louse","floor":7,"turns":1},{"damage":19,"enemies":"Lagavulin","floor":11,"turns":6},{"damage":4,"enemies":"Lots of Slimes","floor":13,"turns":5},{"damage":18,"enemies":"Exordium Wildlife","floor":14,"turns":5},{"damage":19,"enemies":"The Guardian","floor":16,"turns":11},{"damage":14,"enemies":"Chosen","floor":18,"turns":5},{"damage":47,"enemies":"3 Byrds","floor":20,"turns":5},{"damage":20,"enemies":"Shelled Parasite and Fungi","floor":23,"turns":8},{"damage":11,"enemies":"Cultist and Chosen","floor":24,"turns":4}],"seed_played":"948365882901045934","potions_obtained":[{"floor":7,"key":"Dexterity Potion"},{"floor":11,"key":"EssenceOfSteel"},{"floor":14,"key":"Poison Potion"}],"is_trial":false,"path_per_floor":["M","?","M","$","?","R","M","R","T","R","E","$","M","M","R","B",null,"M","$","M","?","?","M","M"],"character_chosen":"DEFECT","items_purchased":["Redo","Lantern"],"campfire_rested":1,"item_purchase_floors":[12,19],"current_hp_per_floor":[75,75,75,75,75,75,75,75,75,75,56,56,52,34,34,15,75,61,61,21,21,21,8,0],"gold":15,"neow_bonus":"THREE_ENEMY_KILL","is_prod":false,"is_daily":false,"chose_seed":false,"campfire_upgraded":3,"win_rate":0,"timestamp":1545164215,"path_taken":["M","?","M","$","?","R","M","R","T","R","E","$","M","M","R","BOSS","M","$","M","?","?","M","?"],"build_version":"2018-12-13","purchased_purges":1,"victory":false,"max_hp_per_floor":[75,75,75,75,75,75,75,75,75,75,75,75,75,75,75,75,75,75,75,75,75,75,75,75],"card_choices":[{"not_picked":["Lockon","Hologram"],"picked":"Ball Lightning","floor":1},{"not_picked":["Streamline","Ball Lightning"],"picked":"Conserve Battery","floor":3},{"not_picked":["Redo","Beam Cell"],"picked":"Reinforced Body","floor":7},{"not_picked":["Coolheaded","Biased Cognition"],"picked":"Double Energy","floor":11},{"not_picked":["Coolheaded","Hologram"],"picked":"Conserve Battery","floor":13},{"not_picked":["Recycle","Go for the Eyes","Streamline"],"picked":"SKIP","floor":14},{"not_picked":["Core Surge","Fission"],"picked":"All For One","floor":16},{"not_picked":["Streamline","Beam Cell"],"picked":"Self Repair","floor":18},{"not_picked":["Barrage","Genetic Algorithm"],"picked":"BootSequence","floor":20},{"not_picked":["Double Energy","Streamline"],"picked":"Leap+1","floor":23}],"player_experience":437558,"relics_obtained":[{"floor":9,"key":"Omamori"},{"floor":11,"key":"Orichalcum"}],"event_choices":[{"cards_removed":["Strike_B"],"damage_healed":0,"gold_gain":0,"player_choice":"Card Removal","damage_taken":0,"max_hp_gain":0,"max_hp_loss":0,"event_name":"The Cleric","floor":2,"gold_loss":50},{"damage_healed":0,"gold_gain":0,"player_choice":"Ignored","damage_taken":0,"max_hp_gain":0,"max_hp_loss":0,"event_name":"Liars Game","floor":5,"gold_loss":0},{"damage_healed":0,"gold_gain":0,"player_choice":"Paid Fearfully","damage_taken":0,"max_hp_gain":0,"max_hp_loss":0,"event_name":"Masked Bandits","floor":21,"gold_loss":18},{"damage_healed":0,"gold_gain":0,"player_choice":"Copied","damage_taken":0,"max_hp_gain":0,"max_hp_loss":0,"event_name":"Duplicator","floor":22,"gold_loss":0,"cards_obtained":["Zap"]}],"is_beta":false,"boss_relics":[{"not_picked":["Lizard Tail","Tiny House"],"picked":"Sozu"}],"items_purged_floors":[4],"is_endless":false,"potions_floor_spawned":[7,11,14,20,23],"killed_by":"Cultist and Chosen","ascension_level":4}