{"gold_per_floor":[117,137,149,160,16,41,68,80,118,142,154,116,135,155,155,253,253,264,119,132,132,152,152,183,201,201,201,221,221],"floor_reached":29,"playtime":1646,"items_purged":["Defend_R","Defend_R","Strike_R"],"score":289,"play_id":"ba603fb0-c15e-4334-ae7e-0679e978a1dc","local_time":"20181117150602","is_ascension_mode":true,"campfire_choices":[{"data":"Whirlwind","floor":8,"key":"SMITH"},{"data":"Spot Weakness","floor":11,"key":"SMITH"},{"data":"Heavy Blade","floor":15,"key":"SMITH"},{"floor":23,"key":"REST"},{"floor":27,"key":"REST"}],"neow_cost":"NONE","seed_source_timestamp":13049525721901,"circlet_count":0,"master_deck":["Strike_R","Strike_R","Strike_R","Strike_R","Defend_R","Defend_R","Bash","Dropkick","Whirlwind+1","Searing Blow+1","Anger","Spot Weakness+1","Clash","Thunderclap","Rupture","Heavy Blade+1","Flame Barrier","Brutality","Flex+1","Rupture","Flex","Combust","Clash","Heavy Blade+1","Heavy Blade+1"],"relics":["Burning Blood","MawBank","Smiling Mask","Sozu","Bag of Marbles","Blue Candle"],"potions_floor_usage":[3,13,16,29],"damage_taken":[{"damage":11,"enemies":"Cultist","floor":1,"turns":4},{"damage":2,"enemies":"2 Louse","floor":2,"turns":3},{"damage":2,"enemies":"Jaw Worm","floor":3,"turns":3},{"damage":14,"enemies":"Blue Slaver","floor":4,"turns":4},{"damage":20,"enemies":"3 Sentries","floor":6,"turns":4},{"damage":3,"enemies":"3 Louse","floor":7,"turns":2},{"damage":0,"enemies":"Large Slime","floor":10,"turns":3},{"damage":29,"enemies":"Exordium Thugs","floor":13,"turns":3},{"damage":4,"enemies":"2 Fungi Beasts","floor":14,"turns":2},{"damage":42,"enemies":"Hexaghost","floor":16,"turns":7},{"damage":9,"enemies":"Chosen","floor":18,"turns":4},{"damage":38,"enemies":"Shell Parasite","floor":20,"turns":4},{"damage":32,"enemies":"Chosen and Byrds","floor":22,"turns":4},{"damage":43,"enemies":"Book of Stabbing","floor":24,"turns":4},{"damage":13,"enemies":"Cultist and Chosen","floor":25,"turns":3},{"damage":28,"enemies":"Centurion and Healer","floor":28,"turns":3},{"damage":15,"enemies":"Gremlin Leader","floor":29,"turns":3}],"seed_played":"-2909339601921301659","potions_obtained":[{"floor":1,"key":"GamblersBrew"},{"floor":2,"key":"AttackPotion"},{"floor":6,"key":"Dexterity Potion"},{"floor":7,"key":"LiquidBronze"}],"is_trial":false,"path_per_floor":["M","M","M","M","$","E","M","R","T","M","R","$","M","M","R","B",null,"M","$","M","?","M","R","E","M","T","R","M","E"],"character_chosen":"IRONCLAD","items_purchased":["Spot Weakness","Rupture","Flex"],"campfire_rested":2,"item_purchase_floors":[5,19,19],"current_hp_per_floor":[83,87,88,80,80,66,69,69,69,75,75,75,52,54,54,18,88,85,85,53,53,27,53,16,9,9,35,13,0],"gold":221,"neow_bonus":"TEN_PERCENT_HP_BONUS","is_prod":false,"is_daily":false,"chose_seed":false,"campfire_upgraded":3,"win_rate":0,"timestamp":1542463562,"path_taken":["M","M","M","M","$","E","M","R","T","M","R","$","M","?","R","BOSS","M","$","M","?","M","R","E","M","T","R","?","E"],"build_version":"2018-11-15","purchased_purges":3,"victory":false,"max_hp_per_floor":[88,88,88,88,88,88,88,88,88,88,88,88,88,88,88,88,88,88,88,88,88,88,88,88,88,88,88,88,88],"card_choices":[{"not_picked":["Bloodletting","Armaments"],"picked":"Dropkick","floor":1},{"not_picked":["Rampage","Power Through"],"picked":"Whirlwind","floor":2},{"not_picked":["True Grit","Wild Strike"],"picked":"Searing Blow","floor":3},{"not_picked":["Iron Wave","Havoc"],"picked":"Anger","floor":4},{"not_picked":["Armaments","Iron Wave"],"picked":"Clash","floor":6},{"not_picked":["Hemokinesis","Entrench"],"picked":"Thunderclap","floor":7},{"not_picked":["Wild Strike","Havoc"],"picked":"Rupture","floor":10},{"not_picked":["Juggernaut","Disarm"],"picked":"Heavy Blade","floor":13},{"not_picked":["Sword Boomerang","Clothesline"],"picked":"Flame Barrier","floor":14},{"not_picked":["Berserk","Barricade"],"picked":"Brutality","floor":16},{"not_picked":["Headbutt","Havoc"],"picked":"Flex+1","floor":18},{"not_picked":["Power Through","Uppercut+1"],"picked":"Combust","floor":20},{"not_picked":["Pommel Strike+1","Anger"],"picked":"Clash","floor":22},{"not_picked":["Entrench","Reckless Charge+1"],"picked":"Heavy Blade+1","floor":24},{"not_picked":["Perfected Strike","Sword Boomerang","Carnage"],"picked":"SKIP","floor":25},{"not_picked":["Sword Boomerang+1","Iron Wave"],"picked":"Heavy Blade+1","floor":28}],"player_experience":393279,"relics_obtained":[{"floor":6,"key":"MawBank"},{"floor":9,"key":"Smiling Mask"},{"floor":24,"key":"Bag of Marbles"},{"floor":26,"key":"Blue Candle"}],"event_choices":[{"damage_healed":0,"gold_gain":0,"player_choice":"Upgraded","damage_taken":0,"max_hp_gain":0,"max_hp_loss":0,"event_name":"Upgrade Shrine","floor":21,"gold_loss":0,"cards_upgraded":["Searing Blow"]}],"is_beta":false,"boss_relics":[{"not_picked":["White Beast Statue","Empty Cage"],"picked":"Sozu"}],"items_purged_floors":[5,12,19],"is_endless":false,"potions_floor_spawned":[1,2,6,7,18,28],"killed_by":"Gremlin Leader","ascension_level":3}