{"gold_per_floor":[117,117,131,131,17,52,65,84,84,4,4,22,22,35,35,35],"floor_reached":16,"playtime":1044,"items_purged":["Defend_B"],"score":107,"play_id":"6b7b1435-183f-430f-af87-bfb20f13fa8b","local_time":"20180705010135","is_ascension_mode":true,"campfire_choices":[{"data":"Loop","floor":11,"key":"SMITH"},{"data":"Echo Form","floor":13,"key":"SMITH"},{"data":"Hello World","floor":15,"key":"SMITH"}],"neow_cost":"","seed_source_timestamp":97398737444263,"circlet_count":0,"master_deck":["Strike_B","Strike_B","Strike_B","Strike_B","Defend_B","Defend_B","Defend_B","Zap","Dualcast","BootSequence","Go for the Eyes","Leap","Loop+1","Rebound","Ball Lightning","Auto Shields","Hello World+1","Echo Form+1","Force Field"],"relics":["Cracked Core","Golden Idol","Letter Opener","Shuriken"],"potions_floor_usage":[16,16],"damage_taken":[{"damage":1,"enemies":"2 Louse","floor":1,"turns":3},{"damage":0,"enemies":"Cultist","floor":3,"turns":3},{"damage":24,"enemies":"3 Sentries","floor":6,"turns":7},{"damage":0,"enemies":"Small Slimes","floor":7,"turns":3},{"damage":2,"enemies":"Looter","floor":8,"turns":3},{"damage":3,"enemies":"3 Louse","floor":12,"turns":3},{"damage":0,"enemies":"Exordium Wildlife","floor":14,"turns":2},{"damage":32,"enemies":"Slime Boss","floor":16,"turns":7}],"seed_played":"7679911303427900553","potions_obtained":[{"floor":1,"key":"Poison Potion"},{"floor":6,"key":"LiquidBronze"},{"floor":8,"key":"Poison Potion"}],"is_trial":false,"path_per_floor":["M","?","M","?","$","E","M","M","T","$","R","M","R","M","R"],"character_chosen":"DEFECT","items_purchased":["Loop","Hello World"],"campfire_rested":0,"item_purchase_floors":[5,10],"current_hp_per_floor":[74,74,74,56,56,32,32,30,30,30,30,27,27,27,27,0],"gold":35,"neow_bonus":"","is_prod":false,"is_daily":false,"chose_seed":false,"campfire_upgraded":3,"win_rate":0,"timestamp":1530745295,"path_taken":["M","?","M","?","?","E","M","M","T","$","R","M","R","M","R","BOSS"],"build_version":"2018-06-28","purchased_purges":1,"victory":false,"max_hp_per_floor":[75,75,75,75,75,75,75,75,75,75,75,75,75,75,75,75],"card_choices":[{"not_picked":["Streamline","Scrape"],"picked":"BootSequence","floor":1},{"not_picked":["BootSequence","Turbo"],"picked":"Leap","floor":3},{"not_picked":["Melter","Compile Driver"],"picked":"Rebound","floor":6},{"not_picked":["Beam Cell","Reinforced Body"],"picked":"Ball Lightning","floor":7},{"not_picked":["Steam","Turbo"],"picked":"Auto Shields","floor":8},{"not_picked":["Genetic Algorithm","Blizzard"],"picked":"Echo Form","floor":12},{"not_picked":["Streamline","Auto Shields"],"picked":"Force Field","floor":14}],"player_experience":155366,"relics_obtained":[{"floor":6,"key":"Letter Opener"},{"floor":9,"key":"Shuriken"}],"event_choices":[{"event_name":"Match and Keep!","player_choice":"1 cards matched","floor":2,"damage_taken":0},{"event_name":"Golden Idol","player_choice":"Take Damage","floor":4,"damage_taken":0}],"boss_relics":[],"items_purged_floors":[5],"is_endless":false,"potions_floor_spawned":[1,6,8],"killed_by":"Slime Boss","ascension_level":1}