{"gold_per_floor":[112,112,37,49,24,24,199,199,224,224,249,265,265,265,265,265],"floor_reached":16,"playtime":737,"items_purged":["Defend_R"],"score":110,"play_id":"5aa120e1-426f-4efc-95f2-99d33ef289d1","local_time":"20181022012428","is_ascension_mode":true,"campfire_choices":[{"data":"Metallicize","floor":6,"key":"SMITH"},{"data":"Pommel Strike","floor":8,"key":"SMITH"},{"data":"Shrug It Off","floor":10,"key":"SMITH"},{"data":"Perfected Strike","floor":15,"key":"SMITH"}],"neow_cost":"NONE","seed_source_timestamp":58813508837392,"circlet_count":0,"master_deck":["Strike_R","Strike_R","Strike_R","Strike_R","Strike_R+1","Defend_R","Defend_R","Bash+1","Metallicize+1","Shrug It Off+1","Pommel Strike+1","Doubt","Perfected Strike+1"],"relics":["Burning Blood","Centennial Puzzle","Whetstone"],"potions_floor_usage":[11,11,11,16],"damage_taken":[{"damage":11,"enemies":"Jaw Worm","floor":1,"turns":4},{"damage":5,"enemies":"Cultist","floor":4,"turns":4},{"damage":9,"enemies":"Gremlin Nob","floor":11,"turns":5},{"damage":7,"enemies":"Small Slimes","floor":12,"turns":3},{"damage":88,"enemies":"Slime Boss","floor":16,"turns":11}],"seed_played":"-3450658481015560645","potions_obtained":[{"floor":1,"key":"AttackPotion"},{"floor":2,"key":"SteroidPotion"},{"floor":2,"key":"Block Potion"},{"floor":12,"key":"Swift Potion"}],"is_trial":false,"path_per_floor":["M","?","$","M","$","R","?","R","T","R","E","M","?","?","R"],"character_chosen":"IRONCLAD","items_purchased":["Pommel Strike"],"campfire_rested":0,"item_purchase_floors":[5],"current_hp_per_floor":[83,83,83,84,84,84,84,84,84,84,81,80,80,85,85,0],"gold":265,"neow_bonus":"TEN_PERCENT_HP_BONUS","is_prod":false,"is_daily":false,"chose_seed":false,"campfire_upgraded":4,"win_rate":0,"timestamp":1540164268,"path_taken":["M","?","$","M","?","R","?","R","T","R","E","M","?","?","R","BOSS"],"build_version":"2018-10-18","purchased_purges":1,"victory":false,"max_hp_per_floor":[88,88,88,88,88,88,88,88,88,88,88,88,88,93,93,93],"card_choices":[{"not_picked":["Intimidate","Anger"],"picked":"Metallicize","floor":1},{"not_picked":["Sentinel","Headbutt"],"picked":"Shrug It Off","floor":4},{"not_picked":["Havoc","Cleave"],"picked":"Perfected Strike","floor":11},{"not_picked":["Armaments","Offering","Second Wind"],"picked":"SKIP","floor":12}],"player_experience":364850,"relics_obtained":[{"floor":9,"key":"Centennial Puzzle"},{"floor":11,"key":"Whetstone"}],"event_choices":[{"damage_healed":0,"gold_gain":0,"player_choice":"Got Potions","damage_taken":0,"max_hp_gain":0,"max_hp_loss":0,"event_name":"The Lab","floor":2,"gold_loss":0},{"damage_healed":0,"gold_gain":175,"player_choice":"AGREE","damage_taken":0,"max_hp_gain":0,"max_hp_loss":0,"event_name":"Liars Game","floor":7,"gold_loss":0,"cards_obtained":["Doubt"]},{"cards_removed":["Defend_R"],"damage_healed":0,"gold_gain":0,"player_choice":"Forget","damage_taken":0,"max_hp_gain":0,"max_hp_loss":0,"event_name":"Living Wall","floor":13,"gold_loss":0},{"damage_healed":0,"gold_gain":0,"player_choice":"Donut","damage_taken":0,"max_hp_gain":5,"max_hp_loss":0,"event_name":"Big Fish","floor":14,"gold_loss":0}],"is_beta":false,"boss_relics":[],"items_purged_floors":[3],"is_endless":false,"potions_floor_spawned":[1,12],"killed_by":"Slime Boss","ascension_level":3}