{"gold_per_floor":[116,41,15,15,26,54,65,65,65,65,65,29,46,64,64,166,166,180,165,184,184,97,97],"floor_reached":23,"playtime":832,"items_purged":["Regret"],"score":191,"play_id":"9b72cb9a-bdfc-4ebc-971a-da9a8906075e","local_time":"20190625211343","is_ascension_mode":false,"campfire_choices":[{"data":"Glass Knife","floor":10,"key":"SMITH"},{"data":"PiercingWail","floor":15,"key":"SMITH"}],"neow_cost":"CURSE","seed_source_timestamp":1142310415591295,"circlet_count":0,"master_deck":["Defend_G","Defend_G","Defend_G","Defend_G","Defend_G","Strike_G","Strike_G","Survivor","Neutralize","Glass Knife+1","Deadly Poison","Dash","Crippling Poison","Dagger Spray","Doppelganger","Leg Sweep","Sucker Punch","PiercingWail+1","Glass Knife","Cloak And Dagger+1","Backflip","Footwork+1","Flash of Steel"],"relics":["Ring of the Snake","The Specimen","Mercury Hourglass","Sundial"],"potions_floor_usage":[16,23],"damage_taken":[{"damage":0,"enemies":"2 Louse","floor":1,"turns":2},{"damage":0,"enemies":"Small Slimes","floor":5,"turns":2},{"damage":15,"enemies":"Gremlin Nob","floor":6,"turns":4},{"damage":4,"enemies":"Cultist","floor":7,"turns":3},{"damage":2,"enemies":"Blue Slaver","floor":13,"turns":2},{"damage":4,"enemies":"Large Slime","floor":14,"turns":4},{"damage":21,"enemies":"Slime Boss","floor":16,"turns":11},{"damage":19,"enemies":"Spheric Guardian","floor":18,"turns":4},{"damage":7,"enemies":"2 Thieves","floor":19,"turns":4},{"damage":10,"enemies":"Centurion and Healer","floor":20,"turns":6},{"damage":37,"enemies":"Book of Stabbing","floor":23,"turns":7}],"seed_played":"-803176475203270442","potions_obtained":[{"floor":5,"key":"Regen Potion"},{"floor":13,"key":"GhostInAJar"},{"floor":14,"key":"Weak Potion"}],"is_trial":false,"path_per_floor":["M","$","?","?","M","E","M","?","T","R","?","$","M","M","R","B",null,"M","M","M","?","$","E"],"character_chosen":"THE_SILENT","items_purchased":["Leg Sweep","Flash of Steel"],"campfire_rested":0,"item_purchase_floors":[12,22],"current_hp_per_floor":[70,70,70,70,70,55,51,44,44,44,44,44,42,38,38,17,70,51,44,34,34,34,0],"gold":97,"neow_bonus":"THREE_RARE_CARDS","is_prod":false,"is_daily":false,"chose_seed":false,"campfire_upgraded":2,"win_rate":0,"timestamp":1561511623,"path_taken":["M","$","?","?","M","E","?","?","T","R","?","$","M","M","R","BOSS","M","?","M","?","?","E"],"build_version":"2019-01-23","purchased_purges":1,"victory":false,"max_hp_per_floor":[70,70,70,70,70,70,70,70,70,70,70,70,70,70,70,70,70,70,70,70,70,70,70],"card_choices":[{"not_picked":["After Image","Envenom"],"picked":"Glass Knife","floor":0},{"not_picked":["Outmaneuver","Slice"],"picked":"Deadly Poison","floor":1},{"not_picked":["Acrobatics","Blade Dance"],"picked":"Dash","floor":5},{"not_picked":["Flying Knee","Slice"],"picked":"Crippling Poison","floor":6},{"not_picked":["Burst","Deflect"],"picked":"Dagger Spray","floor":7},{"not_picked":["Flying Knee","Poisoned Stab"],"picked":"Sucker Punch","floor":13},{"not_picked":["Noxious Fumes","Die Die Die"],"picked":"PiercingWail","floor":14},{"not_picked":["Storm of Steel","Unload"],"picked":"Glass Knife","floor":16},{"not_picked":["Infinite Blades","Dagger Spray"],"picked":"Cloak And Dagger+1","floor":18},{"not_picked":["Well Laid Plans","Sucker Punch+1"],"picked":"Backflip","floor":19},{"not_picked":["Eviscerate","Predator+1"],"picked":"Footwork+1","floor":20}],"player_experience":250238,"relics_obtained":[{"floor":6,"key":"The Specimen"},{"floor":9,"key":"Mercury Hourglass"}],"event_choices":[{"damage_healed":0,"gold_gain":0,"player_choice":"Left Gold","damage_taken":0,"max_hp_gain":0,"max_hp_loss":0,"event_name":"World of Goop","floor":3,"gold_loss":26},{"cards_removed":["Strike_G"],"damage_healed":0,"gold_gain":0,"player_choice":"Offered Basic","damage_taken":0,"max_hp_gain":0,"max_hp_loss":0,"event_name":"Bonfire Elementals","floor":4,"gold_loss":0},{"cards_removed":["Strike_G"],"damage_healed":0,"gold_gain":0,"player_choice":"Card Removal","damage_taken":7,"max_hp_gain":0,"max_hp_loss":0,"event_name":"Golden Wing","floor":8,"gold_loss":0},{"damage_healed":0,"gold_gain":0,"cards_transformed":["Strike_G"],"player_choice":"Transformed","damage_taken":0,"max_hp_gain":0,"max_hp_loss":0,"event_name":"Transmorgrifier","floor":11,"gold_loss":0,"cards_obtained":["Doppelganger"]},{"damage_healed":0,"gold_gain":0,"player_choice":"Gave Potion","damage_taken":0,"relics_obtained":["Sundial"],"max_hp_gain":0,"max_hp_loss":0,"event_name":"WeMeetAgain","floor":21,"gold_loss":0}],"is_beta":false,"boss_relics":[{"not_picked":["Snecko Eye","Coffee Dripper","HoveringKite"]}],"items_purged_floors":[2],"is_endless":false,"potions_floor_spawned":[5,13,14],"killed_by":"Book of Stabbing","ascension_level":0}