{"gold_per_floor":[117,131,206,206,218,218,249,249,249,259,64,64,80,43,43,122,122,137,137,151,151,51,51,51],"floor_reached":24,"playtime":928,"items_purged":["Strike_G","Strike_G"],"score":349,"play_id":"7019efe6-3ceb-46d2-8f81-b2691a19fbff","local_time":"20190620184154","is_ascension_mode":true,"campfire_choices":[{"floor":6,"key":"REST"},{"data":"Skewer","floor":8,"key":"SMITH"},{"floor":12,"key":"REST"},{"data":"Neutralize","floor":15,"key":"SMITH"},{"data":"A Thousand Cuts","floor":23,"key":"SMITH"}],"neow_cost":"NONE","seed_source_timestamp":239079688864000,"circlet_count":0,"master_deck":["AscendersBane","Defend_G","Defend_G+1","Defend_G+1","Defend_G","Defend_G","Survivor","Neutralize+1","Acrobatics","Flying Knee","Leg Sweep","Skewer+1","Backflip+1","Noxious Fumes","Catalyst+1","Calculated Gamble+1","A Thousand Cuts+1","Infinite Blades+1","Blade Dance+1","Expertise+1","Cloak And Dagger+1","Endless Agony"],"relics":["Ring of the Snake","Toxic Egg 2","Bronze Scales","Astrolabe","Matryoshka","Oddly Smooth Stone"],"potions_floor_usage":[7,13],"damage_taken":[{"damage":9,"enemies":"Jaw Worm","floor":1,"turns":10},{"damage":4,"enemies":"2 Louse","floor":2,"turns":5},{"damage":0,"enemies":"Cultist","floor":5,"turns":5},{"damage":33,"enemies":"Lagavulin","floor":7,"turns":12},{"damage":5,"enemies":"Blue Slaver","floor":10,"turns":4},{"damage":2,"enemies":"Gremlin Gang","floor":13,"turns":4},{"damage":17,"enemies":"Hexaghost","floor":16,"turns":12},{"damage":7,"enemies":"3 Byrds","floor":18,"turns":5},{"damage":11,"enemies":"Shell Parasite","floor":20,"turns":7},{"damage":37,"enemies":"Slavers","floor":24,"turns":3}],"seed_played":"3003244280073966467","potions_obtained":[{"floor":1,"key":"AttackPotion"},{"floor":10,"key":"Ancient Potion"},{"floor":20,"key":"GamblersBrew"}],"is_trial":false,"path_per_floor":["M","M","?","?","M","R","E","R","T","M","$","R","M","$","R","B",null,"M","T","M","?","$","R","E"],"character_chosen":"THE_SILENT","items_purchased":["Noxious Fumes","GhostInAJar","Calculated Gamble+1"],"campfire_rested":2,"item_purchase_floors":[11,11,14],"current_hp_per_floor":[56,52,41,19,19,40,7,7,7,2,2,23,21,21,21,4,55,48,48,37,37,37,37,0],"gold":51,"neow_bonus":"TEN_PERCENT_HP_BONUS","is_prod":false,"is_daily":false,"chose_seed":false,"campfire_upgraded":3,"win_rate":0,"timestamp":1561048914,"path_taken":["M","M","?","?","M","R","E","R","T","M","$","R","M","?","R","BOSS","M","?","M","?","$","R","E"],"build_version":"2019-01-23","purchased_purges":2,"victory":false,"max_hp_per_floor":[72,72,72,72,72,72,72,72,72,72,72,72,72,72,72,72,72,72,72,72,72,72,72,72],"card_choices":[{"not_picked":["Expertise","Outmaneuver"],"picked":"Acrobatics","floor":1},{"not_picked":["PiercingWail","Dodge and Roll"],"picked":"Flying Knee","floor":2},{"not_picked":["Bane","Slice"],"picked":"Leg Sweep","floor":5},{"not_picked":["Unload","Slice"],"picked":"Skewer","floor":7},{"not_picked":["Poisoned Stab","Blade Dance+1"],"picked":"Backflip+1","floor":10},{"not_picked":["Prepared+1","Underhanded Strike"],"picked":"Catalyst+1","floor":13},{"not_picked":["Phantasmal Killer+1","Malaise+1"],"picked":"A Thousand Cuts","floor":16},{"not_picked":["PiercingWail+1","Prepared+1"],"picked":"Cloak And Dagger+1","floor":18},{"not_picked":["Acrobatics+1","Prepared+1"],"picked":"Endless Agony","floor":20}],"player_experience":1419340,"relics_obtained":[{"floor":7,"key":"Toxic Egg 2"},{"floor":9,"key":"Bronze Scales"},{"floor":19,"key":"Matryoshka"}],"event_choices":[{"damage_healed":0,"gold_gain":75,"player_choice":"Gather Gold","damage_taken":11,"max_hp_gain":0,"max_hp_loss":0,"event_name":"World of Goop","floor":3,"gold_loss":0},{"damage_healed":0,"gold_gain":0,"player_choice":"Entered Light","damage_taken":22,"max_hp_gain":0,"max_hp_loss":0,"event_name":"Shining Light","floor":4,"gold_loss":0,"cards_upgraded":["Defend_G","Defend_G"]},{"damage_healed":0,"gold_gain":0,"player_choice":"Gave Potion","damage_taken":0,"relics_obtained":["Oddly Smooth Stone"],"max_hp_gain":0,"max_hp_loss":0,"event_name":"WeMeetAgain","floor":21,"gold_loss":0}],"is_beta":false,"boss_relics":[{"not_picked":["White Beast Statue","Lizard Tail"],"picked":"Astrolabe"}],"items_purged_floors":[11,22],"is_endless":false,"potions_floor_spawned":[1,10,20],"killed_by":"Slavers","ascension_level":16}