{"gold_per_floor":[17,34,34,50,70,70,83,8,31,31,31,58,75,21,21,94,94,107,107,7,18,37,37,71,71,71,71,71,102,102,119,119,193,193,208,218,237,79,79,79],"floor_reached":40,"playtime":3578,"items_purged":["Strike_R","Wild Strike"],"score":788,"play_id":"b275a91c-6c4a-468a-a3e9-a6e2224b9395","local_time":"20190704215438","is_ascension_mode":true,"campfire_choices":[{"data":"Rupture","floor":6.0,"key":"SMITH"},{"floor":11,"key":"REST"},{"data":"Anger","floor":15,"key":"SMITH"},{"data":"Demon Form","floor":23,"key":"SMITH"},{"data":"Barricade","floor":28,"key":"SMITH"},{"floor":32,"key":"REST"}],"neow_cost":"NO_GOLD","seed_source_timestamp":1457595210723200,"circlet_count":0,"master_deck":["AscendersBane","Chrysalis","Apotheosis+1","Pommel Strike","Anger+1","True Grit","Rupture+1","Shrug It Off","Dual Wield","Anger","Body Slam","Demon Form+1","Reaper","Disarm","Infernal Blade","Flame Barrier","Barricade+1","Flex+1","Flex+1","Inflame","Heavy Blade","Demon Form","Rampage+1","Twin Strike","Berserk","Pain","Iron Wave","Offering","Uppercut","Parasite","Battle Trance+1","Fiend Fire","Shockwave","Feel No Pain"],"special_seed":0,"relics":["Burning Blood","Ancient Tea Set","Orichalcum","Pandora\u0027s Box","Bag of Preparation","Bottled Flame","Champion Belt","Fusion Hammer"],"potions_floor_usage":[12,16,24,29,31,31,36,37],"damage_taken":[{"damage":0.0,"enemies":"Cultist","floor":1.0,"turns":3.0},{"damage":2.0,"enemies":"2 Louse","floor":2.0,"turns":2.0},{"damage":7.0,"enemies":"Jaw Worm","floor":4.0,"turns":2.0},{"damage":40.0,"enemies":"Exordium Thugs","floor":5.0,"turns":5.0},{"damage":25.0,"enemies":"Lots of Slimes","floor":7.0,"turns":6.0},{"damage":2,"enemies":"Lagavulin","floor":12,"turns":6},{"damage":0,"enemies":"2 Fungi Beasts","floor":13,"turns":4},{"damage":24,"enemies":"Hexaghost","floor":16,"turns":12},{"damage":9,"enemies":"Chosen","floor":18,"turns":6},{"damage":22,"enemies":"2 Thieves","floor":21,"turns":4},{"damage":34,"enemies":"Centurion and Healer","floor":22,"turns":7},{"damage":36,"enemies":"Slavers","floor":24,"turns":6},{"damage":36,"enemies":"Book of Stabbing","floor":29,"turns":5},{"damage":21,"enemies":"Chosen and Byrds","floor":31,"turns":7},{"damage":20,"enemies":"Champ","floor":33,"turns":8},{"damage":31,"enemies":"3 Shapes","floor":35,"turns":7},{"damage":35,"enemies":"Orb Walker","floor":36,"turns":4},{"damage":24,"enemies":"Writhing Mass","floor":37,"turns":5},{"damage":32,"enemies":"Nemesis","floor":40,"turns":2}],"seed_played":"807803302898884463","potions_obtained":[{"floor":2.0,"key":"SteroidPotion"},{"floor":5.0,"key":"FearPotion"},{"floor":7.0,"key":"Dexterity Potion"},{"floor":13,"key":"SteroidPotion"},{"floor":18,"key":"Explosive Potion"},{"floor":21,"key":"AttackPotion"},{"floor":24,"key":"Regen Potion"},{"floor":29,"key":"GamblersBrew"},{"floor":35,"key":"Poison Potion"},{"floor":36,"key":"Block Potion"}],"is_trial":false,"path_per_floor":["M","M","?","M","M","R","M","$","T","?","R","E","M","$","R","B",null,"M","?","$","M","M","R","E","?","T","?","R","E","?","M","R","B",null,"M","M","M","$","?","E"],"character_chosen":"IRONCLAD","items_purchased":["Body Slam","Fiend Fire","Shockwave"],"campfire_rested":2,"item_purchase_floors":[14,38,38],"current_hp_per_floor":[74,75,75,74,40,40,21,21,21,21,43,47,53,53,53,35,65,67,85,85,79,51,51,59,59,59,59,59,29,29,43,68,54,77,52,23,16,16,16,0],"gold":79,"neow_bonus":"RANDOM_COLORLESS_2","is_prod":false,"is_daily":false,"chose_seed":false,"campfire_upgraded":4,"win_rate":0,"timestamp":1562270078,"path_taken":["M","M","?","?","M","R","M","?","T","?","R","E","?","$","R","BOSS","M","?","?","?","M","R","E","?","T","?","R","E","?","M","R","BOSS","M","M","?","$","?","E"],"build_version":"2019-07-01","purchased_purges":2,"victory":false,"max_hp_per_floor":[75,75,75,75,75,75,75,75,75,75,75,75,75,75,75,75,75,75,85,85,85,85,85,85,85,85,85,85,85,85,85,85,85,85,85,85,85,85,85,85],"card_choices":[{"not_picked":["Power Through","Intimidate"],"picked":"Pommel Strike","floor":1.0},{"not_picked":["Havoc","Perfected Strike"],"picked":"Anger","floor":2.0},{"not_picked":["Iron Wave","Carnage"],"picked":"True Grit","floor":4.0},{"not_picked":["Searing Blow","Armaments"],"picked":"Rupture","floor":5.0},{"not_picked":["Perfected Strike","Uppercut"],"picked":"Shrug It Off","floor":7.0},{"not_picked":["Armaments","Exhume"],"picked":"Dual Wield","floor":12},{"not_picked":["Ghostly Armor","Shrug It Off"],"picked":"Anger","floor":13},{"not_picked":["Impervious","Immolate"],"picked":"Demon Form","floor":16},{"not_picked":["Heavy Blade","Wild Strike+1"],"picked":"Flex+1","floor":18},{"not_picked":["Clothesline","Perfected Strike"],"picked":"Flex+1","floor":21},{"not_picked":["Intimidate","Cleave"],"picked":"Fire Breathing","floor":22},{"not_picked":["Flex","Reaper"],"picked":"Inflame","floor":24},{"not_picked":["Body Slam","Clothesline"],"picked":"Rampage+1","floor":29},{"not_picked":["Rampage","Pommel Strike"],"picked":"Iron Wave","floor":31},{"not_picked":["Impervious","Juggernaut"],"picked":"Offering","floor":33},{"not_picked":["True Grit","Sword Boomerang"],"picked":"Uppercut","floor":35},{"not_picked":["Shrug It Off","Wild Strike+1","Armaments"],"picked":"SKIP","floor":36},{"not_picked":["Burning Pact","Seeing Red+1"],"picked":"Battle Trance+1","floor":37}],"player_experience":1582496,"relics_obtained":[{"floor":9.0,"key":"Ancient Tea Set"},{"floor":12,"key":"Orichalcum"},{"floor":24,"key":"Bag of Preparation"},{"floor":26,"key":"Bottled Flame"},{"floor":29,"key":"Champion Belt"}],"event_choices":[{"damage_healed":0.0,"max_hp_gain":0.0,"max_hp_loss":0.0,"gold_gain":0.0,"event_name":"Accursed Blacksmith","player_choice":"Forge","floor":3.0,"gold_loss":0.0,"damage_taken":0.0,"cards_upgraded":["Apotheosis"]},{"damage_healed":0.0,"max_hp_gain":0.0,"max_hp_loss":0.0,"gold_gain":0.0,"event_name":"Match and Keep!","player_choice":"0 cards matched","floor":10.0,"gold_loss":0.0,"damage_taken":0.0,"cards_obtained":[]},{"cards_removed":["Brutality"],"damage_healed":8,"gold_gain":0,"player_choice":"Offered Rare","damage_taken":0,"max_hp_gain":10,"max_hp_loss":0,"event_name":"Bonfire Elementals","floor":19,"gold_loss":0},{"damage_healed":0,"gold_gain":0,"cards_transformed":["Bash","Clash"],"player_choice":"Became Test Subject","damage_taken":0,"max_hp_gain":0,"max_hp_loss":0,"event_name":"Drug Dealer","floor":25,"gold_loss":0,"cards_obtained":["Heavy Blade","Demon Form"]},{"cards_removed":["Fire Breathing"],"damage_healed":0,"gold_gain":0,"player_choice":"Elegance","damage_taken":0,"max_hp_gain":0,"max_hp_loss":0,"event_name":"Back to Basics","floor":27,"gold_loss":0},{"damage_healed":0,"gold_gain":0,"player_choice":"3 cards matched","damage_taken":0,"max_hp_gain":0,"max_hp_loss":0,"event_name":"Match and Keep!","floor":30,"gold_loss":0,"cards_obtained":["Twin Strike","Berserk","Pain"]},{"damage_healed":0,"gold_gain":0,"player_choice":"1 cards matched","damage_taken":0,"max_hp_gain":0,"max_hp_loss":0,"event_name":"Match and Keep!","floor":39,"gold_loss":0,"cards_obtained":["Feel No Pain"]}],"is_beta":false,"boss_relics":[{"not_picked":["Black Star","Sozu"],"picked":"Pandora\u0027s Box"},{"not_picked":["Velvet Choker","Philosopher\u0027s Stone"],"picked":"Fusion Hammer"}],"items_purged_floors":[8,20],"is_endless":false,"potions_floor_spawned":[2,5,7,13,18,21,24,29,35,36],"killed_by":"Nemesis","ascension_level":17}