{"gold_per_floor":[114,129,145,17,79,79,104,121,168,184,184,211,211,211,211,287,287,305,335,260,270,286,315,315,346,346,677,677,712,728,173,173,246,246,265,265,11,26,46,77,77,107,107,121,343,343,363,389,389,389],"floor_reached":50,"playtime":2575,"items_purged":["Strike_B","Scrape"],"score":1536,"play_id":"63fa4158-893f-4d1d-973d-f3f2dd9b241b","local_time":"20190526221552","is_ascension_mode":true,"campfire_choices":[{"data":"Loop","floor":6.0,"key":"SMITH"},{"floor":11.0,"key":"REST"},{"data":"Defragment","floor":13.0,"key":"SMITH"},{"data":"Go for the Eyes","floor":15.0,"key":"SMITH"},{"floor":24.0,"key":"REST"},{"floor":28.0,"key":"REST"},{"floor":32.0,"key":"REST"},{"floor":41.0,"key":"RECALL"},{"floor":49.0,"key":"REST"}],"neow_cost":"TEN_PERCENT_HP_LOSS","seed_source_timestamp":785085659016621,"circlet_count":0,"master_deck":["AscendersBane","Strike_B","Defend_B","Defend_B","Defend_B+1","Defend_B","Zap","Dualcast","Loop+1","White Noise","Glacier","Melter","Rip and Tear","Defragment+1","Go for the Eyes+1","Electrodynamics","Ball Lightning+1","Cold Snap","Steam+1","Force Field","Cold Snap","Loop+1","Coolheaded","Double Energy+1","Biased Cognition","Multi-Cast","Capacitor","Echo Form","Chill+1","Buffer","Barrage","Compile Driver+1","Recycle","Coolheaded+1","Barrage"],"special_seed":0,"relics":["FrozenCore","Thread and Needle","Question Card","Potion Belt","Boot","Fusion Hammer","Red Mask","DataDisk","Shuriken","Dead Branch","Old Coin","War Paint","Cables","Omamori","Symbiotic Virus","Letter Opener","Smiling Mask"],"potions_floor_usage":[],"damage_taken":[{"damage":1.0,"enemies":"Small Slimes","floor":1.0,"turns":3.0},{"damage":0.0,"enemies":"2 Louse","floor":2.0,"turns":2.0},{"damage":8.0,"enemies":"Jaw Worm","floor":3.0,"turns":3.0},{"damage":32.0,"enemies":"Gremlin Nob","floor":7.0,"turns":4.0},{"damage":8.0,"enemies":"Exordium Wildlife","floor":8.0,"turns":3.0},{"damage":7.0,"enemies":"Red Slaver","floor":10.0,"turns":5.0},{"damage":10.0,"enemies":"Lagavulin","floor":12.0,"turns":7.0},{"damage":0.0,"enemies":"The Guardian","floor":16.0,"turns":10.0},{"damage":11.0,"enemies":"Chosen","floor":18.0,"turns":5.0},{"damage":3.0,"enemies":"Masked Bandits","floor":19.0,"turns":2.0},{"damage":0.0,"enemies":"Shell Parasite","floor":21.0,"turns":4.0},{"damage":0.0,"enemies":"Cultist and Chosen","floor":22.0,"turns":5.0},{"damage":20.0,"enemies":"Book of Stabbing","floor":23.0,"turns":7.0},{"damage":14.0,"enemies":"Slavers","floor":25.0,"turns":4.0},{"damage":5.0,"enemies":"Book of Stabbing","floor":27.0,"turns":7.0},{"damage":0.0,"enemies":"Gremlin Leader","floor":29.0,"turns":6.0},{"damage":0.0,"enemies":"Snecko","floor":30.0,"turns":5.0},{"damage":2.0,"enemies":"Champ","floor":33.0,"turns":5.0},{"damage":0.0,"enemies":"3 Shapes","floor":35.0,"turns":5.0},{"damage":0.0,"enemies":"Orb Walker","floor":38.0,"turns":4.0},{"damage":0.0,"enemies":"Jaw Worm Horde","floor":39.0,"turns":5.0},{"damage":1.0,"enemies":"Reptomancer","floor":40.0,"turns":7.0},{"damage":0.0,"enemies":"Nemesis","floor":42.0,"turns":3.0},{"damage":2.0,"enemies":"4 Shapes","floor":44.0,"turns":4.0},{"damage":0.0,"enemies":"Maw","floor":47.0,"turns":5.0},{"damage":18.0,"enemies":"Reptomancer","floor":48.0,"turns":5.0},{"damage":70,"enemies":"Awakened One","floor":50,"turns":9}],"seed_played":"-6792192647589513759","potions_obtained":[{"floor":1.0,"key":"Regen Potion"},{"floor":7.0,"key":"Regen Potion"},{"floor":10.0,"key":"Fire Potion"},{"floor":12.0,"key":"Poison Potion"},{"floor":19.0,"key":"SteroidPotion"},{"floor":21.0,"key":"EssenceOfSteel"},{"floor":25.0,"key":"Dexterity Potion"},{"floor":27.0,"key":"AttackPotion"},{"floor":33.0,"key":"AttackPotion"},{"floor":40.0,"key":"GamblersBrew"},{"floor":44.0,"key":"PowerPotion"}],"is_trial":false,"path_per_floor":["M","M","M","$","?","R","E","M","T","M","R","E","R","?","R","B",null,"M","?","?","M","M","E","R","E","T","E","R","E","M","$","R","B",null,"M","?","$","M","M","E","R","E","T","M","?","?","M","E","R","B"],"character_chosen":"DEFECT","items_purchased":["Melter","Rip and Tear","Capacitor","Cables","Omamori","Buffer"],"campfire_rested":5,"item_purchase_floors":[4,4,31,31,31,37],"current_hp_per_floor":[63,63,55,55,55,55,23,15,15,8,27,62,62,62,62,62,64,53,50,50,50,50,30,49,35,35,30,49,49,49,49,64,62,64,64,64,64,64,64,63,63,63,63,61,61,61,61,43,62,0],"gold":389,"neow_bonus":"ONE_RARE_RELIC","is_prod":false,"is_daily":false,"chose_seed":false,"campfire_upgraded":3,"win_rate":0,"timestamp":1558901752,"path_taken":["M","M","M","$","?","R","E","M","T","M","R","E","R","?","R","BOSS","M","?","?","?","?","E","R","E","T","E","R","E","M","?","R","BOSS","M","?","$","?","M","E","R","E","T","M","?","?","M","E","R","BOSS"],"build_version":"2019-01-23","purchased_purges":2,"victory":false,"max_hp_per_floor":[64,64,64,64,64,64,64,64,64,64,64,64,64,64,64,64,64,64,64,64,64,64,64,64,64,64,64,64,64,64,64,64,64,64,64,64,64,64,64,64,64,64,64,64,64,64,64,64,64,64],"card_choices":[{"not_picked":["Blizzard","Conserve Battery"],"picked":"Loop","floor":1.0},{"not_picked":["Hologram","Conserve Battery"],"picked":"White Noise","floor":2.0},{"not_picked":["Auto Shields","Turbo"],"picked":"Glacier","floor":3.0},{"not_picked":["Stack","Undo"],"picked":"Scrape","floor":7.0},{"not_picked":["Beam Cell","Seek","Stack"],"picked":"Defragment","floor":8.0},{"not_picked":["Redo","Aggregate","Scrape"],"picked":"Conserve Battery","floor":10.0},{"not_picked":["Rebound","Aggregate","Reprogram"],"picked":"Go for the Eyes","floor":12.0},{"not_picked":["Biased Cognition","Meteor Strike","All For One"],"picked":"Electrodynamics","floor":16.0},{"not_picked":["Static Discharge","Compile Driver","Rebound"],"picked":"Ball Lightning+1","floor":18.0},{"not_picked":["Reprogram","Gash","Turbo"],"picked":"Cold Snap","floor":19.0},{"not_picked":["Barrage","Leap","Blizzard"],"picked":"Cold Snap","floor":21.0},{"not_picked":["Rip and Tear","Defragment","Aggregate+1"],"picked":"Loop+1","floor":22.0},{"not_picked":["Ball Lightning","Turbo","Compile Driver"],"picked":"Coolheaded","floor":23.0},{"not_picked":["Rebound+1","Auto Shields+1","Stack"],"picked":"Double Energy+1","floor":25.0},{"not_picked":["Rebound","Genetic Algorithm","Beam Cell"],"picked":"Biased Cognition","floor":27.0},{"not_picked":["Blizzard","Force Field","Turbo+1"],"picked":"Multi-Cast","floor":29.0},{"not_picked":["Redo","Chaos","Hologram","Stack"],"picked":"SKIP","floor":30.0},{"not_picked":["Biased Cognition","Seek","Thunder Strike"],"picked":"Echo Form","floor":33.0},{"not_picked":["Gash","Beam Cell","Coolheaded"],"picked":"Chill+1","floor":35.0},{"not_picked":["Leap","Redo","Go for the Eyes","Genetic Algorithm"],"picked":"SKIP","floor":38.0},{"not_picked":["Consume","Conserve Battery","Gash+1"],"picked":"Barrage","floor":39.0},{"not_picked":["Undo","Stack","Go for the Eyes"],"picked":"Compile Driver+1","floor":40.0},{"not_picked":["Beam Cell","Heatsinks","Blizzard"],"picked":"Recycle","floor":42.0},{"not_picked":["Beam Cell","Ball Lightning","Hologram"],"picked":"Coolheaded+1","floor":44.0},{"not_picked":["Streamline","Compile Driver","White Noise","Chaos"],"picked":"SKIP","floor":47.0},{"not_picked":["Stack","Streamline","Aggregate"],"picked":"Barrage","floor":48.0}],"player_experience":799262,"relics_obtained":[{"floor":7.0,"key":"Question Card"},{"floor":9.0,"key":"Potion Belt"},{"floor":12.0,"key":"Boot"},{"floor":19.0,"key":"Red Mask"},{"floor":23.0,"key":"DataDisk"},{"floor":25.0,"key":"Shuriken"},{"floor":26.0,"key":"Dead Branch"},{"floor":27.0,"key":"Old Coin"},{"floor":29.0,"key":"War Paint"},{"floor":40.0,"key":"Symbiotic Virus"},{"floor":42.0,"key":"Letter Opener"},{"floor":48.0,"key":"Smiling Mask"}],"event_choices":[{"damage_healed":0.0,"max_hp_gain":0.0,"max_hp_loss":0.0,"gold_gain":62.0,"event_name":"Golden Wing","player_choice":"Gained Gold","floor":5.0,"gold_loss":0.0,"damage_taken":0.0},{"damage_healed":0.0,"max_hp_gain":0.0,"max_hp_loss":0.0,"gold_gain":0.0,"event_name":"Liars Game","player_choice":"Ignored","floor":14.0,"gold_loss":0.0,"damage_taken":0.0},{"damage_healed":0.0,"max_hp_gain":0.0,"max_hp_loss":0.0,"gold_gain":0.0,"event_name":"Masked Bandits","player_choice":"Fought Bandits","floor":19.0,"gold_loss":0.0,"damage_taken":0.0},{"damage_healed":0.0,"max_hp_gain":0.0,"max_hp_loss":0.0,"gold_gain":0.0,"cards_transformed":["Strike_B","Strike_B"],"event_name":"Designer","player_choice":"Transformed Cards","floor":20.0,"gold_loss":75.0,"damage_taken":0.0,"cards_obtained":["Steam","Force Field"]},{"damage_healed":0.0,"max_hp_gain":0.0,"max_hp_loss":0.0,"gold_gain":0.0,"event_name":"Wheel of Change","player_choice":"Full Heal","floor":36.0,"gold_loss":0.0,"damage_taken":0.0},{"damage_healed":0.0,"max_hp_gain":0.0,"max_hp_loss":0.0,"gold_gain":222.0,"event_name":"Tomb of Lord Red Mask","player_choice":"Wore Mask","floor":45.0,"gold_loss":0.0,"damage_taken":0.0},{"cards_removed":["Conserve Battery"],"damage_healed":0.0,"max_hp_gain":0.0,"max_hp_loss":0.0,"gold_gain":0.0,"event_name":"Falling","player_choice":"Removed Skill","floor":46.0,"gold_loss":0.0,"damage_taken":0.0}],"is_beta":false,"boss_relics":[{"not_picked":["Eternal Feather","Ectoplasm"],"picked":"Fusion Hammer"},{"not_picked":["Coffee Dripper","Runic Dome"],"picked":"FrozenCore"}],"items_purged_floors":[31,37],"is_endless":false,"potions_floor_spawned":[1,7,8,10,12,19,21,25,27,33,39,40,44,47],"killed_by":"Awakened One","ascension_level":20}