{"gold_per_floor":[19,30,30,49,59,59,87,97,97,97,97,111,111,136,136,207,207,226,226],"floor_reached":19,"playtime":743,"items_purged":[],"score":367,"play_id":"1032c15b-fc02-4505-96f8-6966f063c961","local_time":"20190626194556","is_ascension_mode":true,"campfire_choices":[{"data":"Bullet Time","floor":6,"key":"SMITH"},{"data":"Neutralize","floor":10,"key":"SMITH"},{"floor":13,"key":"REST"},{"floor":15,"key":"REST"}],"neow_cost":"NO_GOLD","seed_source_timestamp":761519308586100,"circlet_count":0,"master_deck":["AscendersBane","Defend_G","Defend_G","Defend_G","Defend_G","Defend_G","Strike_G","Strike_G","Strike_G","Strike_G","Strike_G","Survivor","Neutralize+1","Bullet Time+1","Skewer+1","Poisoned Stab","Bouncing Flask","Blur","Noxious Fumes","Poisoned Stab","Adrenaline","Noxious Fumes","Glass Knife","Deadly Poison"],"relics":["Ring of the Snake","Nunchaku","Bottled Lightning","NlothsMask","Ornamental Fan","WristBlade"],"potions_floor_usage":[7,14,16],"damage_taken":[{"damage":1,"enemies":"Small Slimes","floor":1,"turns":4},{"damage":11,"enemies":"2 Louse","floor":2,"turns":3},{"damage":0,"enemies":"Cultist","floor":4,"turns":3},{"damage":11,"enemies":"Looter","floor":5,"turns":3},{"damage":16,"enemies":"Gremlin Nob","floor":7,"turns":3},{"damage":16,"enemies":"3 Louse","floor":8,"turns":4},{"damage":0,"enemies":"Gremlin Gang","floor":12,"turns":4},{"damage":0,"enemies":"Lagavulin","floor":14,"turns":5},{"damage":32,"enemies":"Slime Boss","floor":16,"turns":8},{"damage":3,"enemies":"Chosen","floor":18,"turns":4},{"damage":61,"enemies":"Masked Bandits","floor":19,"turns":3}],"seed_played":"4663367184874130685","potions_obtained":[{"floor":5,"key":"FearPotion"},{"floor":12,"key":"Block Potion"},{"floor":14,"key":"GamblersBrew"}],"is_trial":false,"path_per_floor":["M","M","?","M","M","R","E","M","T","R","?","M","R","E","R","B",null,"M","?"],"character_chosen":"THE_SILENT","items_purchased":[],"campfire_rested":2,"item_purchase_floors":[],"current_hp_per_floor":[58,47,47,47,36,36,20,4,4,4,4,4,23,23,42,10,52,49,0],"gold":226,"neow_bonus":"THREE_RARE_CARDS","is_prod":false,"is_daily":false,"chose_seed":false,"campfire_upgraded":2,"win_rate":0,"timestamp":1561571156,"path_taken":["M","M","?","M","M","R","E","M","T","R","?","M","R","E","R","BOSS","M","?"],"build_version":"2019-01-23","purchased_purges":0,"victory":false,"max_hp_per_floor":[66,66,66,66,66,66,66,66,66,66,66,66,66,66,66,66,66,66,66],"card_choices":[{"not_picked":["Burst","Grand Finale"],"picked":"Bullet Time","floor":0},{"not_picked":["Backflip","Quick Slash"],"picked":"Skewer","floor":1},{"not_picked":["Reflex","Masterful Stab"],"picked":"Poisoned Stab","floor":2},{"not_picked":["Deadly Poison","PiercingWail"],"picked":"Bouncing Flask","floor":4},{"not_picked":["Underhanded Strike","Terror"],"picked":"Blur","floor":5},{"not_picked":["Deadly Poison","Sucker Punch"],"picked":"Noxious Fumes","floor":7},{"not_picked":["Skewer","PiercingWail"],"picked":"Poisoned Stab","floor":8},{"not_picked":["Quick Slash","Deflect"],"picked":"Adrenaline","floor":12},{"not_picked":["Cloak And Dagger","PiercingWail"],"picked":"Noxious Fumes","floor":14},{"not_picked":["Phantasmal Killer","Doppelganger"],"picked":"Glass Knife","floor":16},{"not_picked":["Poisoned Stab+1","Dagger Spray"],"picked":"Deadly Poison","floor":18}],"player_experience":1493894,"relics_obtained":[{"floor":7,"key":"Nunchaku"},{"floor":9,"key":"Bottled Lightning"},{"floor":14,"key":"Ornamental Fan"}],"event_choices":[{"damage_healed":0,"gold_gain":0,"player_choice":"Grow","damage_taken":0,"max_hp_gain":0,"max_hp_loss":0,"event_name":"Living Wall","floor":3,"gold_loss":0,"cards_upgraded":["Skewer"]},{"damage_healed":0,"gold_gain":0,"player_choice":"Trade","damage_taken":0,"relics_obtained":["NlothsMask"],"max_hp_gain":0,"max_hp_loss":0,"event_name":"FaceTrader","floor":11,"gold_loss":0},{"damage_healed":0,"gold_gain":0,"player_choice":"Fought Bandits","damage_taken":0,"max_hp_gain":0,"max_hp_loss":0,"event_name":"Masked Bandits","floor":19,"gold_loss":0}],"is_beta":false,"boss_relics":[{"not_picked":["Runic Dome","Runic Pyramid"],"picked":"WristBlade"}],"items_purged_floors":[],"is_endless":false,"potions_floor_spawned":[5,12,14],"killed_by":"Masked Bandits","ascension_level":16}