{"gold_per_floor":[111,111,128,128,128,169,169,184,184,184,73,111,111,131,131,226,226,247,247,265,94,94,94,133,8,8,8,29,29,70,91,91,180,180,204,21,46,46,46,46,60,116,143,143,268,268,268,291,291,291],"floor_reached":51,"playtime":2535,"items_purged":["Strike_R","Strike_R","Strike_R"],"score":1312,"play_id":"1d81cdc8-cfd7-4860-a2bf-146363590892","local_time":"20191003203818","is_ascension_mode":true,"campfire_choices":[{"data":"Whirlwind","floor":7.0,"key":"SMITH"},{"data":"Body Slam","floor":10.0,"key":"SMITH"},{"data":"Shockwave","floor":13.0,"key":"SMITH"},{"data":"Rampage","floor":15.0,"key":"SMITH"},{"data":"Battle Trance","floor":23.0,"key":"SMITH"},{"data":"Bash","floor":27.0,"key":"SMITH"},{"floor":29.0,"key":"REST"},{"data":"Flame Barrier","floor":32.0,"key":"SMITH"},{"data":"Shrug It Off","floor":40.0,"key":"SMITH"},{"data":"Defend_R","floor":44,"key":"SMITH"},{"data":"Defend_R","floor":47,"key":"SMITH"},{"data":"Defend_R","floor":49,"key":"SMITH"}],"neow_cost":"NONE","seed_source_timestamp":9566694044053,"circlet_count":0,"master_deck":["AscendersBane","Strike_R","Strike_R","Defend_R","Defend_R+1","Defend_R+1","Defend_R+1","Bash+1","Whirlwind+1","Body Slam+1","Shockwave+1","Rampage+1","Evolve+1","Battle Trance+1","Feel No Pain+1","Headbutt","Flame Barrier+1","Demon Form+1","Reaper","Shrug It Off+1"],"special_seed":0,"relics":["Black Blood","NeowsBlessing","Golden Idol","Paper Frog","Frozen Egg 2","Omamori","Sozu","Oddly Smooth Stone","Thread and Needle","Happy Flower","Du-Vu Doll","Art of War","Unceasing Top","StoneCalendar"],"potions_floor_usage":[],"damage_taken":[{"damage":0.0,"enemies":"Jaw Worm","floor":1.0,"turns":1.0},{"damage":0.0,"enemies":"2 Louse","floor":3.0,"turns":1.0},{"damage":0.0,"enemies":"Gremlin Nob","floor":6.0,"turns":1.0},{"damage":0.0,"enemies":"Small Slimes","floor":8.0,"turns":3.0},{"damage":20.0,"enemies":"3 Sentries","floor":12.0,"turns":5.0},{"damage":6.0,"enemies":"2 Fungi Beasts","floor":14.0,"turns":4.0},{"damage":43.0,"enemies":"Slime Boss","floor":16.0,"turns":8.0},{"damage":0.0,"enemies":"3 Byrds","floor":18.0,"turns":5.0},{"damage":22.0,"enemies":"Spheric Guardian","floor":20.0,"turns":4.0},{"damage":16.0,"enemies":"Gremlin Leader","floor":24.0,"turns":7.0},{"damage":10.0,"enemies":"Shelled Parasite and Fungi","floor":28.0,"turns":5.0},{"damage":9.0,"enemies":"Book of Stabbing","floor":30.0,"turns":5.0},{"damage":0.0,"enemies":"Snecko","floor":31.0,"turns":4.0},{"damage":58.0,"enemies":"Collector","floor":33.0,"turns":10.0},{"damage":10.0,"enemies":"Orb Walker","floor":35.0,"turns":4.0},{"damage":43.0,"enemies":"3 Darklings","floor":37.0,"turns":8.0},{"damage":8,"enemies":"Sphere and 2 Shapes","floor":41,"turns":6},{"damage":24,"enemies":"2 Orb Walkers","floor":42,"turns":5},{"damage":0,"enemies":"Mind Bloom Boss Battle","floor":45,"turns":5},{"damage":14,"enemies":"4 Shapes","floor":48,"turns":4},{"damage":62,"enemies":"Time Eater","floor":50,"turns":11}],"seed_played":"-5871268036654768069","potions_obtained":[{"floor":1.0,"key":"GamblersBrew"},{"floor":12.0,"key":"Ancient Potion"}],"is_trial":false,"path_per_floor":["M","?","M","?","?","E","R","M","T","R","$","E","R","M","R","B",null,"M","?","M","$","?","R","E","$","T","R","M","R","E","M","R","B",null,"M","$","M","$","?","R","M","?","T","R","?","T","R","M","R","B",null],"character_chosen":"IRONCLAD","items_purchased":["Rampage","Feel No Pain+1","Reaper","Shrug It Off"],"campfire_rested":1,"item_purchase_floors":[11,21,36,36],"current_hp_per_floor":[74,74,75,80,52,58,58,64,64,64,64,50,50,50,50,13,63,69,69,53,53,53,53,43,43,43,43,39,63,60,66,66,14,64,64,64,80,80,76,76,76,69,69,69,76,76,76,76,76,58],"gold":291,"neow_bonus":"THREE_ENEMY_KILL","is_prod":false,"is_daily":false,"chose_seed":false,"campfire_upgraded":11,"win_rate":0,"timestamp":1570160298,"path_taken":["M","?","M","?","?","E","R","M","T","R","$","E","R","M","R","BOSS","M","?","?","$","?","R","E","?","T","R","M","R","E","M","R","BOSS","M","$","M","$","?","R","M","?","T","R","?","?","R","?","R","BOSS"],"build_version":"2019-07-17","purchased_purges":3,"victory":true,"max_hp_per_floor":[75,75,75,80,80,80,80,80,80,80,80,80,80,80,80,80,80,80,80,80,80,80,80,80,80,80,80,80,80,80,80,80,80,80,80,80,80,80,76,76,76,76,76,76,76,76,76,76,76,76],"card_choices":[{"not_picked":["Rupture","Feel No Pain","Anger"],"picked":"SKIP","floor":1.0},{"not_picked":["Shrug It Off","Clothesline"],"picked":"Whirlwind","floor":3.0},{"not_picked":["Anger","Dual Wield"],"picked":"Body Slam","floor":6.0},{"not_picked":["Wild Strike","Ghostly Armor"],"picked":"Shockwave","floor":8.0},{"not_picked":["Reckless Charge","Carnage","Headbutt"],"picked":"SKIP","floor":12.0},{"not_picked":["Body Slam","Iron Wave"],"picked":"Evolve+1","floor":14.0},{"not_picked":["Headbutt","Perfected Strike"],"picked":"Battle Trance","floor":18.0},{"not_picked":["Pommel Strike","Twin Strike","Anger"],"picked":"SKIP","floor":20.0},{"not_picked":["Anger","Battle Trance"],"picked":"Headbutt","floor":24.0},{"not_picked":["Iron Wave","Carnage","Immolate"],"picked":"SKIP","floor":28.0},{"not_picked":["Havoc","Sword Boomerang"],"picked":"Flame Barrier","floor":30.0},{"not_picked":["Armaments","Sword Boomerang+1","Bloodletting"],"picked":"SKIP","floor":31.0},{"not_picked":["Juggernaut+1","Offering"],"picked":"Demon Form+1","floor":33.0},{"not_picked":["Metallicize+1","Warcry","Clash+1"],"picked":"SKIP","floor":35.0},{"not_picked":["Anger","Thunderclap","Clash"],"picked":"SKIP","floor":37.0},{"not_picked":["Spot Weakness","Rampage","Corruption+1"],"picked":"SKIP","floor":41},{"not_picked":["Headbutt+1","Searing Blow","Ghostly Armor+1"],"picked":"SKIP","floor":48}],"player_experience":308982,"relics_obtained":[{"floor":6.0,"key":"Paper Frog"},{"floor":9.0,"key":"Frozen Egg 2"},{"floor":12.0,"key":"Omamori"},{"floor":24.0,"key":"Oddly Smooth Stone"},{"floor":26.0,"key":"Thread and Needle"},{"floor":30.0,"key":"Happy Flower"},{"floor":42,"key":"Du-Vu Doll"},{"floor":43,"key":"Art of War"},{"floor":45,"key":"Unceasing Top"},{"floor":46,"key":"StoneCalendar"}],"event_choices":[{"damage_healed":0.0,"max_hp_gain":0.0,"max_hp_loss":0.0,"gold_gain":0.0,"event_name":"Liars Game","player_choice":"Ignored","floor":2.0,"gold_loss":0.0,"damage_taken":0.0},{"damage_healed":0.0,"max_hp_gain":5.0,"max_hp_loss":0.0,"gold_gain":0.0,"event_name":"Big Fish","player_choice":"Donut","floor":4.0,"gold_loss":0.0,"damage_taken":0.0},{"damage_healed":0.0,"max_hp_gain":0.0,"max_hp_loss":0.0,"gold_gain":0.0,"event_name":"Golden Idol","player_choice":"Take Damage","floor":5.0,"gold_loss":0.0,"damage_taken":28.0,"relics_obtained":["Golden Idol"]},{"damage_healed":0.0,"max_hp_gain":0.0,"max_hp_loss":0.0,"gold_gain":0.0,"event_name":"Lab","player_choice":"Got Potions","floor":19.0,"gold_loss":0.0,"damage_taken":0.0},{"damage_healed":0.0,"max_hp_gain":0.0,"max_hp_loss":0.0,"gold_gain":0.0,"event_name":"The Mausoleum","player_choice":"Ignored","floor":22.0,"gold_loss":0.0,"damage_taken":0.0},{"damage_healed":0.0,"max_hp_gain":0.0,"max_hp_loss":4.0,"gold_gain":0.0,"event_name":"Winding Halls","player_choice":"Max HP","floor":39.0,"gold_loss":0.0,"damage_taken":0.0},{"damage_healed":0,"gold_gain":0,"player_choice":"Fight","damage_taken":0,"max_hp_gain":0,"max_hp_loss":0,"event_name":"Mysterious Sphere","floor":42,"gold_loss":0},{"damage_healed":0,"gold_gain":0,"player_choice":"Fight","damage_taken":0,"max_hp_gain":0,"max_hp_loss":0,"event_name":"MindBloom","floor":45,"gold_loss":0}],"is_beta":false,"boss_relics":[{"not_picked":["Pandora\u0027s Box","Fusion Hammer"],"picked":"Sozu"},{"not_picked":["White Beast Statue","Astrolabe"],"picked":"Black Blood"}],"items_purged_floors":[11,21,25],"is_endless":false,"potions_floor_spawned":[1,12,18,20,24,31,33,35,37,48],"ascension_level":15}