{"gold_per_floor":[109,109,109,121,137,162,177,177,177,327,327,362,375,375,375,448,448,465,485,485,485,410,410,423,423,423,442,477,21,34,34,34,34],"floor_reached":33,"playtime":927,"items_purged":["Strike_R"],"score":523,"play_id":"f95584ae-fe61-43e2-a6d2-4ff79b24cab1","local_time":"20190814211537","is_ascension_mode":true,"campfire_choices":[{"data":"Bash","floor":8,"key":"SMITH"},{"data":"Defend_R","floor":11,"key":"SMITH"},{"floor":15,"key":"DIG"},{"floor":23,"key":"REST"},{"floor":25,"key":"REST"},{"floor":32,"key":"REST"}],"neow_cost":"NONE","seed_source_timestamp":58005807813300,"circlet_count":0,"master_deck":["AscendersBane","Strike_R","Strike_R","Strike_R","Defend_R","Defend_R","Defend_R+1","Bash+1","True Grit+1","Anger+1","Perfected Strike+1","Iron Wave+1","Twin Strike+1","Rampage+1","Wild Strike+1","Heavy Blade+1","Double Tap","Dual Wield","RitualDagger+1","Perfected Strike+1","Twin Strike+1","Clash+1","Armaments","Shrug It Off","Headbutt+1","Decay"],"relics":["Burning Blood","NeowsBlessing","Molten Egg 2","Singing Bowl","Mummified Hand","Shovel","Regal Pillow","Lizard Tail","Magic Flower","Ginger","Vajra"],"potions_floor_usage":[7,16,16,19,19,27,30,33],"damage_taken":[{"damage":0,"enemies":"Jaw Worm","floor":1,"turns":1},{"damage":0,"enemies":"2 Louse","floor":4,"turns":1},{"damage":0,"enemies":"Cultist","floor":5,"turns":1},{"damage":32,"enemies":"Gremlin Nob","floor":6,"turns":4},{"damage":0,"enemies":"Large Slime","floor":7,"turns":4},{"damage":22,"enemies":"Lagavulin","floor":12,"turns":6},{"damage":6,"enemies":"2 Fungi Beasts","floor":13,"turns":3},{"damage":48,"enemies":"Slime Boss","floor":16,"turns":9},{"damage":5,"enemies":"Chosen","floor":18,"turns":3},{"damage":47,"enemies":"3 Byrds","floor":19,"turns":7},{"damage":40,"enemies":"3 Cultists","floor":24,"turns":6},{"damage":35,"enemies":"Shelled Parasite and Fungi","floor":27,"turns":4},{"damage":75,"enemies":"Slavers","floor":28,"turns":7},{"damage":3,"enemies":"Snake Plant","floor":30,"turns":3},{"damage":88,"enemies":"Collector","floor":33,"turns":6}],"seed_played":"-3191718995160370228","potions_obtained":[{"floor":5,"key":"Regen Potion"},{"floor":12,"key":"EssenceOfSteel"},{"floor":13,"key":"SkillPotion"},{"floor":16,"key":"AttackPotion"},{"floor":18,"key":"GamblersBrew"},{"floor":19,"key":"Ancient Potion"}],"is_trial":false,"path_per_floor":["M","?","?","M","M","E","M","R","T","?","R","E","M","?","R","B",null,"M","M","?","?","?","R","M","R","T","M","E","$","M","?","R","B"],"character_chosen":"IRONCLAD","items_purchased":["Vajra","Armaments","Shrug It Off","Swift Potion","Swift Potion"],"campfire_rested":3,"item_purchase_floors":[29,29,29,29,29],"current_hp_per_floor":[74,69,69,75,75,49,67,67,67,67,67,51,51,51,51,9,59,62,21,21,15,15,53,19,57,57,31,28,28,34,34,72,0],"gold":34,"neow_bonus":"THREE_ENEMY_KILL","is_prod":false,"is_daily":false,"chose_seed":false,"campfire_upgraded":2,"win_rate":0,"timestamp":1565810137,"path_taken":["M","?","?","M","?","E","M","R","T","?","R","E","M","?","R","BOSS","M","?","?","?","?","R","M","R","T","?","E","$","?","?","R","BOSS"],"build_version":"2019-07-17","purchased_purges":1,"victory":false,"max_hp_per_floor":[75,75,75,75,75,75,75,75,75,75,75,75,75,75,75,75,75,77,77,77,77,77,77,77,77,77,77,77,77,77,77,77,77],"card_choices":[{"not_picked":["Twin Strike","Pommel Strike"],"picked":"True Grit","floor":1},{"not_picked":["Cleave+1","Thunderclap+1"],"picked":"Anger+1","floor":4},{"not_picked":["Rupture","Entrench"],"picked":"Perfected Strike+1","floor":5},{"not_picked":["Clash+1","Flex"],"picked":"Iron Wave+1","floor":6},{"not_picked":["Clothesline+1","Impervious"],"picked":"Twin Strike+1","floor":7},{"not_picked":["Anger+1","Wild Strike+1"],"picked":"Rampage+1","floor":12},{"not_picked":["Flex","Sentinel"],"picked":"Wild Strike+1","floor":13},{"not_picked":["Immolate+1","Juggernaut"],"picked":"Double Tap","floor":16},{"not_picked":["Shrug It Off","Hemokinesis+1","Clash+1"],"picked":"Singing Bowl","floor":18},{"not_picked":["Infernal Blade+1","Dropkick+1"],"picked":"Dual Wield","floor":19},{"not_picked":["Rampage+1","Armaments"],"picked":"Perfected Strike+1","floor":24},{"not_picked":["Dual Wield","Wild Strike+1"],"picked":"Twin Strike+1","floor":27},{"not_picked":["Blood for Blood+1","Barricade"],"picked":"Clash+1","floor":28},{"not_picked":["Twin Strike+1","Shockwave"],"picked":"Headbutt+1","floor":30}],"player_experience":1897454,"relics_obtained":[{"floor":6,"key":"Singing Bowl"},{"floor":9,"key":"Mummified Hand"},{"floor":12,"key":"Shovel"},{"floor":15,"key":"Regal Pillow"},{"floor":26,"key":"Magic Flower"},{"floor":28,"key":"Ginger"}],"event_choices":[{"damage_healed":0,"gold_gain":0,"player_choice":"Success","damage_taken":5,"relics_obtained":["Molten Egg 2"],"max_hp_gain":0,"max_hp_loss":0,"event_name":"Scrap Ooze","floor":2,"gold_loss":0},{"damage_healed":0,"gold_gain":0,"player_choice":"Forge","damage_taken":0,"max_hp_gain":0,"max_hp_loss":0,"event_name":"Accursed Blacksmith","floor":3,"gold_loss":0,"cards_upgraded":["True Grit"]},{"damage_healed":0,"gold_gain":150,"player_choice":"AGREE","damage_taken":0,"max_hp_gain":0,"max_hp_loss":0,"event_name":"Liars Game","floor":10,"gold_loss":0,"cards_obtained":["Doubt"]},{"damage_healed":0,"gold_gain":0,"cards_transformed":["Defend_R"],"player_choice":"Transformed","damage_taken":0,"max_hp_gain":0,"max_hp_loss":0,"event_name":"Transmorgrifier","floor":14,"gold_loss":0,"cards_obtained":["Heavy Blade"]},{"cards_removed":["Doubt"],"damage_healed":0,"gold_gain":0,"player_choice":"Elegance","damage_taken":0,"max_hp_gain":0,"max_hp_loss":0,"event_name":"Back to Basics","floor":20,"gold_loss":0},{"damage_healed":0,"gold_gain":0,"player_choice":"Joined the Cult","damage_taken":6,"max_hp_gain":0,"max_hp_loss":0,"event_name":"Nest","floor":21,"gold_loss":0,"cards_obtained":["RitualDagger"]},{"cards_removed":["Strike_R"],"damage_healed":0,"gold_gain":0,"player_choice":"Gave Gold","damage_taken":0,"max_hp_gain":0,"max_hp_loss":0,"event_name":"Beggar","floor":22,"gold_loss":75},{"damage_healed":0,"gold_gain":0,"player_choice":"Smashed Altar","damage_taken":0,"max_hp_gain":0,"max_hp_loss":0,"event_name":"Forgotten Altar","floor":31,"gold_loss":0,"cards_obtained":["Decay"]}],"is_beta":false,"boss_relics":[{"not_picked":["Snecko Eye","Calling Bell"],"picked":"Lizard Tail"}],"items_purged_floors":[29],"is_endless":false,"potions_floor_spawned":[5,12,13,16,18,19],"killed_by":"Collector","ascension_level":18}