{"gold_per_floor":[115,133,58,58,14,14,55,74,74,105,121,165,165,165,165,165],"floor_reached":16,"playtime":261,"items_purged":[],"score":286,"play_id":"2dd850c6-07dd-4b57-a546-553ccf490445","local_time":"20190518120105","is_ascension_mode":true,"campfire_choices":[{"data":"Searing Blow","floor":6.0,"key":"SMITH"},{"data":"Searing Blow+1","floor":15,"key":"SMITH"}],"neow_cost":"NONE","seed_source_timestamp":59831401810859,"circlet_count":0,"master_deck":["AscendersBane","Strike_R","Strike_R","Strike_R","Strike_R","Defend_R","Defend_R","Defend_R","Defend_R","Bash","Cleave","Uppercut","Searing Blow+2","Shrug It Off","Armaments","Metallicize"],"special_seed":0,"relics":["Burning Blood","NeowsBlessing","Golden Idol","Prayer Wheel","Nunchaku","Red Skull","Kunai","Smiling Mask"],"potions_floor_usage":[16],"damage_taken":[{"damage":0.0,"enemies":"Small Slimes","floor":1.0,"turns":1.0},{"damage":0.0,"enemies":"Jaw Worm","floor":2.0,"turns":1.0},{"damage":0.0,"enemies":"Gremlin Nob","floor":7.0,"turns":1.0},{"damage":7.0,"enemies":"2 Louse","floor":8.0,"turns":3.0},{"damage":40.0,"enemies":"Lagavulin","floor":10.0,"turns":6.0},{"damage":5.0,"enemies":"Large Slime","floor":11.0,"turns":4.0},{"damage":6.0,"enemies":"Gremlin Nob","floor":12.0,"turns":3.0},{"damage":28,"enemies":"Hexaghost","floor":16,"turns":7}],"seed_played":"7955049701250578094","potions_obtained":[{"floor":7.0,"key":"Fire Potion"},{"floor":8.0,"key":"Fire Potion"},{"floor":12.0,"key":"Block Potion"}],"is_trial":false,"path_per_floor":["M","M","?","?","$","R","E","M","T","E","M","E","?","?","R","B"],"character_chosen":"IRONCLAD","items_purchased":["Searing Blow"],"campfire_rested":0,"item_purchase_floors":[5],"current_hp_per_floor":[74,75,75,68,68,68,68,67,67,33,34,34,39,28,28,0],"gold":165,"neow_bonus":"THREE_ENEMY_KILL","is_prod":false,"is_daily":false,"chose_seed":false,"campfire_upgraded":2,"win_rate":0,"timestamp":1558173665,"path_taken":["M","M","?","?","$","R","E","M","T","E","M","E","?","?","R","BOSS"],"build_version":"2019-01-23","purchased_purges":0,"victory":false,"max_hp_per_floor":[75,75,75,68,68,68,68,68,68,68,68,68,73,73,73,73],"card_choices":[{"not_picked":["Armaments","Havoc"],"picked":"Cleave","floor":1.0},{"not_picked":["Sword Boomerang","Fire Breathing"],"picked":"Uppercut","floor":2.0},{"not_picked":["Heavy Blade","Limit Break","Flex"],"picked":"SKIP","floor":7.0},{"not_picked":["Wild Strike","Iron Wave"],"picked":"Shrug It Off","floor":8.0},{"not_picked":["Spot Weakness","Cleave","Twin Strike"],"picked":"SKIP","floor":8.0},{"not_picked":["Perfected Strike","Body Slam","Thunderclap"],"picked":"SKIP","floor":10.0},{"not_picked":["Clothesline","Infernal Blade"],"picked":"Armaments","floor":11.0},{"not_picked":["Wild Strike","Exhume","Carnage"],"picked":"SKIP","floor":11.0},{"not_picked":["Headbutt","Rage"],"picked":"Metallicize","floor":12.0}],"player_experience":791841,"relics_obtained":[{"floor":7.0,"key":"Prayer Wheel"},{"floor":9.0,"key":"Nunchaku"},{"floor":10.0,"key":"Red Skull"},{"floor":12.0,"key":"Kunai"}],"event_choices":[{"cards_removed":["Strike_R"],"damage_healed":0.0,"max_hp_gain":0.0,"max_hp_loss":0.0,"gold_gain":0.0,"event_name":"The Cleric","player_choice":"Card Removal","floor":3.0,"gold_loss":75.0,"damage_taken":0.0},{"damage_healed":0.0,"max_hp_gain":0.0,"max_hp_loss":7.0,"gold_gain":0.0,"event_name":"Golden Idol","player_choice":"Lose Max HP","floor":4.0,"gold_loss":0.0,"damage_taken":0.0,"relics_obtained":["Golden Idol"]},{"damage_healed":0,"gold_gain":0,"player_choice":"Donut","damage_taken":0,"max_hp_gain":5,"max_hp_loss":0,"event_name":"Big Fish","floor":13,"gold_loss":0},{"damage_healed":0,"gold_gain":0,"player_choice":"Success","damage_taken":11,"relics_obtained":["Smiling Mask"],"max_hp_gain":0,"max_hp_loss":0,"event_name":"Scrap Ooze","floor":14,"gold_loss":0}],"is_beta":false,"boss_relics":[],"items_purged_floors":[],"is_endless":false,"potions_floor_spawned":[7,8,12],"killed_by":"Hexaghost","ascension_level":20}