{"gold_per_floor":[110,121,133,153,153,153],"floor_reached":6,"playtime":238,"items_purged":[],"score":68,"play_id":"a0d481f5-24ed-4e92-b82d-9c0d06c78432","local_time":"20190525204405","is_ascension_mode":true,"campfire_choices":[],"neow_cost":"PERCENT_DAMAGE","seed_source_timestamp":1028237324635100,"circlet_count":0,"master_deck":["AscendersBane","Strike_R","Strike_R","Strike_R","Strike_R","Strike_R","Defend_R","Defend_R","Defend_R","Defend_R","Bash","Thunderclap","Anger","Headbutt","Battle Trance","Clothesline","Body Slam","Inflame","Anger","Injury"],"relics":["Burning Blood","Prayer Wheel","Golden Idol"],"potions_floor_usage":[6],"damage_taken":[{"damage":6,"enemies":"Cultist","floor":1,"turns":4},{"damage":0,"enemies":"Small Slimes","floor":2,"turns":2},{"damage":6,"enemies":"2 Louse","floor":3,"turns":2},{"damage":40,"enemies":"Exordium Thugs","floor":4,"turns":6},{"damage":25,"enemies":"3 Sentries","floor":6,"turns":3}],"seed_played":"894352508170879460","potions_obtained":[{"floor":3,"key":"Dexterity Potion"},{"floor":4,"key":"Poison Potion"}],"is_trial":false,"path_per_floor":["M","M","M","M","?","E"],"character_chosen":"IRONCLAD","items_purchased":[],"campfire_rested":0,"item_purchase_floors":[],"current_hp_per_floor":[50,56,56,22,22,0],"gold":153,"neow_bonus":"ONE_RARE_RELIC","is_prod":false,"is_daily":false,"chose_seed":false,"campfire_upgraded":0,"win_rate":0,"timestamp":1558809845,"path_taken":["M","?","M","?","?","E"],"build_version":"2019-01-23","purchased_purges":0,"victory":false,"max_hp_per_floor":[75,75,75,75,75,75],"card_choices":[{"not_picked":["Iron Wave","Carnage"],"picked":"Thunderclap","floor":1},{"not_picked":["Disarm","Wild Strike"],"picked":"Anger","floor":1},{"not_picked":["Pommel Strike","Warcry"],"picked":"Headbutt","floor":2},{"not_picked":["Hemokinesis","Sever Soul"],"picked":"Battle Trance","floor":2},{"not_picked":["Searing Blow","Thunderclap"],"picked":"Clothesline","floor":3},{"not_picked":["Perfected Strike","Headbutt"],"picked":"Body Slam","floor":3},{"not_picked":["Battle Trance","Brutality"],"picked":"Inflame","floor":4},{"not_picked":["Pommel Strike","Blood for Blood"],"picked":"Anger","floor":4}],"player_experience":1203462,"relics_obtained":[],"event_choices":[{"damage_healed":0,"gold_gain":0,"player_choice":"Take Wound","damage_taken":0,"relics_obtained":["Golden Idol"],"max_hp_gain":0,"max_hp_loss":0,"event_name":"Golden Idol","floor":5,"gold_loss":0,"cards_obtained":["Injury"]}],"is_beta":false,"boss_relics":[],"items_purged_floors":[],"is_endless":false,"potions_floor_spawned":[3,4],"killed_by":"3 Sentries","ascension_level":16}