{"gold_per_floor":[119,42,42,52,67,102,102,130,130,130,280,280,290,1,1,77,127,138,150,150,166,81,81,96,96,123,123,133,58,78,94,94,166,166,181,27,77,94,1093,1093,302,302,302,29,29,47,66,81,81,81,81],"floor_reached":51,"playtime":2040,"items_purged":["Decay","Normality"],"score":1264,"play_id":"9cc02311-01ae-4fdf-9339-f2e5a73e9264","local_time":"20181218231049","is_ascension_mode":true,"campfire_choices":[{"floor":7.0,"key":"REST"},{"floor":12.0,"key":"REST"},{"data":"Limit Break","floor":15.0,"key":"SMITH"},{"floor":23.0,"key":"REST"},{"data":"Inflame","floor":25.0,"key":"SMITH"},{"data":"Limit Break","floor":27.0,"key":"SMITH"},{"floor":32.0,"key":"REST"},{"floor":40.0,"key":"REST"},{"data":"Normality","floor":42.0,"key":"PURGE"},{"floor":49,"key":"REST"}],"neow_cost":"NONE","seed_source_timestamp":360634778404767,"circlet_count":0,"master_deck":["AscendersBane","Strike_R","Strike_R","Strike_R","Strike_R","Defend_R","Defend_R","Defend_R+1","Defend_R","Bash","Pommel Strike","Corruption","Feel No Pain","Twin Strike","Feel No Pain","Iron Wave+1","Inflame+1","Disarm","Limit Break+1","Whirlwind","True Grit","Limit Break+1","True Grit+1","Thunderclap","Cleave","Sword Boomerang","Uppercut","Thunderclap","Pummel","Heavy Blade","Limit Break","Body Slam","Evolve","Sword Boomerang","Apotheosis","Flame Barrier+1","Wild Strike+1","Feel No Pain"],"special_seed":0,"relics":["Burning Blood","NeowsBlessing","Blue Candle","Incense Burner","Pocketwatch","Regal Pillow","Tiny House","Peace Pipe","Bag of Marbles","Busted Crown","Potion Belt","War Paint","Question Card","Red Skull"],"potions_floor_usage":[48,48,51],"damage_taken":[{"damage":0.0,"enemies":"Small Slimes","floor":1.0,"turns":1.0},{"damage":0.0,"enemies":"2 Louse","floor":4.0,"turns":1.0},{"damage":0.0,"enemies":"Jaw Worm","floor":5.0,"turns":1.0},{"damage":53.0,"enemies":"Lagavulin","floor":6.0,"turns":8.0},{"damage":32.0,"enemies":"Gremlin Nob","floor":8.0,"turns":4.0},{"damage":21.0,"enemies":"Exordium Thugs","floor":13.0,"turns":5.0},{"damage":18.0,"enemies":"Hexaghost","floor":16.0,"turns":8.0},{"damage":28.0,"enemies":"3 Byrds","floor":18.0,"turns":7.0},{"damage":13.0,"enemies":"Chosen","floor":19.0,"turns":7.0},{"damage":16.0,"enemies":"Snecko","floor":21.0,"turns":7.0},{"damage":28.0,"enemies":"3 Cultists","floor":24.0,"turns":4.0},{"damage":2.0,"enemies":"Chosen and Byrds","floor":28.0,"turns":7.0},{"damage":20.0,"enemies":"Shelled Parasite and Fungi","floor":30.0,"turns":5.0},{"damage":23.0,"enemies":"Centurion and Healer","floor":31.0,"turns":6.0},{"damage":44.0,"enemies":"Automaton","floor":33.0,"turns":9.0},{"damage":1.0,"enemies":"3 Shapes","floor":35.0,"turns":4.0},{"damage":25.0,"enemies":"Orb Walker","floor":38.0,"turns":4.0},{"damage":51.0,"enemies":"Spire Growth","floor":46.0,"turns":5.0},{"damage":21.0,"enemies":"Maw","floor":47.0,"turns":4.0},{"damage":11,"enemies":"Sphere and 2 Shapes","floor":48,"turns":5},{"damage":73,"enemies":"Donu and Deca","floor":50,"turns":8},{"damage":28,"enemies":"Awakened One","floor":51,"turns":2}],"seed_played":"-2452461477540005343","potions_obtained":[{"floor":1.0,"key":"Energy Potion"},{"floor":4.0,"key":"GamblersBrew"},{"floor":17.0,"key":"Block Potion"},{"floor":18.0,"key":"Energy Potion"},{"floor":21.0,"key":"SpeedPotion"},{"floor":30.0,"key":"Block Potion"},{"floor":31.0,"key":"Regen Potion"},{"floor":35.0,"key":"Regen Potion"},{"floor":38.0,"key":"Explosive Potion"},{"floor":47.0,"key":"Fire Potion"}],"is_trial":false,"path_per_floor":["M","$","?","M","M","E","R","E","T","?","?","R","M","$","R","B",null,"M","M","?","M","?","R","M","R","T","R","M","?","M","M","R","B",null,"M","$","?","M","?","R","$","R","T","$","?","M","M","M","R","B","B"],"character_chosen":"IRONCLAD","items_purchased":["Corruption","Limit Break","Whirlwind","True Grit","Evolve","Potion Belt","Weak Potion","Fire Potion","Sword Boomerang","Apotheosis","War Paint","FairyPotion","Red Skull"],"campfire_rested":6,"item_purchase_floors":[2,14,14,14,36,41,41,41,41,41,41,44,44],"current_hp_per_floor":[74,74,74,75,75,28,50,24,24,6,6,43,28,28,28,16,65,43,36,36,26,26,65,43,43,43,43,47,47,33,16,55,29,67,72,72,64,45,45,80,80,80,80,80,68,23,8,17,56,14,0],"gold":81,"neow_bonus":"THREE_ENEMY_KILL","is_prod":false,"is_daily":false,"chose_seed":false,"campfire_upgraded":3,"win_rate":0,"timestamp":1545171049,"path_taken":["M","$","?","M","M","E","R","E","T","?","?","R","?","$","R","BOSS","M","M","?","M","?","R","M","R","T","R","M","?","M","M","R","BOSS","M","$","?","?","?","R","$","R","T","$","?","?","M","M","R","BOSS","BOSS"],"build_version":"2018-12-13","purchased_purges":2,"victory":false,"max_hp_per_floor":[75,75,75,75,75,75,75,75,75,75,75,75,75,75,75,75,80,80,80,80,80,80,80,80,80,80,80,80,80,80,80,80,80,80,80,80,80,80,80,80,80,80,80,80,80,80,80,80,80,80,80],"card_choices":[{"not_picked":["Rupture","Perfected Strike"],"picked":"Pommel Strike","floor":1.0},{"not_picked":["Fire Breathing","Warcry"],"picked":"Twin Strike","floor":4.0},{"not_picked":["Warcry","Burning Pact"],"picked":"Feel No Pain","floor":5.0},{"not_picked":["Intimidate","Warcry"],"picked":"Iron Wave","floor":6.0},{"not_picked":["Anger","Twin Strike"],"picked":"Inflame","floor":8.0},{"not_picked":["Warcry","Sever Soul"],"picked":"Disarm","floor":13.0},{"not_picked":["Fiend Fire","Dark Embrace"],"picked":"Limit Break","floor":16.0},{"not_picked":["Second Wind","Cleave"],"picked":"True Grit","floor":17.0},{"not_picked":["Fire Breathing","Cleave"],"picked":"Thunderclap","floor":18.0},{"not_picked":["Wild Strike","Corruption"],"picked":"Cleave","floor":19.0},{"not_picked":["Reckless Charge","Headbutt"],"picked":"Sword Boomerang","floor":21.0},{"not_picked":["Pommel Strike","Cleave"],"picked":"Uppercut","floor":24.0},{"not_picked":["Perfected Strike","Cleave"],"picked":"Thunderclap","floor":28.0},{"not_picked":["Rampage","Perfected Strike"],"picked":"Pummel","floor":30.0},{"not_picked":["Sentinel","Combust"],"picked":"Heavy Blade","floor":31.0},{"not_picked":["Bludgeon","Barricade"],"picked":"Limit Break","floor":33.0},{"not_picked":[],"picked":"Body Slam","floor":35.0},{"not_picked":["Perfected Strike"],"picked":"SKIP","floor":38.0},{"not_picked":["Pommel Strike"],"picked":"Flame Barrier+1","floor":46.0},{"not_picked":["Warcry"],"picked":"Wild Strike+1","floor":47.0},{"not_picked":["Sword Boomerang"],"picked":"Feel No Pain","floor":48}],"player_experience":531779,"relics_obtained":[{"floor":6.0,"key":"Blue Candle"},{"floor":8.0,"key":"Incense Burner"},{"floor":9.0,"key":"Pocketwatch"},{"floor":26.0,"key":"Bag of Marbles"},{"floor":43.0,"key":"Question Card"}],"event_choices":[{"damage_healed":0.0,"max_hp_gain":0.0,"max_hp_loss":0.0,"gold_gain":0.0,"cards_transformed":["Strike_R"],"event_name":"Living Wall","player_choice":"Change","floor":3.0,"gold_loss":0.0,"damage_taken":0.0,"cards_obtained":["Feel No Pain"]},{"damage_healed":0.0,"max_hp_gain":0.0,"max_hp_loss":0.0,"gold_gain":0.0,"event_name":"Scrap Ooze","player_choice":"Success","floor":10.0,"gold_loss":0.0,"damage_taken":18.0,"relics_obtained":["Regal Pillow"]},{"damage_healed":0.0,"max_hp_gain":0.0,"max_hp_loss":0.0,"gold_gain":150.0,"event_name":"Liars Game","player_choice":"AGREE","floor":11.0,"gold_loss":0.0,"damage_taken":0.0,"cards_obtained":["Doubt"]},{"damage_healed":0.0,"max_hp_gain":0.0,"max_hp_loss":0.0,"gold_gain":0.0,"event_name":"Forgotten Altar","player_choice":"Smashed Altar","floor":20.0,"gold_loss":0.0,"damage_taken":0.0,"cards_obtained":["Decay"]},{"damage_healed":0.0,"max_hp_gain":0.0,"max_hp_loss":0.0,"gold_gain":0.0,"event_name":"Addict","player_choice":"Obtained Relic","floor":22.0,"gold_loss":85.0,"damage_taken":0.0,"relics_obtained":["Peace Pipe"]},{"cards_removed":["Doubt"],"damage_healed":0.0,"max_hp_gain":0.0,"max_hp_loss":0.0,"gold_gain":0.0,"event_name":"Beggar","player_choice":"Gave Gold","floor":29.0,"gold_loss":75.0,"damage_taken":0.0},{"damage_healed":0.0,"max_hp_gain":0.0,"max_hp_loss":0.0,"gold_gain":50.0,"event_name":"FaceTrader","player_choice":"Touch","floor":37.0,"gold_loss":0.0,"damage_taken":8.0},{"damage_healed":0.0,"max_hp_gain":0.0,"max_hp_loss":0.0,"gold_gain":999.0,"event_name":"MindBloom","player_choice":"Gold","floor":39.0,"gold_loss":0.0,"damage_taken":0.0,"cards_obtained":["Normality","Normality"]},{"damage_healed":0.0,"max_hp_gain":0.0,"max_hp_loss":0.0,"gold_gain":0.0,"event_name":"Wheel of Change","player_choice":"Damaged","floor":45.0,"gold_loss":0.0,"damage_taken":12.0}],"is_beta":false,"boss_relics":[{"not_picked":["Eternal Feather","Black Blood"],"picked":"Tiny House"},{"not_picked":["Calling Bell","Pandora\u0027s Box"],"picked":"Busted Crown"}],"items_purged_floors":[36,41],"is_endless":false,"potions_floor_spawned":[1,4,6,18,21,28,30,31,35,38,47],"killed_by":"Awakened One","ascension_level":20}