{"gold_per_floor":[114,133,133,133,151,151,178,118,118,118],"floor_reached":10,"playtime":329,"items_purged":[],"score":122,"play_id":"f4efc157-0dc9-4e2a-b849-117a2b3372b6","local_time":"20190722001140","is_ascension_mode":true,"campfire_choices":[{"data":"Armaments","floor":6,"key":"SMITH"}],"neow_cost":"NONE","seed_source_timestamp":51913683918000,"circlet_count":0,"master_deck":["AscendersBane","Strike_R","Strike_R","Strike_R","Strike_R","Strike_R","Defend_R+1","Defend_R","Defend_R","Defend_R+1","Bash","Headbutt","Armaments+1","Feel No Pain","Barricade","Clash","Shrug It Off","Burning Pact+1","Second Wind+1"],"relics":["Burning Blood","Toxic Egg 2","War Paint"],"potions_floor_usage":[5],"damage_taken":[{"damage":11,"enemies":"Jaw Worm","floor":1,"turns":4},{"damage":6,"enemies":"Cultist","floor":2,"turns":3},{"damage":4,"enemies":"Small Slimes","floor":5,"turns":4},{"damage":66,"enemies":"Gremlin Nob","floor":7,"turns":6},{"damage":11,"enemies":"Looter","floor":8,"turns":5},{"damage":16,"enemies":"Exordium Thugs","floor":10,"turns":5}],"seed_played":"5872184193497825988","potions_obtained":[{"floor":1,"key":"SpeedPotion"}],"is_trial":false,"path_per_floor":["M","M","?","$","M","R","E","M","T","M"],"character_chosen":"IRONCLAD","items_purchased":[],"campfire_rested":0,"item_purchase_floors":[],"current_hp_per_floor":[70,70,70,70,72,72,12,7,7,0],"gold":118,"neow_bonus":"TEN_PERCENT_HP_BONUS","is_prod":false,"is_daily":false,"chose_seed":false,"campfire_upgraded":1,"win_rate":0,"timestamp":1563747100,"path_taken":["M","M","?","$","M","R","E","?","T","M"],"build_version":"2019-07-17","purchased_purges":0,"victory":false,"max_hp_per_floor":[82,82,82,82,82,82,82,82,82,82],"card_choices":[{"not_picked":["Twin Strike","Disarm"],"picked":"Headbutt","floor":1},{"not_picked":["Burning Pact","Body Slam"],"picked":"Armaments","floor":2},{"not_picked":["Brutality","Pommel Strike"],"picked":"Shrug It Off","floor":5},{"not_picked":["Cleave","Twin Strike"],"picked":"Burning Pact","floor":7},{"not_picked":["Sword Boomerang","Wild Strike"],"picked":"Second Wind+1","floor":8}],"player_experience":1718357,"relics_obtained":[{"floor":7,"key":"Toxic Egg 2"},{"floor":9,"key":"War Paint"}],"event_choices":[{"damage_healed":0,"gold_gain":0,"player_choice":"3 cards matched","damage_taken":0,"max_hp_gain":0,"max_hp_loss":0,"event_name":"Match and Keep!","floor":3,"gold_loss":0,"cards_obtained":["Feel No Pain","Barricade","Clash"]}],"is_beta":false,"boss_relics":[],"items_purged_floors":[],"is_endless":false,"potions_floor_spawned":[1],"killed_by":"Exordium Thugs","ascension_level":17}