{"gold_per_floor":[112,128,138,156,231,231,265,265,265,285,48,61,61,61,61,137,137,150,150,150,150,6,37,37,66,134,134,149,168,168,178,178,178],"floor_reached":33,"playtime":1133,"items_purged":["Strike_G","Strike_G"],"score":513,"play_id":"ba5a00c1-1ee4-4be0-b149-183f0c047806","local_time":"20190626153602","is_ascension_mode":true,"campfire_choices":[{"data":"Neutralize","floor":6.0,"key":"SMITH"},{"data":"Infinite Blades","floor":8,"key":"SMITH"},{"data":"Noxious Fumes","floor":15,"key":"SMITH"},{"floor":24,"key":"REST"},{"floor":27,"key":"REST"},{"floor":30,"key":"REST"},{"floor":32,"key":"REST"}],"neow_cost":"NONE","seed_source_timestamp":0,"circlet_count":0,"master_deck":["AscendersBane","Defend_G","Defend_G","Defend_G","Defend_G","Defend_G","Strike_G","Strike_G","Strike_G","Survivor","Neutralize+1","PiercingWail","Backstab","Backstab","Deadly Poison","Infinite Blades+1","Infinite Blades","Footwork","Poisoned Stab","Noxious Fumes+1","Corpse Explosion","Blade Dance","Ghostly","Ghostly","Ghostly","Accuracy","Dodge and Roll+1","Blade Dance","Backflip"],"special_seed":0,"relics":["Ring of the Snake","Happy Flower","Ice Cream","Nunchaku","Busted Crown","Dead Branch","Bottled Tornado","Sundial"],"potions_floor_usage":[16,16,23],"damage_taken":[{"damage":0.0,"enemies":"Small Slimes","floor":1.0,"turns":4.0},{"damage":5.0,"enemies":"Jaw Worm","floor":2.0,"turns":9.0},{"damage":0.0,"enemies":"Cultist","floor":3.0,"turns":4.0},{"damage":0.0,"enemies":"Looter","floor":4.0,"turns":3.0},{"damage":12.0,"enemies":"3 Sentries","floor":7.0,"turns":10.0},{"damage":8,"enemies":"Blue Slaver","floor":10,"turns":3},{"damage":0,"enemies":"Gremlin Gang","floor":12,"turns":5},{"damage":7,"enemies":"Hexaghost","floor":16,"turns":7},{"damage":22,"enemies":"2 Thieves","floor":18,"turns":3},{"damage":15,"enemies":"Book of Stabbing","floor":23,"turns":6},{"damage":24,"enemies":"Slavers","floor":25,"turns":3},{"damage":0,"enemies":"Spheric Guardian","floor":28,"turns":4},{"damage":8,"enemies":"Snecko","floor":29,"turns":3},{"damage":8,"enemies":"Snake Plant","floor":31,"turns":6},{"damage":24,"enemies":"Collector","floor":33,"turns":2}],"seed_played":"-183161451010205339","potions_obtained":[{"floor":1.0,"key":"SpeedPotion"},{"floor":10,"key":"LiquidBronze"},{"floor":18,"key":"Weak Potion"},{"floor":25,"key":"SneckoOil"},{"floor":29,"key":"Fire Potion"}],"is_trial":false,"path_per_floor":["M","M","M","M","?","R","E","R","T","M","$","M","$","?","R","B",null,"M","?","?","?","$","E","R","E","T","R","M","M","R","M","R","B"],"character_chosen":"THE_SILENT","items_purchased":["Footwork","PowerPotion","Poisoned Stab","Accuracy"],"campfire_rested":4,"item_purchase_floors":[11,11,11,22],"current_hp_per_floor":[59,54,54,54,43,43,31,31,31,23,23,23,23,19,19,12,53,31,44,33,33,33,18,27,3,3,12,12,4,13,5,14,0],"gold":178,"neow_bonus":"RANDOM_COMMON_RELIC","is_prod":false,"is_daily":false,"chose_seed":false,"campfire_upgraded":3,"win_rate":0,"timestamp":1561556162,"path_taken":["M","M","M","M","?","R","E","R","T","M","$","M","$","?","R","BOSS","M","?","?","?","$","E","R","E","T","R","M","?","R","M","R","BOSS"],"build_version":"2019-01-23","purchased_purges":2,"victory":false,"max_hp_per_floor":[66,66,66,66,66,66,66,66,66,66,66,66,66,66,66,66,66,66,66,33,33,33,33,33,33,33,33,33,33,33,33,33,33],"card_choices":[{"not_picked":["Accuracy","Riddle With Holes"],"picked":"PiercingWail","floor":1.0},{"not_picked":["Prepared","Underhanded Strike"],"picked":"Backstab","floor":2.0},{"not_picked":["Blade Dance","Masterful Stab"],"picked":"Backstab","floor":3.0},{"not_picked":["Deflect","PiercingWail"],"picked":"Deadly Poison","floor":4.0},{"not_picked":["All Out Attack","Leg Sweep"],"picked":"Infinite Blades","floor":7.0},{"not_picked":["Calculated Gamble","Prepared"],"picked":"Infinite Blades","floor":10},{"not_picked":["Outmaneuver","Accuracy"],"picked":"Noxious Fumes","floor":12},{"not_picked":["Glass Knife","Burst"],"picked":"Corpse Explosion","floor":16},{"not_picked":[],"picked":"Blade Dance","floor":18},{"not_picked":["Dagger Spray"],"picked":"SKIP","floor":23},{"not_picked":[],"picked":"Dodge and Roll+1","floor":25},{"not_picked":[],"picked":"Blade Dance","floor":28},{"not_picked":[],"picked":"Backflip","floor":29},{"not_picked":["Leg Sweep"],"picked":"SKIP","floor":31}],"player_experience":1478901,"relics_obtained":[{"floor":7.0,"key":"Ice Cream"},{"floor":9,"key":"Nunchaku"},{"floor":23,"key":"Dead Branch"},{"floor":25,"key":"Bottled Tornado"},{"floor":26,"key":"Sundial"}],"event_choices":[{"damage_healed":0.0,"max_hp_gain":0.0,"max_hp_loss":0.0,"gold_gain":75.0,"event_name":"World of Goop","player_choice":"Gather Gold","floor":5.0,"gold_loss":0.0,"damage_taken":11.0},{"damage_healed":0,"gold_gain":0,"player_choice":"Bought 0 Potions","damage_taken":0,"max_hp_gain":0,"max_hp_loss":0,"event_name":"The Woman in Blue","floor":14,"gold_loss":0},{"damage_healed":13,"gold_gain":0,"player_choice":"Heal","damage_taken":0,"max_hp_gain":0,"max_hp_loss":0,"event_name":"The Library","floor":19,"gold_loss":0},{"damage_healed":0,"gold_gain":0,"player_choice":"Became a Ghost","damage_taken":0,"max_hp_gain":0,"max_hp_loss":33,"event_name":"Ghosts","floor":20,"gold_loss":0,"cards_obtained":["Ghostly","Ghostly","Ghostly"]},{"damage_healed":0,"gold_gain":0,"player_choice":"Ignored","damage_taken":0,"max_hp_gain":0,"max_hp_loss":0,"event_name":"N\u0027loth","floor":21,"gold_loss":0}],"is_beta":false,"boss_relics":[{"not_picked":["Sozu","HoveringKite"],"picked":"Busted Crown"}],"items_purged_floors":[11,22],"is_endless":false,"potions_floor_spawned":[1,10,12,18,25,29],"killed_by":"Collector","ascension_level":16}