{"gold_per_floor":[111,111,125,139,157,157,187,187,187,7,7,26,61,61,61,162,162,175,0,0,14,14,40,55,55,55,87,0,0,0,15,15,119,119,135,135,149,149,149,164,164,195,195,195,195,136,136,150,150,150],"floor_reached":51,"playtime":3281,"items_purged":["Strike_G","Strike_G"],"score":1034,"play_id":"4e17a1de-17c0-4237-8b53-21ec75f89fd0","local_time":"20180822114231","is_ascension_mode":true,"campfire_choices":[{"data":"Neutralize","floor":6,"key":"SMITH"},{"floor":8,"key":"REST"},{"floor":11,"key":"REST"},{"data":"Leg Sweep","floor":15,"key":"SMITH"},{"data":"Catalyst","floor":25,"key":"SMITH"},{"floor":32,"key":"REST"},{"floor":44,"key":"REST"},{"data":"Dash","floor":47,"key":"SMITH"},{"floor":49,"key":"REST"}],"neow_cost":"","seed_source_timestamp":345900365572407,"circlet_count":0,"master_deck":["Defend_G","Defend_G","Defend_G","Defend_G","Strike_G","Strike_G","Strike_G","Survivor","Neutralize+1","Well Laid Plans","Dagger Spray","Poisoned Stab","Leg Sweep+1","Footwork+1","Dash+1","Backflip","Noxious Fumes+1","Tools of the Trade+1","Heel Hook+1","Noxious Fumes+1","Footwork+1","Dagger Throw+1","Catalyst+1","A Thousand Cuts+1","RitualDagger+1","Crippling Poison+1","Deadly Poison+1","PiercingWail+1","Skewer+1","Bouncing Flask+1","Skewer+1","Deadly Poison+1"],"relics":["Ring of the Snake","Anchor","Frozen Egg 2","Blood Vial","Molten Egg 2","Sozu","Paper Crane","Toxic Egg 2","Mango","Cursed Key","The Courier"],"potions_floor_usage":[7,23,24],"damage_taken":[{"damage":0,"enemies":"2 Louse","floor":1,"turns":3},{"damage":6,"enemies":"Cultist","floor":3,"turns":5},{"damage":10,"enemies":"Small Slimes","floor":4,"turns":3},{"damage":1,"enemies":"Red Slaver","floor":5,"turns":4},{"damage":33,"enemies":"Lagavulin","floor":7,"turns":9},{"damage":3,"enemies":"Exordium Wildlife","floor":12,"turns":7},{"damage":14,"enemies":"3 Sentries","floor":13,"turns":8},{"damage":5,"enemies":"The Guardian","floor":16,"turns":11},{"damage":0,"enemies":"Shell Parasite","floor":18,"turns":7},{"damage":0,"enemies":"3 Byrds","floor":21,"turns":5},{"damage":11,"enemies":"Book of Stabbing","floor":23,"turns":6},{"damage":1,"enemies":"Snake Plant","floor":24,"turns":6},{"damage":45,"enemies":"Slavers","floor":27,"turns":6},{"damage":0,"enemies":"Cultist and Chosen","floor":31,"turns":6},{"damage":26,"enemies":"Collector","floor":33,"turns":7},{"damage":0,"enemies":"Flame Bruiser 1 Orb","floor":35,"turns":5},{"damage":0,"enemies":"Orb Walker","floor":37,"turns":4},{"damage":17,"enemies":"Transient","floor":40,"turns":5},{"damage":8,"enemies":"2 Orb Walkers","floor":42,"turns":5},{"damage":12,"enemies":"3 Darklings","floor":48,"turns":5},{"damage":52,"enemies":"Time Eater","floor":50,"turns":11}],"seed_played":"9102230705704986943","potions_obtained":[{"floor":1,"key":"Explosive Potion"},{"floor":3,"key":"Fire Potion"},{"floor":12,"key":"PowerPotion"},{"floor":13,"key":"Ancient Potion"}],"is_trial":false,"path_per_floor":["M","?","M","M","M","R","E","R","T","$","R","M","E","?","R","B",null,"M","$","?","M","$","E","M","R","T","E","?","?","?","M","R","B",null,"M","$","M","?","$","M","?","E","T","R","$","$","R","M","R","B"],"character_chosen":"THE_SILENT","items_purchased":["Footwork+1","Dash","Noxious Fumes+1","Skewer+1"],"campfire_rested":5,"item_purchase_floors":[10,10,19,46],"current_hp_per_floor":[63,63,57,47,46,46,13,34,34,34,55,54,42,65,65,62,68,70,70,70,70,70,59,60,60,60,31,31,25,25,27,52,28,70,72,72,74,74,74,59,59,53,53,78,78,78,78,68,84,32],"gold":150,"neow_bonus":"","is_prod":false,"is_daily":false,"chose_seed":false,"campfire_upgraded":4,"win_rate":0,"timestamp":1534934551,"path_taken":["M","?","?","M","M","R","E","R","T","$","R","M","E","?","R","BOSS","M","$","?","M","$","E","M","R","T","E","?","?","?","M","R","BOSS","M","$","M","?","$","M","?","E","T","R","?","$","R","M","R","BOSS"],"build_version":"2018-08-16","purchased_purges":2,"victory":true,"max_hp_per_floor":[70,70,70,70,70,70,70,70,70,70,70,70,70,70,70,70,70,70,70,70,70,70,70,70,70,70,84,84,84,84,84,84,84,84,84,84,84,84,84,84,84,84,84,84,84,84,84,84,84,84],"card_choices":[{"not_picked":["Expertise","Distraction","Crippling Poison"],"picked":"SKIP","floor":1},{"not_picked":["Prepared","Underhanded Strike"],"picked":"Well Laid Plans","floor":3},{"not_picked":["Accuracy","Expertise"],"picked":"Dagger Spray","floor":4},{"not_picked":["Outmaneuver","Distraction"],"picked":"Poisoned Stab","floor":5},{"not_picked":["Dagger Spray","Underhanded Strike"],"picked":"Leg Sweep","floor":7},{"not_picked":["Leg Sweep","Die Die Die"],"picked":"Backflip","floor":12},{"not_picked":["Slice","Dagger Spray"],"picked":"Noxious Fumes+1","floor":13},{"not_picked":["Storm of Steel","Adrenaline"],"picked":"Tools of the Trade+1","floor":16},{"not_picked":["Quick Slash+1","Sucker Punch+1"],"picked":"Heel Hook+1","floor":18},{"not_picked":["Acrobatics+1","Cloak And Dagger"],"picked":"Dagger Throw+1","floor":21},{"not_picked":["Well Laid Plans+1","Setup","Blade Dance"],"picked":"SKIP","floor":23},{"not_picked":["Sucker Punch+1","Leg Sweep"],"picked":"Catalyst","floor":24},{"not_picked":["Backflip+1","Adrenaline+1"],"picked":"A Thousand Cuts+1","floor":27},{"not_picked":["Distraction+1","Prepared+1"],"picked":"Crippling Poison+1","floor":31},{"not_picked":["Blade Dance+1","Dagger Throw+1"],"picked":"Deadly Poison+1","floor":35},{"not_picked":["Acrobatics+1","Dagger Throw+1"],"picked":"PiercingWail+1","floor":37},{"not_picked":["Expertise+1","Accuracy+1"],"picked":"Skewer+1","floor":40},{"not_picked":["Finisher+1","Calculated Gamble+1"],"picked":"Bouncing Flask+1","floor":42},{"not_picked":["Slice+1","Well Laid Plans+1"],"picked":"Deadly Poison+1","floor":48}],"player_experience":587423,"relics_obtained":[{"floor":7,"key":"Frozen Egg 2"},{"floor":9,"key":"Blood Vial"},{"floor":13,"key":"Molten Egg 2"},{"floor":23,"key":"Paper Crane"},{"floor":26,"key":"Toxic Egg 2"},{"floor":27,"key":"Mango"},{"floor":42,"key":"The Courier"}],"event_choices":[{"event_name":"WeMeetAgain","player_choice":"Potion","floor":2,"damage_taken":0},{"event_name":"Big Fish","player_choice":"Banana","floor":14,"damage_taken":0},{"event_name":"Duplicator","player_choice":"One dupe","floor":20,"damage_taken":0},{"event_name":"Masked Bandits","player_choice":"Paid Fearfully","floor":28,"damage_taken":0},{"event_name":"Nest","player_choice":"Joined the Cult","floor":29,"damage_taken":0},{"event_name":"Cursed Tome","player_choice":"Ignored","floor":30,"damage_taken":0},{"event_name":"Falling","player_choice":"Removed Skill","floor":38,"damage_taken":0},{"event_name":"Match and Keep!","player_choice":"0 cards matched","floor":41,"damage_taken":0}],"is_beta":false,"boss_relics":[{"not_picked":["Astrolabe","Coffee Dripper"],"picked":"Sozu"},{"not_picked":["Fusion Hammer","Philosopher\u0027s Stone"],"picked":"Cursed Key"}],"items_purged_floors":[10,19],"is_endless":false,"potions_floor_spawned":[1,3,12,13,21,23,33,35,40,48],"ascension_level":9}