{"gold_per_floor":[110,125,200,213,230,264,264,264,264,264,264,294,23,23,23,23],"floor_reached":16,"playtime":421,"items_purged":[],"score":200,"play_id":"f5fd5f4b-661e-452d-b6fe-dbad1194c6c9","local_time":"20190722012035","is_ascension_mode":true,"campfire_choices":[{"floor":8.0,"key":"REST"},{"floor":10.0,"key":"REST"},{"data":"Strike_B","floor":15,"key":"PURGE"}],"neow_cost":"NONE","seed_source_timestamp":55939804515600,"circlet_count":0,"master_deck":["AscendersBane","Strike_B","Strike_B","Strike_B","Defend_B","Defend_B","Defend_B","Defend_B","Zap+1","Dualcast","Capacitor","Gash","Compile Driver","Conserve Battery","Tempest","Conserve Battery"],"special_seed":0,"relics":["Cracked Core","Lantern","Dead Branch","Peace Pipe","Juzu Bracelet","Bird Faced Urn","Letter Opener","Golden Idol"],"potions_floor_usage":[],"damage_taken":[{"damage":2.0,"enemies":"Jaw Worm","floor":1.0,"turns":3.0},{"damage":1.0,"enemies":"Cultist","floor":2.0,"turns":4.0},{"damage":14.0,"enemies":"Small Slimes","floor":4.0,"turns":4.0},{"damage":7.0,"enemies":"Looter","floor":5.0,"turns":3.0},{"damage":33.0,"enemies":"Lagavulin","floor":6.0,"turns":7.0},{"damage":33.0,"enemies":"Gremlin Nob","floor":12.0,"turns":4.0},{"damage":24,"enemies":"Hexaghost","floor":16,"turns":7}],"seed_played":"-8268572109257899454","potions_obtained":[{"floor":2.0,"key":"Swift Potion"},{"floor":4.0,"key":"FairyPotion"},{"floor":5.0,"key":"PowerPotion"}],"is_trial":false,"path_per_floor":["M","M","?","M","M","E","T","R","T","R","?","E","$","?","R","B"],"character_chosen":"DEFECT","items_purchased":["Letter Opener"],"campfire_rested":2,"item_purchase_floors":[13],"current_hp_per_floor":[62,61,50,36,29,7,7,28,28,49,49,16,16,16,16,0],"gold":23,"neow_bonus":"RANDOM_COMMON_RELIC","is_prod":false,"is_daily":false,"chose_seed":false,"campfire_upgraded":0,"win_rate":0,"timestamp":1563751235,"path_taken":["M","M","?","M","M","E","?","R","T","R","?","E","$","?","R","BOSS"],"build_version":"2019-07-17","purchased_purges":0,"victory":false,"max_hp_per_floor":[71,71,71,71,71,71,71,71,71,71,71,71,71,64,64,64],"card_choices":[{"not_picked":["Turbo","Steam Power"],"picked":"Capacitor","floor":1.0},{"not_picked":["Rebound","Stack"],"picked":"Gash","floor":2.0},{"not_picked":["Blizzard","Steam"],"picked":"Compile Driver","floor":4.0},{"not_picked":["Hologram","Fission"],"picked":"Conserve Battery","floor":5.0},{"not_picked":["Turbo","Go for the Eyes"],"picked":"Tempest","floor":6.0},{"not_picked":["Rebound","Sweeping Beam"],"picked":"Conserve Battery","floor":12.0}],"player_experience":1722304,"relics_obtained":[{"floor":6.0,"key":"Dead Branch"},{"floor":7.0,"key":"Peace Pipe"},{"floor":9.0,"key":"Juzu Bracelet"},{"floor":12.0,"key":"Bird Faced Urn"}],"event_choices":[{"damage_healed":0.0,"max_hp_gain":0.0,"max_hp_loss":0.0,"gold_gain":75.0,"event_name":"World of Goop","player_choice":"Gather Gold","floor":3.0,"gold_loss":0.0,"damage_taken":11.0},{"damage_healed":0.0,"max_hp_gain":0.0,"max_hp_loss":0.0,"gold_gain":0.0,"event_name":"Living Wall","player_choice":"Grow","floor":11.0,"gold_loss":0.0,"damage_taken":0.0,"cards_upgraded":["Zap"]},{"damage_healed":0.0,"max_hp_gain":0.0,"max_hp_loss":7.0,"gold_gain":0.0,"event_name":"Golden Idol","player_choice":"Lose Max HP","floor":14.0,"gold_loss":0.0,"damage_taken":0.0,"relics_obtained":["Golden Idol"]}],"is_beta":false,"boss_relics":[],"items_purged_floors":[],"is_endless":false,"potions_floor_spawned":[2,4,5],"killed_by":"Hexaghost","ascension_level":17}