{"gold_per_floor":[110,110,122,140,155,183,183,209,263,275,287,299,338,363,375,465,477,499,382,432,23,37,37,54,70,70,70,70,70,70,89,89,89],"floor_reached":33,"playtime":1210,"items_purged":["Strike_R","Strike_R"],"score":481,"play_id":"5dc616c2-09b7-4675-86cb-bcabb7266842","local_time":"20191010223405","is_ascension_mode":true,"campfire_choices":[{"data":"Uppercut","floor":7,"key":"SMITH"},{"floor":10,"key":"REST"},{"floor":15,"key":"REST"},{"data":"Seeing Red","floor":23,"key":"SMITH"},{"data":"Shockwave","floor":30,"key":"SMITH"},{"data":"Demon Form","floor":32,"key":"SMITH"}],"neow_cost":"NONE","seed_source_timestamp":8306686992332,"circlet_count":0,"master_deck":["AscendersBane","Strike_R","Strike_R","Defend_R","Defend_R","Defend_R","Defend_R","Bash","Anger","Uppercut+1","Rampage","Demon Form+1","Anger","Shockwave+1","Seeing Red+1","Sword Boomerang","Demon Form","Offering","Disarm","Shrug It Off","Feel No Pain","Clothesline","Inflame+1","Whirlwind","Decay","Second Wind"],"relics":["Burning Blood","Dream Catcher","Dodecahedron","Potion Belt","MawBank","Bag of Marbles","Coffee Dripper","Mercury Hourglass","Charon\u0027s Ashes"],"potions_floor_usage":[1,8,13,24,27],"damage_taken":[{"damage":14,"enemies":"2 Louse","floor":1,"turns":4},{"damage":6,"enemies":"Cultist","floor":3,"turns":4},{"damage":2,"enemies":"Jaw Worm","floor":4,"turns":3},{"damage":3,"enemies":"3 Louse","floor":5,"turns":4},{"damage":45,"enemies":"3 Sentries","floor":6,"turns":6},{"damage":28,"enemies":"Gremlin Nob","floor":8,"turns":4},{"damage":25,"enemies":"3 Sentries","floor":13,"turns":5},{"damage":0,"enemies":"Large Slime","floor":14,"turns":4},{"damage":12,"enemies":"Slime Boss","floor":16,"turns":7},{"damage":21,"enemies":"Shell Parasite","floor":18,"turns":4},{"damage":29,"enemies":"2 Thieves","floor":22,"turns":4},{"damage":20,"enemies":"Snake Plant","floor":24,"turns":3},{"damage":13,"enemies":"3 Cultists","floor":25,"turns":5},{"damage":0,"enemies":"Cultist and Chosen","floor":27,"turns":1},{"damage":3,"enemies":"Snecko","floor":31,"turns":4},{"damage":33,"enemies":"Champ","floor":33,"turns":3}],"seed_played":"-3970398673188551200","potions_obtained":[{"floor":0,"key":"BloodPotion"},{"floor":0,"key":"SmokeBomb"},{"floor":1,"key":"Energy Potion"},{"floor":4,"key":"GamblersBrew"},{"floor":8,"key":"Explosive Potion"},{"floor":16,"key":"BloodPotion"},{"floor":24,"key":"Weak Potion"},{"floor":25,"key":"Fire Potion"}],"is_trial":false,"path_per_floor":["M","?","M","M","M","E","R","E","T","R","?","?","E","M","R","B",null,"M","$","?","$","M","R","M","M","T","M","?","?","R","M","R","B"],"character_chosen":"IRONCLAD","items_purchased":["Shrug It Off","Feel No Pain","Mercury Hourglass"],"campfire_rested":2,"item_purchase_floors":[19,21,21],"current_hp_per_floor":[75,75,75,75,75,36,36,14,14,36,36,36,17,23,45,39,66,51,51,51,51,28,28,29,22,22,28,28,28,28,31,31,0],"gold":89,"neow_bonus":"THREE_SMALL_POTIONS","is_prod":false,"is_daily":false,"chose_seed":false,"campfire_upgraded":4,"win_rate":0,"timestamp":1570761245,"path_taken":["M","?","?","M","M","E","R","E","T","R","?","?","E","M","R","BOSS","M","$","?","$","M","R","M","M","T","M","?","?","R","?","R","BOSS"],"build_version":"2019-10-10","purchased_purges":2,"victory":false,"max_hp_per_floor":[75,75,75,75,75,75,75,75,75,75,75,75,75,75,75,75,75,75,75,75,75,75,75,75,75,75,75,75,75,75,75,75,75],"card_choices":[{"not_picked":["Cleave","Clothesline"],"picked":"Anger","floor":1},{"not_picked":["Warcry","Anger"],"picked":"Uppercut","floor":3},{"not_picked":["Flex","Searing Blow"],"picked":"Rampage","floor":4},{"not_picked":["True Grit","Perfected Strike"],"picked":"Demon Form","floor":5},{"not_picked":["Perfected Strike","Entrench"],"picked":"Anger","floor":6},{"not_picked":["Corruption","Hemokinesis"],"picked":"Shockwave","floor":8},{"not_picked":["Warcry","Body Slam"],"picked":"Seeing Red","floor":10},{"not_picked":["Body Slam","Bloodletting"],"picked":"Sword Boomerang","floor":13},{"not_picked":["Havoc","Ghostly Armor"],"picked":"Demon Form","floor":14},{"not_picked":["Bludgeon","Brutality"],"picked":"Offering","floor":16},{"not_picked":["Havoc","Perfected Strike"],"picked":"Disarm","floor":18},{"not_picked":["Second Wind","Warcry"],"picked":"Clothesline","floor":22},{"not_picked":["Flex","Clash"],"picked":"Inflame+1","floor":24},{"not_picked":["Clothesline","Havoc"],"picked":"Whirlwind","floor":25},{"not_picked":["True Grit","Perfected Strike"],"picked":"Second Wind","floor":31}],"player_experience":497659,"relics_obtained":[{"floor":6,"key":"Dodecahedron"},{"floor":8,"key":"Potion Belt"},{"floor":9,"key":"MawBank"},{"floor":13,"key":"Bag of Marbles"},{"floor":26,"key":"Charon\u0027s Ashes"}],"event_choices":[{"damage_healed":0,"gold_gain":0,"player_choice":"Gave Potion","damage_taken":0,"relics_obtained":["Dream Catcher"],"max_hp_gain":0,"max_hp_loss":0,"event_name":"WeMeetAgain","floor":2,"gold_loss":0},{"damage_healed":0,"gold_gain":0,"player_choice":"Ignored","damage_taken":0,"max_hp_gain":0,"max_hp_loss":0,"event_name":"Golden Idol","floor":11,"gold_loss":0},{"cards_removed":["Strike_R"],"damage_healed":0,"gold_gain":0,"player_choice":"Forget","damage_taken":0,"max_hp_gain":0,"max_hp_loss":0,"event_name":"Living Wall","floor":12,"gold_loss":0},{"damage_healed":0,"gold_gain":50,"player_choice":"Stole From Cult","damage_taken":0,"max_hp_gain":0,"max_hp_loss":0,"event_name":"Nest","floor":20,"gold_loss":0},{"damage_healed":0,"gold_gain":0,"player_choice":"Smashed Altar","damage_taken":0,"max_hp_gain":0,"max_hp_loss":0,"event_name":"Forgotten Altar","floor":28,"gold_loss":0,"cards_obtained":["Decay"]},{"damage_healed":0,"gold_gain":0,"player_choice":"Ignored","damage_taken":0,"max_hp_gain":0,"max_hp_loss":0,"event_name":"Cursed Tome","floor":29,"gold_loss":0}],"is_beta":true,"boss_relics":[{"not_picked":["Velvet Choker","Black Blood"],"picked":"Coffee Dripper"}],"items_purged_floors":[19,21],"is_endless":false,"potions_floor_spawned":[1,4,8,16,24,25],"killed_by":"Champ","ascension_level":16}