{"gold_per_floor":[114,164,60,60,78,78,103,3,27,27,56,73,73,23,23,98,98,118,34,34,34,34,34,34,34,61,61],"floor_reached":27,"playtime":1184,"items_purged":["Strike_R","Strike_R"],"score":440,"play_id":"803f6514-e603-4e07-af2a-c66747a13cce","local_time":"20190704231741","is_ascension_mode":true,"campfire_choices":[{"data":"Bash","floor":6,"key":"SMITH"},{"data":"Rupture","floor":13,"key":"SMITH"},{"data":"Offering","floor":15,"key":"SMITH"},{"data":"Inflame","floor":23,"key":"SMITH"},{"data":"Barricade","floor":25,"key":"SMITH"}],"neow_cost":"NONE","seed_source_timestamp":1465003020588600,"circlet_count":0,"master_deck":["AscendersBane","Strike_R","Strike_R","Defend_R","Defend_R","Defend_R","Defend_R","Bash+1","Armaments+1","Flex","Iron Wave","Offering+1","Rupture+1","True Grit","Iron Wave","Barricade+1","Warcry","Inflame+1"],"relics":["Burning Blood","NeowsBlessing","Mango","Vajra","Anchor","Busted Crown","Potion Belt"],"potions_floor_usage":[16,16,27],"damage_taken":[{"damage":0,"enemies":"Small Slimes","floor":1,"turns":1},{"damage":0,"enemies":"Cultist","floor":5,"turns":1},{"damage":0,"enemies":"Lagavulin","floor":7,"turns":1},{"damage":36,"enemies":"Gremlin Nob","floor":11,"turns":4},{"damage":7,"enemies":"2 Louse","floor":12,"turns":3},{"damage":15,"enemies":"The Guardian","floor":16,"turns":11},{"damage":24,"enemies":"Shell Parasite","floor":18,"turns":11},{"damage":63,"enemies":"Slavers","floor":27,"turns":4}],"seed_played":"-6566915728273883081","potions_obtained":[{"floor":7,"key":"Dexterity Potion"},{"floor":12,"key":"AttackPotion"},{"floor":16,"key":"LiquidBronze"},{"floor":18,"key":"SmokeBomb"}],"is_trial":false,"path_per_floor":["M","?","$","?","M","R","E","$","T","?","E","M","R","$","R","B",null,"M","$","?","$","$","R","$","R","T","E"],"character_chosen":"IRONCLAD","items_purchased":["Flex","Iron Wave","Inflame"],"campfire_rested":0,"item_purchase_floors":[3,14,19],"current_hp_per_floor":[74,67,67,67,73,73,89,89,89,82,52,51,51,51,51,42,77,59,59,46,46,46,46,46,46,46,0],"gold":61,"neow_bonus":"THREE_ENEMY_KILL","is_prod":false,"is_daily":false,"chose_seed":false,"campfire_upgraded":5,"win_rate":0,"timestamp":1562275061,"path_taken":["M","?","?","?","?","R","E","$","T","?","E","M","R","?","R","BOSS","M","$","?","?","$","R","$","R","T","E"],"build_version":"2019-07-01","purchased_purges":2,"victory":false,"max_hp_per_floor":[75,75,75,75,75,75,89,89,89,89,89,89,89,89,89,89,89,89,89,89,89,89,89,89,89,89,89],"card_choices":[{"not_picked":["Wild Strike","Sentinel"],"picked":"Armaments","floor":1},{"not_picked":["Perfected Strike","Carnage"],"picked":"Iron Wave","floor":5},{"not_picked":["Second Wind","Twin Strike"],"picked":"Offering","floor":7},{"not_picked":["Power Through","Anger"],"picked":"Rupture","floor":11},{"not_picked":["Blood for Blood","Twin Strike"],"picked":"True Grit","floor":12},{"not_picked":["Dark Embrace","Demon Form"],"picked":"Barricade","floor":16},{"not_picked":[],"picked":"Warcry","floor":18}],"player_experience":1589621,"relics_obtained":[{"floor":7,"key":"Mango"},{"floor":9,"key":"Vajra"},{"floor":11,"key":"Anchor"},{"floor":26,"key":"Potion Belt"}],"event_choices":[{"damage_healed":0,"gold_gain":50,"player_choice":"Touch","damage_taken":7,"max_hp_gain":0,"max_hp_loss":0,"event_name":"FaceTrader","floor":2,"gold_loss":0},{"damage_healed":0,"gold_gain":0,"player_choice":"Upgraded","damage_taken":0,"max_hp_gain":0,"max_hp_loss":0,"event_name":"Upgrade Shrine","floor":4,"gold_loss":0,"cards_upgraded":["Armaments"]},{"cards_removed":["Strike_R"],"damage_healed":0,"gold_gain":0,"player_choice":"Card Removal","damage_taken":7,"max_hp_gain":0,"max_hp_loss":0,"event_name":"Golden Wing","floor":10,"gold_loss":0},{"damage_healed":0,"gold_gain":0,"player_choice":"Damaged","damage_taken":13,"max_hp_gain":0,"max_hp_loss":0,"event_name":"Wheel of Change","floor":20,"gold_loss":0}],"is_beta":false,"boss_relics":[{"not_picked":["Fusion Hammer","Calling Bell"],"picked":"Busted Crown"}],"items_purged_floors":[3,8],"is_endless":false,"potions_floor_spawned":[7,12,16,18],"killed_by":"Slavers","ascension_level":17}