{"gold_per_floor":[112,62,62,73,92,126,126,139,139,139,64,64,64,79,79,184,184,200,6,6,20,39,39,74,89,89,105,132,82,100,118,118,118],"floor_reached":33,"playtime":2629,"items_purged":["Strike_B","Strike_B"],"score":294,"play_id":"dab2ffa4-11db-4ab3-bbe4-bd0ff36741fd","local_time":"20190530205825","is_ascension_mode":false,"campfire_choices":[{"data":"Dualcast","floor":7,"key":"SMITH"},{"data":"Rainbow","floor":10,"key":"SMITH"},{"floor":15,"key":"REST"},{"data":"Rainbow","floor":23,"key":"SMITH"},{"floor":32,"key":"REST"}],"neow_cost":"NONE","seed_source_timestamp":529782863283050,"circlet_count":0,"master_deck":["Defend_B","Defend_B","Defend_B","Defend_B","Zap","Dualcast+1","Go for the Eyes","Rainbow+1","Chaos","Conserve Battery","Rainbow+1","Rainbow","Redo","Rainbow+1","Redo+1"],"relics":["Cracked Core","NeowsBlessing","PreservedInsect","Pear","Ornamental Fan","Busted Crown","DollysMirror","Smiling Mask","Omamori","Vajra"],"potions_floor_usage":[16,16,16,27,31,33,33],"damage_taken":[{"damage":0,"enemies":"2 Louse","floor":1,"turns":1},{"damage":0,"enemies":"Jaw Worm","floor":4,"turns":1},{"damage":0,"enemies":"Cultist","floor":5,"turns":1},{"damage":33,"enemies":"Lagavulin","floor":6,"turns":7},{"damage":8,"enemies":"Large Slime","floor":8,"turns":5},{"damage":4,"enemies":"Blue Slaver","floor":14,"turns":3},{"damage":4,"enemies":"Hexaghost","floor":16,"turns":9},{"damage":4,"enemies":"Shell Parasite","floor":18,"turns":4},{"damage":3,"enemies":"3 Byrds","floor":21,"turns":3},{"damage":20,"enemies":"Shelled Parasite and Fungi","floor":22,"turns":7},{"damage":15,"enemies":"Book of Stabbing","floor":24,"turns":5},{"damage":2,"enemies":"Centurion and Healer","floor":25,"turns":9},{"damage":0,"enemies":"3 Cultists","floor":27,"turns":4},{"damage":5,"enemies":"Shelled Parasite and Fungi","floor":30,"turns":6},{"damage":4,"enemies":"Sentry and Sphere","floor":31,"turns":5},{"damage":95,"enemies":"Automaton","floor":33,"turns":12}],"seed_played":"-2620503467968845587","potions_obtained":[{"floor":6,"key":"Poison Potion"},{"floor":8,"key":"Weak Potion"},{"floor":14,"key":"Dexterity Potion"},{"floor":21,"key":"FocusPotion"},{"floor":22,"key":"Dexterity Potion"},{"floor":27,"key":"SpeedPotion"},{"floor":30,"key":"Poison Potion"}],"is_trial":false,"path_per_floor":["M","?","?","M","M","E","R","M","T","R","$","?","?","M","R","B",null,"M","$","?","M","M","R","E","M","T","M","T","$","M","M","R","B"],"character_chosen":"DEFECT","items_purchased":["DollysMirror"],"campfire_rested":2,"item_purchase_floors":[19],"current_hp_per_floor":[75,75,75,75,75,42,42,34,44,44,44,26,54,50,75,71,85,81,81,81,78,58,58,43,41,41,41,41,41,36,32,57,0],"gold":118,"neow_bonus":"THREE_ENEMY_KILL","is_prod":false,"is_daily":false,"chose_seed":false,"campfire_upgraded":3,"win_rate":0.0,"timestamp":1559264305,"path_taken":["M","?","?","?","M","E","R","M","T","R","$","?","?","M","R","BOSS","M","$","?","M","?","R","E","M","T","M","?","$","M","?","R","BOSS"],"build_version":"2019-01-23","purchased_purges":2,"victory":false,"max_hp_per_floor":[75,75,75,75,75,75,75,75,85,85,85,85,85,85,85,85,85,85,85,85,85,85,85,85,85,85,85,85,85,85,85,85,85],"card_choices":[{"not_picked":["Sweeping Beam","Barrage"],"picked":"Go for the Eyes","floor":1},{"not_picked":["Steam","All For One","Doom and Gloom"],"picked":"SKIP","floor":4},{"not_picked":["Leap","Aggregate"],"picked":"Conserve Battery","floor":5},{"not_picked":["Beam Cell","Compile Driver","Ball Lightning"],"picked":"SKIP","floor":6},{"not_picked":["Redo","Reinforced Body"],"picked":"Rainbow","floor":8},{"not_picked":["Compile Driver","Defragment","Auto Shields"],"picked":"SKIP","floor":14},{"not_picked":["Buffer","Electrodynamics"],"picked":"Rainbow","floor":16},{"not_picked":[],"picked":"Redo","floor":18},{"not_picked":["Auto Shields"],"picked":"SKIP","floor":21},{"not_picked":["Cold Snap"],"picked":"SKIP","floor":22},{"not_picked":["Aggregate"],"picked":"SKIP","floor":24},{"not_picked":["Darkness"],"picked":"SKIP","floor":25},{"not_picked":["White Noise"],"picked":"SKIP","floor":27},{"not_picked":[],"picked":"Redo+1","floor":30},{"not_picked":["Steam+1"],"picked":"SKIP","floor":31}],"player_experience":59003,"relics_obtained":[{"floor":6,"key":"PreservedInsect"},{"floor":9,"key":"Pear"},{"floor":24,"key":"Smiling Mask"},{"floor":26,"key":"Omamori"},{"floor":28,"key":"Vajra"}],"event_choices":[{"cards_removed":["Strike_B"],"damage_healed":0,"gold_gain":0,"player_choice":"Card Removal","damage_taken":0,"max_hp_gain":0,"max_hp_loss":0,"event_name":"The Cleric","floor":2,"gold_loss":50},{"damage_healed":0,"gold_gain":0,"player_choice":"2 cards matched","damage_taken":0,"max_hp_gain":0,"max_hp_loss":0,"event_name":"Match and Keep!","floor":3,"gold_loss":0,"cards_obtained":["Rainbow","Chaos"]},{"damage_healed":0,"gold_gain":0,"player_choice":"2 cards matched","damage_taken":0,"max_hp_gain":0,"max_hp_loss":0,"event_name":"Match and Keep!","floor":3,"gold_loss":0,"cards_obtained":["Rainbow","Chaos"]},{"damage_healed":0,"gold_gain":0,"player_choice":"Success","damage_taken":18,"relics_obtained":["Ornamental Fan"],"max_hp_gain":0,"max_hp_loss":0,"event_name":"Scrap Ooze","floor":12,"gold_loss":0},{"damage_healed":28,"gold_gain":0,"player_choice":"Banana","damage_taken":0,"max_hp_gain":0,"max_hp_loss":0,"event_name":"Big Fish","floor":13,"gold_loss":0},{"cards_removed":["Strike_B"],"damage_healed":0,"gold_gain":0,"player_choice":"Offered Basic","damage_taken":0,"max_hp_gain":0,"max_hp_loss":0,"event_name":"Bonfire Elementals","floor":20,"gold_loss":0}],"is_beta":false,"boss_relics":[{"not_picked":["Fusion Hammer","Runic Pyramid"],"picked":"Busted Crown"}],"items_purged_floors":[11,29],"is_endless":false,"potions_floor_spawned":[6,8,14,21,22,27,30],"killed_by":"Automaton","ascension_level":0}