{"gold_per_floor":[116,11,25,25,25,58,83,114,160,160,172,172,65,84,84,188,188,201,215,140,152,152,180,180,194,194,194,40,40,40,59,59,158,158,171,171,189,0,10,10,10],"floor_reached":41,"playtime":2878,"items_purged":["Strike_G"],"score":741,"play_id":"d2004373-2087-44a2-8129-fb3a4d73557d","local_time":"20180922024227","is_ascension_mode":true,"campfire_choices":[{"data":"Neutralize","floor":10,"key":"SMITH"},{"data":"Noxious Fumes","floor":12,"key":"SMITH"},{"data":"Bullet Time","floor":15,"key":"SMITH"},{"data":"Malaise","floor":24,"key":"SMITH"},{"floor":27,"key":"REST"},{"data":"Leg Sweep","floor":32,"key":"SMITH"},{"data":"Noxious Fumes","floor":40,"key":"SMITH"}],"neow_cost":"NONE","seed_source_timestamp":21026321781730,"circlet_count":0,"master_deck":["Defend_G","Defend_G","Defend_G+1","Defend_G","Defend_G","Survivor+1","Neutralize+1","AscendersBane","Skewer","Well Laid Plans","Blur","Backflip","Bullet Time+1","Eviscerate","Sucker Punch","Blade Dance","Noxious Fumes+1","Footwork","Backflip","Bane","Malaise+1","Quick Slash+1","Crippling Poison","Escape Plan","Infinite Blades+1","Leg Sweep+1","Concentrate+1","Envenom+1","Choke+1","Catalyst","Acrobatics","Noxious Fumes+1","Blur"],"relics":["Ring of the Snake","NeowsBlessing","Lantern","Bronze Scales","War Paint","Ornamental Fan","Happy Flower","Cursed Key","NlothsMask","Art of War","Snake Skull","Astrolabe","Strawberry"],"potions_floor_usage":[33,39],"damage_taken":[{"damage":0,"enemies":"Jaw Worm","floor":1,"turns":1},{"damage":0,"enemies":"2 Louse","floor":3,"turns":1},{"damage":0,"enemies":"3 Sentries","floor":6,"turns":1},{"damage":22,"enemies":"Lagavulin","floor":8,"turns":7},{"damage":0,"enemies":"Small Slimes","floor":11,"turns":3},{"damage":0,"enemies":"Blue Slaver","floor":14,"turns":4},{"damage":0,"enemies":"Slime Boss","floor":16,"turns":9},{"damage":3,"enemies":"Spheric Guardian","floor":18,"turns":4},{"damage":3,"enemies":"Shell Parasite","floor":19,"turns":5},{"damage":8,"enemies":"Snake Plant","floor":21,"turns":5},{"damage":26,"enemies":"Gremlin Leader","floor":23,"turns":7},{"damage":3,"enemies":"Centurion and Healer","floor":25,"turns":8},{"damage":0,"enemies":"Colosseum Slavers","floor":29,"turns":5},{"damage":4,"enemies":"Chosen and Byrds","floor":31,"turns":5},{"damage":24,"enemies":"Automaton","floor":33,"turns":12},{"damage":0,"enemies":"3 Shapes","floor":35,"turns":5},{"damage":31,"enemies":"3 Darklings","floor":37,"turns":5},{"damage":2,"enemies":"Reptomancer","floor":39,"turns":6},{"damage":33,"enemies":"Mysterious Sphere","floor":41,"turns":3}],"seed_played":"-8607334767678682950","potions_obtained":[{"floor":6,"key":"Ancient Potion"},{"floor":16,"key":"Fire Potion"},{"floor":18,"key":"Block Potion"},{"floor":37,"key":"Ancient Potion"}],"is_trial":false,"path_per_floor":["M","$","M","?","?","E","T","E","T","R","M","R","$","M","R","B",null,"M","M","$","M","?","E","R","M","T","R","$","?","$","M","R","B",null,"M","?","M","$","M","R"],"character_chosen":"THE_SILENT","items_purchased":["Well Laid Plans","Blur","Footwork","Backflip","Snake Skull","Blur","Strawberry"],"campfire_rested":1,"item_purchase_floors":[2,2,13,13,28,38,38],"current_hp_per_floor":[63,63,63,51,51,51,51,29,29,29,29,29,29,29,29,29,60,57,54,54,46,46,20,20,17,17,38,38,38,38,34,34,10,55,55,55,24,31,29,29,0],"gold":10,"neow_bonus":"THREE_ENEMY_KILL","is_prod":false,"is_daily":false,"chose_seed":false,"campfire_upgraded":6,"win_rate":0,"timestamp":1537580547,"path_taken":["M","$","M","?","?","E","?","E","T","R","M","R","?","M","R","BOSS","M","M","$","M","?","E","R","M","T","R","$","?","$","M","R","BOSS","M","?","M","$","M","R","?"],"build_version":"2018-09-20","purchased_purges":1,"victory":false,"max_hp_per_floor":[70,70,70,70,70,70,70,70,70,70,70,70,70,70,70,70,70,70,70,70,70,70,70,70,70,70,70,70,70,70,70,70,70,70,70,70,70,77,77,77,77],"card_choices":[{"not_picked":["Underhanded Strike","Dodge and Roll"],"picked":"Skewer","floor":1},{"not_picked":["Dodge and Roll","Heel Hook"],"picked":"Backflip","floor":3},{"not_picked":["Cloak And Dagger","Phantasmal Killer"],"picked":"Sucker Punch","floor":6},{"not_picked":["Underhanded Strike","Finisher"],"picked":"Blade Dance","floor":8},{"not_picked":["Endless Agony","Slice"],"picked":"Noxious Fumes","floor":11},{"not_picked":["Dagger Throw","PiercingWail"],"picked":"Bane","floor":14},{"not_picked":["Adrenaline","Phantasmal Killer"],"picked":"Malaise","floor":16},{"not_picked":["Backflip+1","Sucker Punch"],"picked":"Quick Slash+1","floor":18},{"not_picked":["Dodge and Roll","Blade Dance"],"picked":"Crippling Poison","floor":19},{"not_picked":["Dagger Spray","Blade Dance"],"picked":"Escape Plan","floor":21},{"not_picked":["Distraction","Prepared+1"],"picked":"Infinite Blades+1","floor":23},{"not_picked":["Distraction+1","Prepared"],"picked":"Leg Sweep","floor":25},{"not_picked":["Flying Knee","Blade Dance","Eviscerate"],"picked":"SKIP","floor":31},{"not_picked":["Footwork","Quick Slash"],"picked":"Catalyst","floor":35},{"not_picked":["Flying Knee+1","Caltrops+1"],"picked":"Noxious Fumes","floor":37},{"not_picked":["Leg Sweep+1","Bane","Acrobatics+1"],"picked":"SKIP","floor":39}],"player_experience":759470,"relics_obtained":[{"floor":6,"key":"Bronze Scales"},{"floor":7,"key":"War Paint"},{"floor":8,"key":"Ornamental Fan"},{"floor":9,"key":"Happy Flower"},{"floor":23,"key":"Art of War"}],"event_choices":[{"event_name":"Scrap Ooze","player_choice":"success","floor":4,"damage_taken":12},{"event_name":"Match and Keep!","player_choice":"2 cards matched","floor":5,"damage_taken":0},{"event_name":"FaceTrader","player_choice":"Trade","floor":22,"damage_taken":0},{"event_name":"Colosseum","player_choice":"Fight","floor":29,"damage_taken":0},{"event_name":"Colosseum","player_choice":"Fled From Nobs","floor":29,"damage_taken":0},{"event_name":"Transmorgrifier","player_choice":"Transform","floor":36,"damage_taken":0},{"event_name":"Mysterious Sphere","player_choice":"Fight","floor":41,"damage_taken":0}],"is_beta":false,"boss_relics":[{"not_picked":["Runic Dome","Runic Pyramid"],"picked":"Cursed Key"},{"not_picked":["Lizard Tail","HoveringKite"],"picked":"Astrolabe"}],"items_purged_floors":[20],"is_endless":false,"potions_floor_spawned":[6,16,18,21,23,37],"killed_by":"Mysterious Sphere","ascension_level":10}