{"gold_per_floor":[218,234,247,259,51,51,76,76,76,76,92,92,108,133,133,205,205,225,238,238],"floor_reached":20,"playtime":684,"items_purged":[],"score":380,"play_id":"d0265aa6-7fe2-4550-9170-6a1fb50795b1","local_time":"20191010204405","is_ascension_mode":true,"campfire_choices":[{"data":"Carnage","floor":6,"key":"SMITH"},{"data":"True Grit","floor":8,"key":"SMITH"},{"data":"Double Tap","floor":10,"key":"SMITH"},{"floor":15,"key":"REST"}],"neow_cost":"NONE","seed_source_timestamp":2237688836780,"circlet_count":0,"master_deck":["AscendersBane","Strike_R","Strike_R","Strike_R","Strike_R","Strike_R","Defend_R","Defend_R","Defend_R","Defend_R","Bash","Hemokinesis","Clothesline","True Grit+1","Carnage+1","Double Tap+1","Cleave","Disarm","Flame Barrier","Immolate","Inflame","Corruption"],"relics":["Burning Blood","Bronze Scales","Bottled Lightning","Du-Vu Doll","Shuriken","Philosopher\u0027s Stone"],"potions_floor_usage":[4,7,14,20],"damage_taken":[{"damage":7,"enemies":"Jaw Worm","floor":1,"turns":3},{"damage":10,"enemies":"Cultist","floor":2,"turns":4},{"damage":7,"enemies":"Small Slimes","floor":3,"turns":3},{"damage":14,"enemies":"Looter","floor":4,"turns":2},{"damage":6,"enemies":"Gremlin Nob","floor":7,"turns":2},{"damage":23,"enemies":"Gremlin Gang","floor":11,"turns":5},{"damage":14,"enemies":"Blue Slaver","floor":13,"turns":2},{"damage":13,"enemies":"3 Sentries","floor":14,"turns":5},{"damage":36,"enemies":"Slime Boss","floor":16,"turns":6},{"damage":18,"enemies":"2 Thieves","floor":18,"turns":2},{"damage":22,"enemies":"Shell Parasite","floor":19,"turns":4},{"damage":32,"enemies":"Shelled Parasite and Fungi","floor":20,"turns":3}],"seed_played":"5038262213023274758","potions_obtained":[{"floor":1,"key":"Energy Potion"},{"floor":4,"key":"DuplicationPotion"},{"floor":11,"key":"Block Potion"},{"floor":18,"key":"Weak Potion"}],"is_trial":false,"path_per_floor":["M","M","M","M","$","R","E","R","T","R","M","?","M","E","R","B",null,"M","M","M"],"character_chosen":"IRONCLAD","items_purchased":["Carnage","Double Tap"],"campfire_rested":1,"item_purchase_floors":[5,5],"current_hp_per_floor":[67,63,62,54,54,54,54,54,54,54,37,37,29,22,44,14,60,48,32,0],"gold":238,"neow_bonus":"HUNDRED_GOLD","is_prod":false,"is_daily":false,"chose_seed":false,"campfire_upgraded":3,"win_rate":0,"timestamp":1570754645,"path_taken":["M","M","M","M","$","R","E","R","T","R","M","?","?","E","R","BOSS","M","M","M"],"build_version":"2019-10-10","purchased_purges":0,"victory":false,"max_hp_per_floor":[75,75,75,75,75,75,75,75,75,75,75,75,75,75,75,75,75,75,75,75],"card_choices":[{"not_picked":["Bloodletting","Clash","Warcry"],"picked":"SKIP","floor":1},{"not_picked":["Rage","Clash"],"picked":"Hemokinesis","floor":2},{"not_picked":["Armaments","Iron Wave"],"picked":"Clothesline","floor":3},{"not_picked":["Wild Strike","Power Through"],"picked":"True Grit","floor":4},{"not_picked":["Pommel Strike","Evolve","Flex"],"picked":"SKIP","floor":7},{"not_picked":["Headbutt","Flex"],"picked":"Cleave","floor":11},{"not_picked":["Warcry","Body Slam"],"picked":"Disarm","floor":13},{"not_picked":["Barricade","Havoc"],"picked":"Flame Barrier","floor":14},{"not_picked":["Dark Embrace","Limit Break"],"picked":"Immolate","floor":16},{"not_picked":["Dual Wield","Warcry"],"picked":"Inflame","floor":18},{"not_picked":["Pommel Strike","Fire Breathing"],"picked":"Corruption","floor":19}],"player_experience":493850,"relics_obtained":[{"floor":7,"key":"Bronze Scales"},{"floor":9,"key":"Bottled Lightning"},{"floor":12,"key":"Du-Vu Doll"},{"floor":14,"key":"Shuriken"}],"event_choices":[{"damage_healed":0,"gold_gain":0,"player_choice":"Relic","damage_taken":0,"max_hp_gain":0,"max_hp_loss":0,"event_name":"Wheel of Change","floor":12,"gold_loss":0}],"is_beta":true,"boss_relics":[{"not_picked":["Runic Pyramid","Ectoplasm"],"picked":"Philosopher\u0027s Stone"}],"items_purged_floors":[],"is_endless":false,"potions_floor_spawned":[1,4,11,18],"killed_by":"Shelled Parasite and Fungi","ascension_level":16}