{"gold_per_floor":[114,94,23,41,7,7,38,38,38,69,83,83,99,115,115,115],"floor_reached":16,"playtime":595,"items_purged":[],"score":193,"play_id":"981d1ea3-aeec-4294-bb1e-f25da9367e6e","local_time":"20190626222239","is_ascension_mode":true,"campfire_choices":[{"data":"Predator","floor":6,"key":"SMITH"},{"floor":8,"key":"REST"},{"floor":12,"key":"REST"},{"data":"Catalyst","floor":15,"key":"SMITH"}],"neow_cost":"PERCENT_DAMAGE","seed_source_timestamp":502759265848025,"circlet_count":0,"master_deck":["AscendersBane","Defend_G","Defend_G","Defend_G","Defend_G","Defend_G","Strike_G","Strike_G","Strike_G","Strike_G","Strike_G","Survivor","Neutralize","Deadly Poison","Predator+1","Deadly Poison","Catalyst+1","PiercingWail","Choke","Bane","Backflip"],"relics":["Ring of the Snake","Nunchaku","Torii","Darkstone Periapt","Letter Opener"],"potions_floor_usage":[7,16],"damage_taken":[{"damage":12,"enemies":"Jaw Worm","floor":1,"turns":7},{"damage":0,"enemies":"Cultist","floor":4,"turns":4},{"damage":20,"enemies":"3 Sentries","floor":7,"turns":8},{"damage":27,"enemies":"Lagavulin","floor":10,"turns":5},{"damage":0,"enemies":"2 Louse","floor":11,"turns":2},{"damage":1,"enemies":"Red Slaver","floor":13,"turns":3},{"damage":9,"enemies":"Exordium Wildlife","floor":14,"turns":4},{"damage":13,"enemies":"Hexaghost","floor":16,"turns":8}],"seed_played":"-7990543658834953353","potions_obtained":[{"floor":2,"key":"SteroidPotion"},{"floor":4,"key":"Fire Potion"},{"floor":7,"key":"GamblersBrew"},{"floor":14,"key":"GhostInAJar"}],"is_trial":false,"path_per_floor":["M","?","$","M","$","R","E","R","T","E","M","R","M","M","R","B"],"character_chosen":"THE_SILENT","items_purchased":["Predator","Catalyst"],"campfire_rested":2,"item_purchase_floors":[3,5],"current_hp_per_floor":[32,32,32,32,32,32,12,31,31,4,4,23,22,13,13,0],"gold":115,"neow_bonus":"ONE_RARE_RELIC","is_prod":false,"is_daily":false,"chose_seed":false,"campfire_upgraded":2,"win_rate":0,"timestamp":1561584159,"path_taken":["M","?","$","?","$","R","E","R","T","E","M","R","M","M","R","BOSS"],"build_version":"2019-01-23","purchased_purges":0,"victory":false,"max_hp_per_floor":[66,66,66,66,66,66,66,66,66,66,66,66,66,66,66,66],"card_choices":[{"not_picked":["Backflip","Acrobatics"],"picked":"Deadly Poison","floor":1},{"not_picked":["Accuracy","Leg Sweep"],"picked":"Deadly Poison","floor":4},{"not_picked":["Eviscerate","Prepared"],"picked":"PiercingWail","floor":7},{"not_picked":["Sucker Punch","Underhanded Strike"],"picked":"Choke","floor":10},{"not_picked":["Endless Agony","Blade Dance"],"picked":"Bane","floor":11},{"not_picked":["Underhanded Strike","Dagger Spray","Accuracy"],"picked":"SKIP","floor":13},{"not_picked":["Endless Agony","Dagger Throw"],"picked":"Backflip","floor":14}],"player_experience":1107865,"relics_obtained":[{"floor":7,"key":"Torii"},{"floor":9,"key":"Darkstone Periapt"},{"floor":10,"key":"Letter Opener"}],"event_choices":[{"damage_healed":0,"gold_gain":0,"player_choice":"Bought 1 Potion","damage_taken":0,"max_hp_gain":0,"max_hp_loss":0,"event_name":"The Woman in Blue","floor":2,"gold_loss":0}],"is_beta":false,"boss_relics":[],"items_purged_floors":[],"is_endless":false,"potions_floor_spawned":[4,7,13,14],"killed_by":"Hexaghost","ascension_level":15}