{"gold_per_floor":[116,127,127,138,16,16,28,57,57,67,80,80,113,127,127,198,198,208,218,218,238,88,88,11,11,34,34,34,53,53,71,71,71],"floor_reached":33,"playtime":1702,"items_purged":["Strike_G","Strike_G"],"score":440,"play_id":"a735eaab-e7b3-40c3-9399-15ac264a76e3","local_time":"20190326021102","is_ascension_mode":true,"campfire_choices":[{"floor":6.0,"key":"REST"},{"floor":12.0,"key":"REST"},{"data":"Noxious Fumes","floor":15.0,"key":"SMITH"},{"floor":23.0,"key":"REST"},{"data":"Envenom","floor":25.0,"key":"SMITH"},{"data":"Crippling Poison","floor":27.0,"key":"SMITH"},{"data":"Wraith Form v2","floor":30,"key":"SMITH"},{"data":"Catalyst","floor":32,"key":"SMITH"}],"neow_cost":"NONE","seed_source_timestamp":0,"circlet_count":0,"master_deck":["AscendersBane","Defend_G","Defend_G+1","Defend_G","Defend_G","Defend_G","Strike_G","Strike_G","Survivor","Neutralize+1","Crippling Poison+1","Dagger Spray","Deadly Poison","Dodge and Roll","Wraith Form v2+1","Escape Plan","Flying Knee","Blade Dance","Noxious Fumes+1","Well Laid Plans","Envenom+1","Leg Sweep","Heel Hook","Sucker Punch+1","Backflip","Infinite Blades","Acrobatics","Catalyst+1"],"special_seed":0,"relics":["Ring of the Serpent","Regal Pillow","Centennial Puzzle","Meat on the Bone","Ancient Tea Set","Pen Nib"],"potions_floor_usage":[33,33],"damage_taken":[{"damage":1.0,"enemies":"Cultist","floor":1.0,"turns":5.0},{"damage":11.0,"enemies":"Jaw Worm","floor":2.0,"turns":8.0},{"damage":13.0,"enemies":"Small Slimes","floor":4.0,"turns":4.0},{"damage":4.0,"enemies":"Red Slaver","floor":7.0,"turns":5.0},{"damage":14.0,"enemies":"3 Sentries","floor":8.0,"turns":8.0},{"damage":9.0,"enemies":"Blue Slaver","floor":10.0,"turns":4.0},{"damage":6.0,"enemies":"2 Fungi Beasts","floor":11.0,"turns":3.0},{"damage":29.0,"enemies":"Gremlin Nob","floor":13.0,"turns":5.0},{"damage":5.0,"enemies":"Large Slime","floor":14.0,"turns":8.0},{"damage":9.0,"enemies":"Hexaghost","floor":16.0,"turns":10.0},{"damage":16.0,"enemies":"Chosen","floor":18.0,"turns":7.0},{"damage":35.0,"enemies":"Spheric Guardian","floor":19.0,"turns":6.0},{"damage":29.0,"enemies":"Snake Plant","floor":21.0,"turns":7.0},{"damage":8.0,"enemies":"3 Cultists","floor":29.0,"turns":4.0},{"damage":10,"enemies":"Centurion and Healer","floor":31,"turns":7},{"damage":42,"enemies":"Automaton","floor":33,"turns":6}],"seed_played":"-996922248780509173","potions_obtained":[{"floor":0.0,"key":"Strength Potion"},{"floor":0.0,"key":"Explosive Potion"},{"floor":4.0,"key":"FearPotion"},{"floor":7.0,"key":"Poison Potion"},{"floor":10.0,"key":"Dexterity Potion"},{"floor":13.0,"key":"GhostInAJar"},{"floor":16.0,"key":"GamblersBrew"},{"floor":19.0,"key":"Regen Potion"},{"floor":21.0,"key":"Dexterity Potion"},{"floor":29.0,"key":"Poison Potion"}],"is_trial":false,"path_per_floor":["M","M","?","M","$","R","M","E","T","M","M","R","E","M","R","B",null,"M","M","?","M","$","R","$","R","T","R","T","M","R","M","R","B"],"character_chosen":"THE_SILENT","items_purchased":["Dodge and Roll","Backflip","Infinite Blades"],"campfire_rested":3,"item_purchase_floors":[5,22,24],"current_hp_per_floor":[58,47,34,21,21,40,36,22,22,13,7,41,12,19,19,22,55,39,16,16,14,14,48,48,48,48,48,48,40,40,42,42,0],"gold":71,"neow_bonus":"THREE_SMALL_POTIONS","is_prod":false,"is_daily":false,"chose_seed":false,"campfire_upgraded":5,"win_rate":0,"timestamp":1553562662,"path_taken":["M","M","?","M","$","R","M","E","T","M","M","R","E","M","R","BOSS","M","M","?","M","?","R","$","R","T","R","?","M","R","M","R","BOSS"],"build_version":"2019-01-23","purchased_purges":2,"victory":false,"max_hp_per_floor":[66,66,66,66,66,66,66,66,66,66,66,66,66,66,66,66,66,66,66,66,66,66,66,66,66,66,66,66,66,66,66,66,66],"card_choices":[{"not_picked":["Blade Dance","Deflect"],"picked":"Crippling Poison","floor":1.0},{"not_picked":["Dagger Throw","Quick Slash"],"picked":"Dagger Spray","floor":2.0},{"not_picked":["Blade Dance","Deflect"],"picked":"Deadly Poison","floor":4.0},{"not_picked":["Dagger Throw","Prepared"],"picked":"Wraith Form v2","floor":7.0},{"not_picked":["Dodge and Roll","Finisher"],"picked":"Escape Plan","floor":8.0},{"not_picked":["Predator","Terror"],"picked":"Flying Knee","floor":10.0},{"not_picked":["Prepared","Calculated Gamble"],"picked":"Blade Dance","floor":11.0},{"not_picked":["Deadly Poison","Dagger Spray"],"picked":"Noxious Fumes","floor":13.0},{"not_picked":["Escape Plan","Reflex"],"picked":"Well Laid Plans","floor":14.0},{"not_picked":["After Image","Adrenaline"],"picked":"Envenom","floor":16.0},{"not_picked":["Backflip","Cloak And Dagger"],"picked":"Leg Sweep","floor":18.0},{"not_picked":["Reflex","Sucker Punch"],"picked":"Heel Hook","floor":19.0},{"not_picked":["Underhanded Strike","Quick Slash"],"picked":"Sucker Punch+1","floor":21.0},{"not_picked":["Prepared","Blade Dance"],"picked":"Acrobatics","floor":29.0},{"not_picked":["Poisoned Stab","Tools of the Trade"],"picked":"Catalyst","floor":31}],"player_experience":1003658,"relics_obtained":[{"floor":8.0,"key":"Regal Pillow"},{"floor":9.0,"key":"Centennial Puzzle"},{"floor":13.0,"key":"Meat on the Bone"},{"floor":26.0,"key":"Ancient Tea Set"},{"floor":28.0,"key":"Pen Nib"}],"event_choices":[{"damage_healed":0.0,"max_hp_gain":0.0,"max_hp_loss":0.0,"gold_gain":0.0,"event_name":"Shining Light","player_choice":"Entered Light","floor":3.0,"gold_loss":0.0,"damage_taken":13.0,"cards_upgraded":["Neutralize","Defend_G"]},{"cards_removed":["Strike_G"],"damage_healed":0.0,"max_hp_gain":0.0,"max_hp_loss":0.0,"gold_gain":0.0,"event_name":"Purifier","player_choice":"Purged","floor":20.0,"gold_loss":0.0,"damage_taken":0.0}],"is_beta":false,"boss_relics":[{"not_picked":["Calling Bell","White Beast Statue"],"picked":"Ring of the Serpent"}],"items_purged_floors":[5,22],"is_endless":false,"potions_floor_spawned":[4,7,10,13,16,19,21,29],"killed_by":"Automaton","ascension_level":14}