{"gold_per_floor":[109,109,109,34,34,72,72,92,92,107,107,131,31,71,71,165,165,185,185,7,27,43,43],"floor_reached":23,"playtime":702,"items_purged":["Injury","Strike_G","Strike_G"],"score":403,"play_id":"d48f22ee-2c3c-420b-97b3-da4d9abab331","local_time":"20190611115128","is_ascension_mode":true,"campfire_choices":[{"data":"Neutralize","floor":7,"key":"SMITH"},{"data":"Distraction","floor":11,"key":"SMITH"},{"data":"Deadly Poison","floor":15,"key":"SMITH"}],"neow_cost":"NONE","seed_source_timestamp":44308770659600,"circlet_count":0,"master_deck":["AscendersBane","Defend_G","Defend_G","Defend_G","Defend_G","Survivor","Neutralize+1","Dagger Spray","Die Die Die","Corpse Explosion","Deadly Poison+1","Distraction+1","Endless Agony+1","Poisoned Stab+1","Glass Knife+1","Footwork","Adrenaline","Deadly Poison","Slice+1"],"relics":["Ring of the Snake","NeowsBlessing","Golden Idol","Molten Egg 2","Blue Candle","Singing Bowl","Empty Cage"],"potions_floor_usage":[14,18,22],"damage_taken":[{"damage":0,"enemies":"Jaw Worm","floor":1,"turns":1},{"damage":0,"enemies":"Gremlin Nob","floor":6,"turns":1},{"damage":0,"enemies":"Cultist","floor":8,"turns":1},{"damage":0,"enemies":"2 Louse","floor":10,"turns":1},{"damage":0,"enemies":"2 Fungi Beasts","floor":12,"turns":2},{"damage":2,"enemies":"3 Sentries","floor":14,"turns":6},{"damage":23,"enemies":"Hexaghost","floor":16,"turns":9},{"damage":0,"enemies":"Chosen","floor":18,"turns":5},{"damage":17,"enemies":"Spheric Guardian","floor":21,"turns":4},{"damage":5,"enemies":"Chosen and Byrds","floor":22,"turns":5},{"damage":39,"enemies":"Book of Stabbing","floor":23,"turns":5}],"seed_played":"-2086422137684267491","potions_obtained":[{"floor":6,"key":"Swift Potion"},{"floor":16,"key":"Poison Potion"},{"floor":21,"key":"AttackPotion"}],"is_trial":false,"path_per_floor":["M","?","?","$","$","E","R","M","T","M","R","M","$","E","R","B",null,"M","?","$","M","M","E"],"character_chosen":"THE_SILENT","items_purchased":["Deadly Poison"],"campfire_rested":0,"item_purchase_floors":[20],"current_hp_per_floor":[59,59,59,59,59,59,59,59,59,59,59,59,59,57,57,34,58,58,58,58,41,38,0],"gold":43,"neow_bonus":"THREE_ENEMY_KILL","is_prod":false,"is_daily":false,"chose_seed":false,"campfire_upgraded":3,"win_rate":0,"timestamp":1560246688,"path_taken":["M","?","?","?","$","E","R","?","T","?","R","M","$","E","R","BOSS","M","?","$","M","M","E"],"build_version":"2019-01-23","purchased_purges":3,"victory":false,"max_hp_per_floor":[66,66,66,66,66,66,66,66,66,66,66,66,66,66,66,66,66,66,66,66,66,68,68],"card_choices":[{"not_picked":["Deflect","Slice"],"picked":"Dagger Spray","floor":1},{"not_picked":["Dodge and Roll","PiercingWail"],"picked":"Corpse Explosion","floor":6},{"not_picked":["Backflip","Quick Slash+1"],"picked":"Deadly Poison","floor":8},{"not_picked":["Acrobatics","All Out Attack+1"],"picked":"Distraction","floor":10},{"not_picked":["Masterful Stab+1","Deadly Poison"],"picked":"Endless Agony+1","floor":12},{"not_picked":["All Out Attack+1","Quick Slash+1"],"picked":"Poisoned Stab+1","floor":14},{"not_picked":["Storm of Steel","After Image"],"picked":"Glass Knife+1","floor":16},{"not_picked":["Leg Sweep","Dagger Throw+1"],"picked":"Footwork","floor":18},{"not_picked":["Dagger Spray+1","Outmaneuver+1"],"picked":"Slice+1","floor":21},{"not_picked":["Calculated Gamble","Cloak And Dagger","Bane+1"],"picked":"Singing Bowl","floor":22}],"player_experience":1302671,"relics_obtained":[{"floor":6,"key":"Molten Egg 2"},{"floor":9,"key":"Blue Candle"},{"floor":14,"key":"Singing Bowl"}],"event_choices":[{"damage_healed":0,"gold_gain":0,"cards_transformed":["Strike_G"],"player_choice":"Change","damage_taken":0,"max_hp_gain":0,"max_hp_loss":0,"event_name":"Living Wall","floor":2,"gold_loss":0,"cards_obtained":["Die Die Die"]},{"damage_healed":0,"gold_gain":0,"player_choice":"Take Wound","damage_taken":0,"relics_obtained":["Golden Idol"],"max_hp_gain":0,"max_hp_loss":0,"event_name":"Golden Idol","floor":3,"gold_loss":0,"cards_obtained":["Injury"]},{"damage_healed":0,"gold_gain":0,"cards_transformed":["Strike_G"],"player_choice":"Transformed","damage_taken":0,"max_hp_gain":0,"max_hp_loss":0,"event_name":"Transmorgrifier","floor":19,"gold_loss":0,"cards_obtained":["Adrenaline"]}],"is_beta":false,"boss_relics":[{"not_picked":["Velvet Choker","Busted Crown"],"picked":"Empty Cage"}],"items_purged_floors":[4,13,20],"is_endless":false,"potions_floor_spawned":[6,16,21],"killed_by":"Book of Stabbing","ascension_level":16}