{"gold_per_floor":[111,41,41,59,78,78,154,198,198,198,217,233,233,12,12,138,138,154,154,54,75,75,75,91,216,216,216,268,288,308,331,331,459,522,547,570,141,141,474,474,508,508,534,567,567,580,599,166,166,166],"floor_reached":51,"playtime":3268,"items_purged":["Parasite","Strike_B","Zap+1","Dualcast+1"],"score":951,"play_id":"2111b2b6-4fd6-4ce0-b02a-34b649398d08","local_time":"20190331001733","is_ascension_mode":true,"campfire_choices":[{"data":"Sunder","floor":6.0,"key":"SMITH"},{"data":"Coolheaded","floor":10.0,"key":"SMITH"},{"data":"Coolheaded","floor":15.0,"key":"SMITH"},{"data":"Seek","floor":23.0,"key":"SMITH"},{"data":"Defragment","floor":27.0,"key":"SMITH"},{"data":"Capacitor","floor":32.0,"key":"SMITH"},{"floor":40.0,"key":"REST"},{"floor":42.0,"key":"RECALL"},{"data":"Hologram","floor":49,"key":"SMITH"}],"neow_cost":"NONE","seed_source_timestamp":392187608690493,"circlet_count":0,"master_deck":["Strike_B+1","Strike_B+1","Strike_B+1","Defend_B+1","Defend_B+1","Defend_B+1","Defend_B+1","Sunder+1","Coolheaded+1","Coolheaded+1","All For One+1","Capacitor+1","Barrage+1","Conserve Battery+1","Seek+1","Hologram+1","Defragment+1","Coolheaded+1","Skim+1","Self Repair+1","Ghostly+1","Ghostly+1","Ghostly+1","Ghostly+1","Ghostly+1","Auto Shields+1","Multi-Cast+1","Defragment+1","PanicButton+1","Auto Shields+1","Turbo+1","Seek+1","Hologram+1","Seek+1"],"special_seed":0,"relics":["Velvet Choker","Bottled Flame","War Paint","Whetstone","Orrery","Du-Vu Doll","Symbiotic Virus","Frozen Egg 2","Pen Nib","Tiny House","Mark of the Bloom","Omamori","Blood Vial","Calipers","DollysMirror"],"potions_floor_usage":[50,50,50],"damage_taken":[{"damage":0.0,"enemies":"Cultist","floor":1.0,"turns":3.0},{"damage":7.0,"enemies":"Small Slimes","floor":4.0,"turns":2.0},{"damage":0.0,"enemies":"2 Louse","floor":5.0,"turns":2.0},{"damage":16.0,"enemies":"Gremlin Nob","floor":7.0,"turns":3.0},{"damage":3.0,"enemies":"3 Sentries","floor":8.0,"turns":4.0},{"damage":2.0,"enemies":"Blue Slaver","floor":11.0,"turns":3.0},{"damage":2.0,"enemies":"Looter","floor":12.0,"turns":3.0},{"damage":14.0,"enemies":"Hexaghost","floor":16.0,"turns":9.0},{"damage":9.0,"enemies":"Spheric Guardian","floor":18.0,"turns":4.0},{"damage":2.0,"enemies":"Shell Parasite","floor":21.0,"turns":5.0},{"damage":1.0,"enemies":"Centurion and Healer","floor":24.0,"turns":10.0},{"damage":0.0,"enemies":"Colosseum Slavers","floor":25.0,"turns":6.0},{"damage":0.0,"enemies":"Colosseum Nobs","floor":25.0,"turns":6.0},{"damage":0.0,"enemies":"3 Cultists","floor":29.0,"turns":5.0},{"damage":1.0,"enemies":"Snake Plant","floor":30.0,"turns":5.0},{"damage":0.0,"enemies":"Centurion and Healer","floor":31.0,"turns":8.0},{"damage":23.0,"enemies":"Champ","floor":33.0,"turns":12.0},{"damage":19.0,"enemies":"3 Darklings","floor":35.0,"turns":9.0},{"damage":0.0,"enemies":"3 Shapes","floor":36.0,"turns":8.0},{"damage":0.0,"enemies":"Nemesis","floor":41.0,"turns":7.0},{"damage":0.0,"enemies":"Reptomancer","floor":44.0,"turns":5.0},{"damage":0,"enemies":"Writhing Mass","floor":46,"turns":5},{"damage":0,"enemies":"Jaw Worm Horde","floor":47,"turns":5},{"damage":1,"enemies":"Time Eater","floor":50,"turns":8}],"seed_played":"-8027357507535925686","potions_obtained":[{"floor":4.0,"key":"Fire Potion"},{"floor":8.0,"key":"SkillPotion"},{"floor":11.0,"key":"PowerPotion"},{"floor":12.0,"key":"SkillPotion"},{"floor":16.0,"key":"Dexterity Potion"},{"floor":25.0,"key":"Strength Potion"},{"floor":33.0,"key":"Poison Potion"},{"floor":34.0,"key":"Explosive Potion"},{"floor":46,"key":"FocusPotion"}],"is_trial":false,"path_per_floor":["M","$","?","M","M","R","?","E","T","R","M","M","?","$","R","B",null,"M","?","$","M","?","R","M","?","T","R","T","M","M","M","R","B",null,"M","M","$","?","?","R","E","R","T","E","?","M","M","$","R","B",null],"character_chosen":"DEFECT","items_purchased":["Sunder","Capacitor","Barrage","Conserve Battery","PanicButton","Auto Shields","FocusPotion","GamblersBrew","DollysMirror","FocusPotion"],"campfire_rested":1,"item_purchase_floors":[2,14,14,14,37,37,37,37,48,48],"current_hp_per_floor":[75,75,69,62,62,62,46,43,43,43,41,39,56,56,56,42,66,57,57,57,62,33,33,33,33,33,33,33,33,33,33,33,17,38,26,33,33,33,33,33,33,33,33,33,33,33,33,33,33,32],"gold":166,"neow_bonus":"BOSS_RELIC","is_prod":false,"is_daily":false,"chose_seed":false,"campfire_upgraded":7,"win_rate":0,"timestamp":1554016653,"path_taken":["M","$","?","M","M","R","?","E","T","R","M","M","?","$","R","BOSS","M","?","$","M","?","R","M","?","T","R","?","M","M","?","R","BOSS","M","M","$","?","?","R","E","R","T","E","?","M","?","?","R","BOSS"],"build_version":"2019-01-23","purchased_purges":4,"victory":true,"max_hp_per_floor":[75,75,69,69,69,69,69,69,69,69,69,69,69,66,66,66,66,66,66,66,66,33,33,33,33,33,33,33,33,33,33,33,33,38,38,38,38,38,38,38,38,38,38,38,38,38,38,38,38,38],"card_choices":[{"not_picked":["Leap","Cold Snap","Storm"],"picked":"SKIP","floor":1.0},{"not_picked":["Rip and Tear","Blizzard","Sweeping Beam"],"picked":"SKIP","floor":4.0},{"not_picked":["Sweeping Beam","Storm"],"picked":"Coolheaded","floor":5.0},{"not_picked":["Streamline","Tempest"],"picked":"Coolheaded","floor":7.0},{"not_picked":["Hello World","Barrage","Loop"],"picked":"SKIP","floor":8.0},{"not_picked":["White Noise","Beam Cell"],"picked":"All For One","floor":11.0},{"not_picked":["Leap","Rebound","Turbo"],"picked":"SKIP","floor":12.0},{"not_picked":["Rainbow","Electrodynamics"],"picked":"Seek","floor":16.0},{"not_picked":["Aggregate","Streamline"],"picked":"Hologram","floor":17.0},{"not_picked":["White Noise","Chill"],"picked":"Defragment","floor":17.0},{"not_picked":["Ball Lightning","Gash"],"picked":"Coolheaded","floor":17.0},{"not_picked":["Stack","Streamline"],"picked":"Skim","floor":17.0},{"not_picked":["Reprogram","Beam Cell","Chaos+1"],"picked":"SKIP","floor":18.0},{"not_picked":["Capacitor","Hologram","Turbo"],"picked":"SKIP","floor":21.0},{"not_picked":["Conserve Battery","Sweeping Beam"],"picked":"Auto Shields","floor":24.0},{"not_picked":["Darkness","Sunder+1","Genetic Algorithm"],"picked":"SKIP","floor":29.0},{"not_picked":["Tempest","Rainbow","BootSequence"],"picked":"SKIP","floor":30.0},{"not_picked":["Gash+1","Redo","Streamline"],"picked":"SKIP","floor":31.0},{"not_picked":["Fission","Machine Learning+1"],"picked":"Multi-Cast","floor":33.0},{"not_picked":["Barrage","Streamline"],"picked":"Defragment+1","floor":34.0},{"not_picked":["Cold Snap+1","Chill","Barrage"],"picked":"SKIP","floor":35.0},{"not_picked":["Blizzard+1","Capacitor+1","Sweeping Beam+1"],"picked":"SKIP","floor":36.0},{"not_picked":["Beam Cell+1","Compile Driver+1","Gash+1"],"picked":"SKIP","floor":41.0},{"not_picked":["Auto Shields","Reprogram+1"],"picked":"Turbo+1","floor":44.0},{"not_picked":["Leap","Go for the Eyes+1","Beam Cell+1"],"picked":"SKIP","floor":46},{"not_picked":["Reinforced Body+1","Rebound"],"picked":"Hologram","floor":47}],"player_experience":82193,"relics_obtained":[{"floor":7.0,"key":"Bottled Flame"},{"floor":8.0,"key":"War Paint"},{"floor":9.0,"key":"Whetstone"},{"floor":25.0,"key":"Du-Vu Doll"},{"floor":25.0,"key":"Symbiotic Virus"},{"floor":26.0,"key":"Frozen Egg 2"},{"floor":28.0,"key":"Pen Nib"},{"floor":41.0,"key":"Omamori"},{"floor":43.0,"key":"Blood Vial"},{"floor":44.0,"key":"Calipers"}],"event_choices":[{"damage_healed":0.0,"max_hp_gain":0.0,"max_hp_loss":6.0,"gold_gain":0.0,"event_name":"Golden Idol","player_choice":"Lose Max HP","floor":3.0,"gold_loss":0.0,"damage_taken":0.0,"relics_obtained":["Golden Idol"]},{"damage_healed":0.0,"max_hp_gain":0.0,"max_hp_loss":0.0,"gold_gain":0.0,"event_name":"Dead Adventurer","player_choice":"Searched \u00271\u0027 times","floor":7.0,"gold_loss":0.0,"damage_taken":0.0},{"damage_healed":17.0,"max_hp_gain":0.0,"max_hp_loss":0.0,"gold_gain":0.0,"event_name":"Mushrooms","player_choice":"Healed and dodged fight","floor":13.0,"gold_loss":0.0,"damage_taken":0.0,"cards_obtained":["Parasite"]},{"damage_healed":0.0,"max_hp_gain":0.0,"max_hp_loss":0.0,"gold_gain":0.0,"event_name":"The Library","player_choice":"Read","floor":19.0,"gold_loss":0.0,"damage_taken":0.0,"cards_obtained":["Self Repair"]},{"damage_healed":0.0,"max_hp_gain":0.0,"max_hp_loss":33.0,"gold_gain":0.0,"event_name":"Ghosts","player_choice":"Became a Ghost","floor":22.0,"gold_loss":0.0,"damage_taken":0.0,"cards_obtained":["Ghostly","Ghostly","Ghostly","Ghostly","Ghostly"]},{"damage_healed":0.0,"max_hp_gain":0.0,"max_hp_loss":0.0,"gold_gain":0.0,"event_name":"Colosseum","player_choice":"Fight","floor":25.0,"gold_loss":0.0,"damage_taken":0.0},{"damage_healed":0.0,"max_hp_gain":0.0,"max_hp_loss":0.0,"gold_gain":0.0,"event_name":"Colosseum","player_choice":"Fought Nobs","floor":25.0,"gold_loss":0.0,"damage_taken":0.0},{"damage_healed":0.0,"max_hp_gain":0.0,"max_hp_loss":0.0,"gold_gain":0.0,"event_name":"MindBloom","player_choice":"Upgrade","floor":38.0,"gold_loss":0.0,"damage_taken":0.0,"cards_upgraded":["Strike_B","Defend_B","Defend_B","Defend_B","Defend_B","All For One","Barrage","Hologram","Coolheaded","Skim","Self Repair","Ghostly","Ghostly","Ghostly","Ghostly","Ghostly","Auto Shields","Multi-Cast","PanicButton","Auto Shields"],"relics_obtained":["Mark of the Bloom"]},{"damage_healed":0.0,"max_hp_gain":0.0,"max_hp_loss":0.0,"gold_gain":333.0,"event_name":"The Moai Head","player_choice":"Gave Idol","floor":39.0,"relics_lost":["Golden Idol"],"gold_loss":0.0,"damage_taken":0.0},{"damage_healed":0.0,"max_hp_gain":0.0,"max_hp_loss":0.0,"gold_gain":0.0,"event_name":"Duplicator","player_choice":"Copied","floor":45.0,"gold_loss":0.0,"damage_taken":0.0,"cards_obtained":["Seek"]}],"is_beta":false,"boss_relics":[{"not_picked":["Runic Pyramid","White Beast Statue"],"picked":"Orrery"},{"not_picked":["Eternal Feather","Sozu"],"picked":"Tiny House"}],"items_purged_floors":[14,20,37,48],"is_endless":false,"potions_floor_spawned":[4,8,11,12,16,24,25,33,35,46,47],"ascension_level":4}