{"path_per_floor":["M","?","M","M","T","R","E","R","T","M","$","M","?","T","R","B",null,"M","?","M","?","M","E","M","E","T","R","M","$","M","T","R","B",null,"M","?","?","M","$","R","M","?","T"],"character_chosen":"THE_SILENT","items_purchased":["Ornamental Fan","Girya","Shuriken"],"gold_per_floor":[115,115,126,143,215,215,249,249,324,340,98,118,179,231,231,334,364,384,384,396,396,409,444,454,482,482,482,500,186,201,201,201,303,303,318,318,318,336,7,7,25,74,146],"floor_reached":44,"campfire_rested":2,"playtime":5077,"current_hp_per_floor":[66,59,59,59,59,59,46,46,46,46,46,46,46,46,46,38,75,75,59,59,59,59,30,18,2,2,24,10,10,10,10,32,47,75,72,72,62,54,54,54,54,23,23],"items_purged":["Calculated Gamble"],"gold":146,"play_id":"38843bd9-9e0a-4fb3-b399-ddb921a315fe","is_prod":false,"is_daily":false,"campfire_rituals":0,"campfire_upgraded":3,"is_hardmode":false,"path_taken":["M","?","M","M","?","R","E","R","T","?","?","M","?","?","R","BOSS","M","?","?","?","?","E","M","E","T","R","M","$","M","?","R","BOSS","M","?","?","?","$","R","M","?","T","E"],"build_version":"2018-01-18-PROD4","purchased_purges":1,"victory":false,"master_deck":["Defend_G","Defend_G","Defend_G","Defend_G","Defend_G","Strike_G","Strike_G","Strike_G","Strike_G","Strike_G","Survivor","Neutralize","Flying Knee","Distraction","Dagger Throw","Finisher","Outmaneuver","A Thousand Cuts","Backflip","Dagger Spray","Madness","Madness","Dagger Throw"],"max_hp_per_floor":[70,70,70,70,70,70,70,70,70,70,70,70,70,70,70,70,75,75,75,75,75,75,75,75,75,75,75,75,75,75,75,75,75,75,75,75,75,75,75,75,75,75,75],"relics":["Ring of the Snake","Pen Nib","Ninja Scroll","Anchor","Dodecahedron","Ornamental Fan","Paper Crane","Orichalcum","Nilry\u0027s Codex","Nloth\u0027s Gift","Frozen Egg","Pantograph","Molten Egg","Girya","Vajra","Black Star","Shuriken","Torii","Kunai"],"campfire_meditates":0,"card_choices":[{"not_picked":["Dagger Spray","Underhanded Strike"],"picked":"Flying Knee"},{"not_picked":["Backflip","Blade Dance"],"picked":"Distraction"},{"not_picked":["Prepared","Slice"],"picked":"Dagger Throw"},{"not_picked":["Dodge and Roll","Quick Slash"],"picked":"Finisher"},{"not_picked":["Quick Slash","Dodge and Roll"],"picked":"Calculated Gamble"},{"not_picked":["PiercingWail","Sucker Punch"],"picked":"Outmaneuver"},{"not_picked":["Wraith Form","Venomology"],"picked":"A Thousand Cuts"},{"not_picked":["Underhanded Strike","Outmaneuver"],"picked":"Backflip"},{"not_picked":["Acrobatics","Leg Sweep"],"picked":"Dagger Spray"},{"not_picked":["Dash","Sucker Punch"],"picked":"Dagger Throw"}],"player_experience":54515,"potions_floor_usage":[20,22,23,25,25,33,33,35,41,44],"damage_taken":[{"damage":4.0,"enemies":"Cultist","floor":1.0,"turns":5.0},{"damage":0.0,"enemies":"Jaw Worm","floor":3.0,"turns":3.0},{"damage":0.0,"enemies":"Blue Slaver","floor":4.0,"turns":4.0},{"damage":13.0,"enemies":"Lagavulin","floor":7.0,"turns":8.0},{"damage":0.0,"enemies":"2 Fungi Beasts","floor":10.0,"turns":2.0},{"damage":0.0,"enemies":"Exordium Wildlife","floor":12.0,"turns":2.0},{"damage":0.0,"enemies":"3 Sentries","floor":13.0,"turns":4.0},{"damage":8.0,"enemies":"Slime Boss","floor":16.0,"turns":13.0},{"damage":0,"enemies":"Chosen","floor":18,"turns":2},{"damage":0,"enemies":"2 Thieves","floor":20,"turns":3},{"damage":0,"enemies":"3 Cultists","floor":22,"turns":3},{"damage":29,"enemies":"Slavers","floor":23,"turns":7},{"damage":12,"enemies":"Snake Plant","floor":24,"turns":3},{"damage":16,"enemies":"Book of Stabbing","floor":25,"turns":8},{"damage":14,"enemies":"Slaver and Parasite","floor":28,"turns":5},{"damage":0,"enemies":"3 Cultists","floor":30,"turns":4},{"damage":10,"enemies":"Champ","floor":33,"turns":10},{"damage":3,"enemies":"3 Darklings","floor":35,"turns":3},{"damage":8,"enemies":"Orb Walker","floor":38,"turns":3},{"damage":0,"enemies":"3 Darklings","floor":41,"turns":3},{"damage":31,"enemies":"Mysterious Sphere","floor":42,"turns":4},{"damage":35,"enemies":"Nemesis","floor":44,"turns":6}],"event_choices":[{"event_name":"Scrap Ooze","player_choice":"success","floor":2.0,"damage_taken":7.0},{"event_name":"Dead Adventurer","player_choice":"Searched \u00271\u0027 times","floor":13.0,"damage_taken":0.0},{"event_name":"Cursed Tome","player_choice":"Obtained Book","floor":19,"damage_taken":0},{"event_name":"N\u0027loth","player_choice":"Traded a Tiny House","floor":21,"damage_taken":0},{"event_name":"Tomb of Lord Red Mask","player_choice":"Ignored","floor":36,"damage_taken":0},{"event_name":"Winding Halls","player_choice":"Embrace Madness","floor":37,"damage_taken":0},{"event_name":"Mysterious Sphere","player_choice":"Fight","floor":42,"damage_taken":0}],"boss_relics":[{"not_picked":["Orrery","The Specimen"],"picked":"Black Star"}],"potions_floor_spawned":[3,4,7,13,16,22,23,24,30,41,42],"seed_played":"-8079491811051549377","killed_by":"Nemesis","is_trial":false}