{"gold_per_floor":[117,136,136,150,165,165,192,222,249,249,261,290,290,306,306,306],"floor_reached":16,"playtime":449,"items_purged":[],"score":224,"play_id":"971ec589-0834-47f4-97c4-343773d692be","local_time":"20190108001200","is_ascension_mode":true,"campfire_choices":[{"data":"Perfected Strike","floor":6.0,"key":"SMITH"},{"floor":10.0,"key":"REST"},{"data":"Armaments","floor":13.0,"key":"SMITH"},{"data":"Body Slam","floor":15.0,"key":"SMITH"}],"neow_cost":"TEN_PERCENT_HP_LOSS","seed_source_timestamp":455060195457698,"circlet_count":0,"master_deck":["AscendersBane","Strike_R","Strike_R","Strike_R","Strike_R","Strike_R","Defend_R","Defend_R","Defend_R","Defend_R","Bash","Juggernaut+1","Ghostly Armor","Armaments+1","Feel No Pain","Perfected Strike+1","Havoc","Ghostly Armor","Body Slam+1"],"special_seed":0,"relics":["Burning Blood","Smiling Mask","Bronze Scales","Anchor","Vajra"],"potions_floor_usage":[],"damage_taken":[{"damage":1.0,"enemies":"2 Louse","floor":1.0,"turns":3.0},{"damage":11.0,"enemies":"Cultist","floor":2.0,"turns":4.0},{"damage":7.0,"enemies":"Jaw Worm","floor":4.0,"turns":4.0},{"damage":6.0,"enemies":"Looter","floor":5.0,"turns":3.0},{"damage":24.0,"enemies":"3 Sentries","floor":7.0,"turns":7.0},{"damage":0.0,"enemies":"Red Slaver","floor":11.0,"turns":3.0},{"damage":41.0,"enemies":"Gremlin Nob","floor":12.0,"turns":5.0},{"damage":0.0,"enemies":"Large Slime","floor":14.0,"turns":5.0},{"damage":42,"enemies":"Hexaghost","floor":16,"turns":7}],"seed_played":"6177193493693554398","potions_obtained":[{"floor":1.0,"key":"FearPotion"},{"floor":5.0,"key":"Block Potion"},{"floor":12.0,"key":"SpeedPotion"},{"floor":14.0,"key":"Fire Potion"}],"is_trial":false,"path_per_floor":["M","M","?","M","M","R","E","?","T","R","M","E","R","M","R","B"],"character_chosen":"IRONCLAD","items_purchased":[],"campfire_rested":1,"item_purchase_floors":[],"current_hp_per_floor":[68,63,63,62,62,62,44,44,44,64,68,33,33,39,39,0],"gold":306,"neow_bonus":"THREE_RARE_CARDS","is_prod":false,"is_daily":false,"chose_seed":false,"campfire_upgraded":3,"win_rate":0,"timestamp":1546902720,"path_taken":["M","M","?","M","?","R","E","?","T","R","M","E","R","M","R","BOSS"],"build_version":"2019-01-03v4","purchased_purges":0,"victory":false,"max_hp_per_floor":[68,68,68,68,68,68,68,68,68,68,68,68,68,68,68,68],"card_choices":[{"not_picked":["Exhume","Reaper"],"picked":"Juggernaut","floor":0.0},{"not_picked":["Wild Strike","Warcry"],"picked":"Ghostly Armor","floor":1.0},{"not_picked":["Intimidate","Rupture"],"picked":"Armaments","floor":2.0},{"not_picked":["Blood for Blood","Twin Strike"],"picked":"Feel No Pain","floor":4.0},{"not_picked":["Rupture","Seeing Red"],"picked":"Perfected Strike","floor":5.0},{"not_picked":["Clash","Inflame"],"picked":"Havoc","floor":7.0},{"not_picked":["Dual Wield","Second Wind"],"picked":"Ghostly Armor","floor":11.0},{"not_picked":["Clash","Spot Weakness","Limit Break"],"picked":"SKIP","floor":12.0},{"not_picked":["Blood for Blood","Wild Strike"],"picked":"Body Slam","floor":14.0}],"player_experience":585569,"relics_obtained":[{"floor":7.0,"key":"Smiling Mask"},{"floor":9.0,"key":"Anchor"},{"floor":12.0,"key":"Vajra"}],"event_choices":[{"damage_healed":0.0,"max_hp_gain":0.0,"max_hp_loss":0.0,"gold_gain":0.0,"event_name":"Upgrade Shrine","player_choice":"Upgraded","floor":3.0,"gold_loss":0.0,"damage_taken":0.0,"cards_upgraded":["Juggernaut"]},{"damage_healed":0.0,"max_hp_gain":0.0,"max_hp_loss":0.0,"gold_gain":30.0,"event_name":"Dead Adventurer","player_choice":"Searched \u00272\u0027 times","floor":8.0,"gold_loss":0.0,"damage_taken":0.0,"relics_obtained":["Bronze Scales"]}],"is_beta":false,"boss_relics":[],"items_purged_floors":[],"is_endless":false,"potions_floor_spawned":[1,5,12,14],"killed_by":"Hexaghost","ascension_level":20}