{"gold_per_floor":[16,16,16,29,47,72,88,88,88,88,101,131,131,150,150,223,223,239,197,208,133,133],"floor_reached":22,"playtime":1006,"items_purged":[],"score":366,"play_id":"4db2134a-a1cb-4cef-bce2-6383bee38a9c","local_time":"20190718233829","is_ascension_mode":true,"campfire_choices":[{"data":"Fiend Fire","floor":8,"key":"SMITH"},{"data":"Ghostly Armor","floor":10,"key":"SMITH"},{"data":"Armaments","floor":15,"key":"SMITH"}],"neow_cost":"NO_GOLD","seed_source_timestamp":528533312959900,"circlet_count":0,"master_deck":["AscendersBane","Defend_R","Defend_R","Defend_R","Bash","Clash","Fiend Fire+1","Headbutt","Shrug It Off","Ghostly Armor+1","Ghostly Armor","Body Slam","Feel No Pain","Armaments+1","Warcry","Bludgeon","Dark Embrace+1","Fire Breathing+1","Evolve+1","Headbutt+1","Infernal Blade+1","True Grit+1"],"relics":["Burning Blood","Blood Vial","Happy Flower","Bottled Lightning","Astrolabe"],"potions_floor_usage":[6,7,12,18,20,22],"damage_taken":[{"damage":1,"enemies":"2 Louse","floor":1,"turns":5},{"damage":12,"enemies":"Jaw Worm","floor":4,"turns":2},{"damage":0,"enemies":"Cultist","floor":5,"turns":4},{"damage":26,"enemies":"Lagavulin","floor":6,"turns":10},{"damage":2,"enemies":"3 Louse","floor":7,"turns":3},{"damage":20,"enemies":"Exordium Thugs","floor":11,"turns":6},{"damage":21,"enemies":"Gremlin Nob","floor":12,"turns":5},{"damage":6,"enemies":"Exordium Wildlife","floor":14,"turns":5},{"damage":15,"enemies":"Hexaghost","floor":16,"turns":9},{"damage":0,"enemies":"Chosen","floor":18,"turns":4},{"damage":31,"enemies":"2 Thieves","floor":19,"turns":5},{"damage":25,"enemies":"Snake Plant","floor":20,"turns":5},{"damage":62,"enemies":"Chosen and Byrds","floor":22,"turns":9}],"seed_played":"-5436514873341351328","potions_obtained":[{"floor":4,"key":"Poison Potion"},{"floor":6,"key":"Explosive Potion"},{"floor":11,"key":"SkillPotion"},{"floor":12,"key":"BloodPotion"},{"floor":13,"key":"Energy Potion"},{"floor":19,"key":"Explosive Potion"},{"floor":20,"key":"SteroidPotion"}],"is_trial":false,"path_per_floor":["M","?","?","M","M","E","M","R","T","R","M","E","?","M","R","B",null,"M","M","M","?","M"],"character_chosen":"IRONCLAD","items_purchased":[],"campfire_rested":0,"item_purchase_floors":[],"current_hp_per_floor":[73,73,73,67,73,53,59,59,59,59,47,34,34,36,36,29,64,72,49,50,50,0],"gold":133,"neow_bonus":"REMOVE_TWO","is_prod":false,"is_daily":false,"chose_seed":false,"campfire_upgraded":3,"win_rate":0,"timestamp":1563485909,"path_taken":["M","?","?","?","M","E","M","R","T","R","M","E","?","M","R","BOSS","M","M","M","?","M"],"build_version":"2019-07-17","purchased_purges":0,"victory":false,"max_hp_per_floor":[75,75,75,75,75,75,75,75,75,75,75,75,75,75,75,75,75,75,75,75,75,75],"card_choices":[{"not_picked":["Havoc","Wild Strike"],"picked":"Clash","floor":1},{"not_picked":["Headbutt","Limit Break"],"picked":"Shrug It Off","floor":4},{"not_picked":["Warcry","Wild Strike"],"picked":"Ghostly Armor","floor":5},{"not_picked":["Sword Boomerang","Havoc"],"picked":"Ghostly Armor","floor":6},{"not_picked":["Blood for Blood","Bloodletting"],"picked":"Body Slam","floor":7},{"not_picked":["Battle Trance","Body Slam"],"picked":"Feel No Pain","floor":11},{"not_picked":["Clothesline","Shrug It Off"],"picked":"Armaments","floor":12},{"not_picked":["Heavy Blade","Sword Boomerang"],"picked":"Warcry","floor":14},{"not_picked":["Reaper","Immolate"],"picked":"Bludgeon","floor":16},{"not_picked":["Shrug It Off","Thunderclap"],"picked":"Headbutt+1","floor":18},{"not_picked":["True Grit","Perfected Strike"],"picked":"Infernal Blade+1","floor":19},{"not_picked":["Uppercut","Flame Barrier"],"picked":"True Grit+1","floor":20}],"player_experience":1682468,"relics_obtained":[{"floor":6,"key":"Blood Vial"},{"floor":9,"key":"Happy Flower"},{"floor":12,"key":"Bottled Lightning"}],"event_choices":[{"damage_healed":0,"gold_gain":0,"cards_transformed":["Strike_R"],"player_choice":"Change","damage_taken":0,"max_hp_gain":0,"max_hp_loss":0,"event_name":"Living Wall","floor":2,"gold_loss":0,"cards_obtained":["Blood for Blood"]},{"damage_healed":0,"gold_gain":0,"player_choice":"2 cards matched","damage_taken":0,"max_hp_gain":0,"max_hp_loss":0,"event_name":"Match and Keep!","floor":3,"gold_loss":0,"cards_obtained":["Fiend Fire","Headbutt"]},{"damage_healed":0,"gold_gain":0,"player_choice":"Got Potions","damage_taken":0,"max_hp_gain":0,"max_hp_loss":0,"event_name":"Lab","floor":13,"gold_loss":0},{"cards_removed":["Defend_R"],"damage_healed":0,"gold_gain":0,"player_choice":"Gave Gold","damage_taken":0,"max_hp_gain":0,"max_hp_loss":0,"event_name":"Beggar","floor":21,"gold_loss":75}],"is_beta":false,"boss_relics":[{"not_picked":["Runic Pyramid","Lizard Tail"],"picked":"Astrolabe"}],"items_purged_floors":[],"is_endless":false,"potions_floor_spawned":[4,6,11,12,19,20],"killed_by":"Chosen and Byrds","ascension_level":17}