{"gold_per_floor":[111,127,139,139,155,155,80,80,80,80,96,171,184,219,219,290,290,302,302,60,60],"floor_reached":21,"playtime":616,"items_purged":[],"score":340,"play_id":"d265d173-ff78-4c0d-a9d2-0e1150fccebb","local_time":"20190812214247","is_ascension_mode":true,"campfire_choices":[{"data":"Whirlwind","floor":6,"key":"SMITH"},{"data":"Armaments","floor":8,"key":"SMITH"},{"data":"Clothesline","floor":10,"key":"SMITH"},{"data":"Uppercut","floor":15,"key":"SMITH"}],"neow_cost":"NONE","seed_source_timestamp":881111828598100,"circlet_count":0,"master_deck":["AscendersBane","Strike_R","Strike_R","Strike_R","Defend_R","Defend_R","Defend_R","Defend_R","Bash","Whirlwind+1","Clothesline+1","Armaments+1","Shrug It Off","Uppercut+1","Rampage","Shrug It Off","True Grit","Double Tap","True Grit","RitualDagger","Magnetism","Feel No Pain"],"relics":["Burning Blood","NeowsBlessing","Meat on the Bone","Bottled Lightning","Velvet Choker"],"potions_floor_usage":[14,16],"damage_taken":[{"damage":0,"enemies":"Cultist","floor":1,"turns":1},{"damage":0,"enemies":"Jaw Worm","floor":2,"turns":1},{"damage":0,"enemies":"2 Louse","floor":3,"turns":1},{"damage":12,"enemies":"Blue Slaver","floor":5,"turns":6},{"damage":6,"enemies":"Looter","floor":11,"turns":3},{"damage":13,"enemies":"2 Fungi Beasts","floor":13,"turns":3},{"damage":10,"enemies":"3 Sentries","floor":14,"turns":2},{"damage":17,"enemies":"The Guardian","floor":16,"turns":12},{"damage":33,"enemies":"2 Thieves","floor":18,"turns":4},{"damage":47,"enemies":"3 Byrds","floor":21,"turns":5}],"seed_played":"4213505359808443291","potions_obtained":[{"floor":3,"key":"LiquidBronze"},{"floor":5,"key":"SteroidPotion"},{"floor":11,"key":"Energy Potion"}],"is_trial":false,"path_per_floor":["M","M","M","?","M","R","?","R","T","R","M","?","M","E","R","B",null,"M","?","$","M"],"character_chosen":"IRONCLAD","items_purchased":["Magnetism","Feel No Pain"],"campfire_rested":0,"item_purchase_floors":[20,20],"current_hp_per_floor":[74,75,75,75,69,69,69,69,69,69,69,58,51,47,47,48,68,53,47,47,0],"gold":60,"neow_bonus":"THREE_ENEMY_KILL","is_prod":false,"is_daily":false,"chose_seed":false,"campfire_upgraded":4,"win_rate":0,"timestamp":1565638967,"path_taken":["M","M","?","?","?","R","?","R","T","R","M","?","M","E","R","BOSS","M","?","$","M"],"build_version":"2019-07-17","purchased_purges":0,"victory":false,"max_hp_per_floor":[75,75,75,75,75,75,75,75,75,75,75,75,75,75,75,75,75,75,75,75,75],"card_choices":[{"not_picked":["Armaments","Pommel Strike"],"picked":"Whirlwind","floor":1},{"not_picked":["Sword Boomerang","Hemokinesis"],"picked":"Clothesline","floor":2},{"not_picked":["Rampage","Clothesline"],"picked":"Armaments","floor":3},{"not_picked":["Havoc","Perfected Strike"],"picked":"Uppercut","floor":5},{"not_picked":["Uppercut","Havoc"],"picked":"Rampage","floor":11},{"not_picked":["Berserk","Sword Boomerang"],"picked":"Shrug It Off","floor":13},{"not_picked":["Heavy Blade","Twin Strike"],"picked":"True Grit","floor":14},{"not_picked":["Immolate","Berserk"],"picked":"Double Tap","floor":16},{"not_picked":["Intimidate","Clothesline+1"],"picked":"True Grit","floor":18}],"player_experience":1847877,"relics_obtained":[{"floor":9,"key":"Meat on the Bone"},{"floor":14,"key":"Bottled Lightning"}],"event_choices":[{"damage_healed":0,"gold_gain":0,"cards_transformed":["Strike_R"],"player_choice":"Transformed","damage_taken":0,"max_hp_gain":0,"max_hp_loss":0,"event_name":"Transmorgrifier","floor":4,"gold_loss":0,"cards_obtained":["Shrug It Off"]},{"cards_removed":["Strike_R"],"damage_healed":0,"gold_gain":0,"player_choice":"Card Removal","damage_taken":0,"max_hp_gain":0,"max_hp_loss":0,"event_name":"The Cleric","floor":7,"gold_loss":75},{"damage_healed":0,"gold_gain":75,"player_choice":"Gather Gold","damage_taken":11,"max_hp_gain":0,"max_hp_loss":0,"event_name":"World of Goop","floor":12,"gold_loss":0},{"damage_healed":0,"gold_gain":0,"player_choice":"Joined the Cult","damage_taken":6,"max_hp_gain":0,"max_hp_loss":0,"event_name":"Nest","floor":19,"gold_loss":0,"cards_obtained":["RitualDagger"]}],"is_beta":false,"boss_relics":[{"not_picked":["Philosopher\u0027s Stone","Black Blood"],"picked":"Velvet Choker"}],"items_purged_floors":[],"is_endless":false,"potions_floor_spawned":[3,5,11,13],"killed_by":"3 Byrds","ascension_level":18}