{"gold_per_floor":[112,188,200,200,212,238,250,282,282,282,299,313,338,352,352,352],"floor_reached":16,"playtime":444,"items_purged":[],"score":248,"play_id":"06ab8c1f-4037-4737-a635-ce9645ffe521","local_time":"20190527235051","is_ascension_mode":true,"campfire_choices":[{"data":"Hyperbeam","floor":10.0,"key":"SMITH"},{"floor":15.0,"key":"REST"}],"neow_cost":"NONE","seed_source_timestamp":879805157235692,"circlet_count":0,"master_deck":["AscendersBane","Strike_B","Strike_B","Strike_B","Strike_B","Defend_B","Defend_B","Defend_B","Defend_B","Zap","Dualcast","Hyperbeam+1","Auto Shields","Rebound","Cold Snap","Conserve Battery","Leap","Sweeping Beam","Beam Cell"],"special_seed":0,"relics":["Cracked Core","Du-Vu Doll","Juzu Bracelet","Potion Belt","Bottled Lightning"],"potions_floor_usage":[16,16],"damage_taken":[{"damage":2.0,"enemies":"Jaw Worm","floor":1.0,"turns":2.0},{"damage":4.0,"enemies":"Small Slimes","floor":3.0,"turns":3.0},{"damage":0.0,"enemies":"Cultist","floor":5.0,"turns":2.0},{"damage":2.0,"enemies":"Gremlin Nob","floor":6.0,"turns":3.0},{"damage":11.0,"enemies":"Looter","floor":7.0,"turns":2.0},{"damage":17.0,"enemies":"3 Sentries","floor":8.0,"turns":5.0},{"damage":0.0,"enemies":"2 Fungi Beasts","floor":11.0,"turns":2.0},{"damage":5.0,"enemies":"Blue Slaver","floor":12.0,"turns":3.0},{"damage":11.0,"enemies":"Gremlin Nob","floor":13.0,"turns":3.0},{"damage":7.0,"enemies":"Exordium Wildlife","floor":14.0,"turns":3.0},{"damage":29,"enemies":"The Guardian","floor":16,"turns":8}],"seed_played":"-465763128957751847","potions_obtained":[{"floor":1.0,"key":"SteroidPotion"},{"floor":7.0,"key":"SteroidPotion"},{"floor":8.0,"key":"Fire Potion"},{"floor":14.0,"key":"Swift Potion"}],"is_trial":false,"path_per_floor":["M","?","M","?","M","E","M","E","T","R","M","M","E","M","R","B"],"character_chosen":"DEFECT","items_purchased":[],"campfire_rested":1,"item_purchase_floors":[],"current_hp_per_floor":[62,62,58,58,58,56,45,28,28,28,28,23,12,5,26,0],"gold":352,"neow_bonus":"ONE_RANDOM_RARE_CARD","is_prod":false,"is_daily":false,"chose_seed":false,"campfire_upgraded":1,"win_rate":0,"timestamp":1558993851,"path_taken":["M","?","M","?","M","E","M","E","T","R","M","M","E","M","R","BOSS"],"build_version":"2019-01-23","purchased_purges":0,"victory":false,"max_hp_per_floor":[71,71,71,71,71,71,71,71,71,71,71,71,71,71,71,71],"card_choices":[{"not_picked":["Storm","Beam Cell"],"picked":"Auto Shields","floor":1.0},{"not_picked":["Darkness","Ball Lightning"],"picked":"Rebound","floor":3.0},{"not_picked":["Compile Driver","Doom and Gloom","Barrage"],"picked":"SKIP","floor":5.0},{"not_picked":["Chaos","White Noise","Barrage"],"picked":"SKIP","floor":6.0},{"not_picked":["All For One","Go for the Eyes"],"picked":"Conserve Battery","floor":7.0},{"not_picked":["Stack","Go for the Eyes"],"picked":"Leap","floor":8.0},{"not_picked":["Turbo","Capacitor","Hello World"],"picked":"SKIP","floor":11.0},{"not_picked":["Turbo","Loop","Heatsinks"],"picked":"SKIP","floor":12.0},{"not_picked":["Multi-Cast","Force Field"],"picked":"Sweeping Beam","floor":13.0},{"not_picked":["Barrage","Consume"],"picked":"Beam Cell","floor":14.0}],"player_experience":805054,"relics_obtained":[{"floor":6.0,"key":"Du-Vu Doll"},{"floor":8.0,"key":"Juzu Bracelet"},{"floor":9.0,"key":"Potion Belt"},{"floor":13.0,"key":"Bottled Lightning"}],"event_choices":[{"damage_healed":0.0,"max_hp_gain":0.0,"max_hp_loss":0.0,"gold_gain":76.0,"event_name":"Golden Wing","player_choice":"Gained Gold","floor":2.0,"gold_loss":0.0,"damage_taken":0.0},{"damage_healed":0.0,"max_hp_gain":0.0,"max_hp_loss":0.0,"gold_gain":0.0,"event_name":"Match and Keep!","player_choice":"1 cards matched","floor":4.0,"gold_loss":0.0,"damage_taken":0.0,"cards_obtained":["Cold Snap"]}],"is_beta":false,"boss_relics":[],"items_purged_floors":[],"is_endless":false,"potions_floor_spawned":[1,7,8,14],"killed_by":"The Guardian","ascension_level":20}