{"gold_per_floor":[109,109,109,109,132,132,155,155,228,244,92,92,167,181,181,279,279,304,320,235,254,67,67,67,83,83,83,97,97],"floor_reached":29,"playtime":1134,"items_purged":["Strike_B"],"score":419,"play_id":"d9e34ece-1c8c-4082-aa80-474c42200c87","local_time":"20190826123150","is_ascension_mode":true,"campfire_choices":[{"data":"Go for the Eyes","floor":6.0,"key":"SMITH"},{"data":"Hologram","floor":8.0,"key":"SMITH"},{"data":"Sunder","floor":12.0,"key":"SMITH"},{"data":"Stack","floor":15.0,"key":"SMITH"},{"data":"Apotheosis","floor":23.0,"key":"SMITH"},{"floor":27.0,"key":"REST"}],"neow_cost":"NONE","seed_source_timestamp":1165614715611298,"circlet_count":0,"master_deck":["AscendersBane","Strike_B","Strike_B","Defend_B","Defend_B","Defend_B","Defend_B","Zap","Dualcast","Stack+1","Go for the Eyes+1","Hologram+1","Auto Shields","Sunder+1","Echo Form","BootSequence","Chill","Turbo","Apotheosis+1"],"special_seed":0,"relics":["Cracked Core","Potion Belt","Golden Idol","Pantograph","Cursed Key","MutagenicStrength"],"potions_floor_usage":[29],"damage_taken":[{"damage":0.0,"enemies":"Cultist","floor":1.0,"turns":3.0},{"damage":5.0,"enemies":"2 Louse","floor":5.0,"turns":4.0},{"damage":7.0,"enemies":"Small Slimes","floor":7.0,"turns":3.0},{"damage":0.0,"enemies":"2 Fungi Beasts","floor":10.0,"turns":4.0},{"damage":2.0,"enemies":"Blue Slaver","floor":14.0,"turns":5.0},{"damage":19.0,"enemies":"The Guardian","floor":16.0,"turns":14.0},{"damage":8.0,"enemies":"3 Byrds","floor":18.0,"turns":4.0},{"damage":11.0,"enemies":"Shell Parasite","floor":19.0,"turns":5.0},{"damage":11.0,"enemies":"Snecko","floor":21.0,"turns":5.0},{"damage":1.0,"enemies":"Cultist and Chosen","floor":25.0,"turns":9.0},{"damage":0.0,"enemies":"Snake Plant","floor":28.0,"turns":5.0},{"damage":56,"enemies":"Gremlin Leader","floor":29,"turns":7}],"seed_played":"3503629827423650055","potions_obtained":[{"floor":7.0,"key":"EntropicBrew"},{"floor":10.0,"key":"FocusPotion"},{"floor":14.0,"key":"Swift Potion"},{"floor":25.0,"key":"Poison Potion"},{"floor":28.0,"key":"FearPotion"}],"is_trial":false,"path_per_floor":["M","?","?","?","M","R","M","R","T","M","$","R","?","M","R","B",null,"M","M","$","M","$","R","?","M","T","R","M","E"],"character_chosen":"DEFECT","items_purchased":["Sunder","Chill","Apotheosis"],"campfire_rested":1,"item_purchase_floors":[11,20,22],"current_hp_per_floor":[64,64,64,64,59,59,52,52,52,52,52,52,41,39,39,45,59,51,40,40,29,29,29,29,28,28,47,47,0],"gold":97,"neow_bonus":"RANDOM_COMMON_RELIC","is_prod":false,"is_daily":false,"chose_seed":false,"campfire_upgraded":5,"win_rate":0,"timestamp":1566847910,"path_taken":["M","?","?","?","M","R","M","R","T","M","$","R","?","M","R","BOSS","M","M","$","M","$","R","?","M","T","R","M","E"],"build_version":"2019-07-17","purchased_purges":1,"victory":false,"max_hp_per_floor":[71,71,64,64,64,64,64,64,64,64,64,64,64,64,64,64,64,64,64,64,64,64,64,64,64,64,64,64,64],"card_choices":[{"not_picked":["Steam Power","Storm"],"picked":"Stack","floor":1.0},{"not_picked":["Conserve Battery","Compile Driver"],"picked":"Go for the Eyes","floor":5.0},{"not_picked":["Cold Snap","Sweeping Beam"],"picked":"Hologram","floor":7.0},{"not_picked":["Lockon","BootSequence"],"picked":"Auto Shields","floor":10.0},{"not_picked":["Redo","Storm","Cold Snap"],"picked":"SKIP","floor":14.0},{"not_picked":["Reboot","Meteor Strike"],"picked":"Echo Form","floor":16.0},{"not_picked":["Stack","Ball Lightning","Conserve Battery"],"picked":"SKIP","floor":18.0},{"not_picked":["Beam Cell+1","Static Discharge"],"picked":"BootSequence","floor":19.0},{"not_picked":["Chaos","Tempest"],"picked":"Turbo","floor":21.0},{"not_picked":["Stack","Ball Lightning","Cold Snap"],"picked":"SKIP","floor":25.0},{"not_picked":["Echo Form","Melter","Stack+1"],"picked":"SKIP","floor":28.0}],"player_experience":185890,"relics_obtained":[{"floor":9.0,"key":"Pantograph"}],"event_choices":[{"damage_healed":0.0,"max_hp_gain":0.0,"max_hp_loss":0.0,"gold_gain":0.0,"event_name":"Liars Game","player_choice":"Ignored","floor":2.0,"gold_loss":0.0,"damage_taken":0.0},{"damage_healed":0.0,"max_hp_gain":0.0,"max_hp_loss":7.0,"gold_gain":0.0,"event_name":"Golden Idol","player_choice":"Lose Max HP","floor":3.0,"gold_loss":0.0,"damage_taken":0.0,"relics_obtained":["Golden Idol"]},{"cards_removed":["Strike_B"],"damage_healed":0.0,"max_hp_gain":0.0,"max_hp_loss":0.0,"gold_gain":0.0,"event_name":"Living Wall","player_choice":"Forget","floor":4.0,"gold_loss":0.0,"damage_taken":0.0},{"damage_healed":0.0,"max_hp_gain":0.0,"max_hp_loss":0.0,"gold_gain":75.0,"event_name":"World of Goop","player_choice":"Gather Gold","floor":13.0,"gold_loss":0.0,"damage_taken":11.0},{"damage_healed":0.0,"max_hp_gain":0.0,"max_hp_loss":0.0,"gold_gain":0.0,"event_name":"Drug Dealer","player_choice":"Inject Mutagens","floor":24.0,"gold_loss":0.0,"damage_taken":0.0,"relics_obtained":["MutagenicStrength"]}],"is_beta":false,"boss_relics":[{"not_picked":["FrozenCore","Eternal Feather"],"picked":"Cursed Key"}],"items_purged_floors":[11],"is_endless":false,"potions_floor_spawned":[7,10,14,25,28],"killed_by":"Gremlin Leader","ascension_level":19}