{"gold_per_floor":[109,34,34,47,47,86,104,104,175,175,196,227,227,227,227,358,358,376,389,405,43,43,43,43,43,43,62,76,90,15,33,33,154,154,177,19,40,315,334,334,334],"floor_reached":41,"playtime":1473,"items_purged":["Strike_G","Injury"],"score":685,"play_id":"c6f04f66-d1e2-4b39-9836-cd38015139a8","local_time":"20190220202048","is_ascension_mode":true,"campfire_choices":[{"data":"Neutralize","floor":8,"key":"SMITH"},{"data":"Crippling Poison","floor":10,"key":"SMITH"},{"data":"Adrenaline","floor":13,"key":"SMITH"},{"data":"Bouncing Flask","floor":15,"key":"SMITH"},{"data":"Wraith Form v2","floor":23,"key":"SMITH"},{"floor":32,"key":"REST"},{"data":"Choke","floor":40,"key":"SMITH"}],"neow_cost":"NONE","seed_source_timestamp":59037515401700,"circlet_count":0,"master_deck":["AscendersBane","Defend_G","Defend_G","Defend_G","Defend_G","Survivor","Neutralize+1","Crippling Poison+1","Bouncing Flask+1","Slice","Slice","Adrenaline+1","Dagger Throw","Wraith Form v2+1","Acrobatics","Choke","Dodge and Roll+1","Noxious Fumes","Deflect","Flying Knee","Blade Dance","Dagger Spray","Choke+1","Blur+1","Blade Dance+1","Choke+1","Endless Agony","Infinite Blades","Slice+1","Regret","Infinite Blades"],"relics":["Ring of the Snake","NeowsBlessing","Golden Idol","Oddly Smooth Stone","Bronze Scales","Meat on the Bone","Pen Nib","Busted Crown","Kunai","Prayer Wheel","Ancient Tea Set","Astrolabe"],"potions_floor_usage":[16,19,28,31,33,33,41],"damage_taken":[{"damage":0,"enemies":"2 Louse","floor":1,"turns":1},{"damage":0,"enemies":"Small Slimes","floor":4,"turns":1},{"damage":0,"enemies":"Lagavulin","floor":6,"turns":1},{"damage":0,"enemies":"Cultist","floor":7,"turns":4},{"damage":11,"enemies":"2 Fungi Beasts","floor":11,"turns":5},{"damage":12,"enemies":"Gremlin Nob","floor":12,"turns":4},{"damage":6,"enemies":"The Guardian","floor":16,"turns":8},{"damage":3,"enemies":"Shell Parasite","floor":18,"turns":4},{"damage":1,"enemies":"2 Thieves","floor":19,"turns":3},{"damage":21,"enemies":"Snecko","floor":20,"turns":6},{"damage":8,"enemies":"Chosen and Byrds","floor":27,"turns":4},{"damage":0,"enemies":"Shelled Parasite and Fungi","floor":28,"turns":3},{"damage":7,"enemies":"Snake Plant","floor":29,"turns":4},{"damage":5,"enemies":"Centurion and Healer","floor":31,"turns":5},{"damage":18,"enemies":"Automaton","floor":33,"turns":11},{"damage":9,"enemies":"Orb Walker","floor":35,"turns":3},{"damage":15,"enemies":"3 Shapes","floor":37,"turns":2},{"damage":4,"enemies":"3 Darklings","floor":39,"turns":4},{"damage":36,"enemies":"Nemesis","floor":41,"turns":2}],"seed_played":"8123785910877427198","potions_obtained":[{"floor":6,"key":"Fire Potion"},{"floor":11,"key":"Fire Potion"},{"floor":12,"key":"Dexterity Potion"},{"floor":16,"key":"Block Potion"},{"floor":20,"key":"Poison Potion"},{"floor":29,"key":"SkillPotion"},{"floor":31,"key":"SkillPotion"},{"floor":35,"key":"Fire Potion"}],"is_trial":false,"path_per_floor":["M","$","?","M","?","E","M","R","T","R","M","E","R","?","R","B",null,"M","M","M","$","?","R","$","?","T","M","M","M","?","M","R","B",null,"M","$","M","?","M","R","E"],"character_chosen":"THE_SILENT","items_purchased":["Kunai","Endless Agony","Infinite Blades","Dexterity Potion"],"campfire_rested":1,"item_purchase_floors":[21,36,36,36],"current_hp_per_floor":[63,63,63,63,63,63,63,63,63,63,52,40,40,40,40,46,64,61,60,39,39,39,39,39,39,39,43,43,36,36,43,64,46,64,55,55,40,40,36,36,0],"gold":334,"neow_bonus":"THREE_ENEMY_KILL","is_prod":false,"is_daily":false,"chose_seed":false,"campfire_upgraded":6,"win_rate":0,"timestamp":1550690448,"path_taken":["M","$","?","M","?","E","?","R","T","R","M","E","R","?","R","BOSS","M","M","M","$","?","R","$","?","T","M","?","M","?","M","R","BOSS","M","$","M","?","?","R","E"],"build_version":"2019-01-23","purchased_purges":2,"victory":false,"max_hp_per_floor":[70,70,70,70,70,70,70,70,70,70,70,70,70,70,70,70,70,70,70,70,70,70,70,70,70,70,70,70,70,70,70,70,70,70,70,70,70,70,70,70,70],"card_choices":[{"not_picked":["Flechettes","Outmaneuver"],"picked":"Quick Slash","floor":1},{"not_picked":["Prepared","Riddle With Holes"],"picked":"Crippling Poison","floor":4},{"not_picked":["Crippling Poison","Accuracy"],"picked":"Bouncing Flask","floor":6},{"not_picked":["Calculated Gamble","Underhanded Strike"],"picked":"Slice","floor":7},{"not_picked":["Flechettes","Underhanded Strike"],"picked":"Slice","floor":11},{"not_picked":["Masterful Stab","Blur"],"picked":"Adrenaline","floor":12},{"not_picked":["Doppelganger","Malaise"],"picked":"Wraith Form v2","floor":16},{"not_picked":[],"picked":"Acrobatics","floor":18},{"not_picked":[],"picked":"Choke","floor":19},{"not_picked":[],"picked":"Dodge and Roll+1","floor":20},{"not_picked":[],"picked":"Noxious Fumes","floor":27},{"not_picked":["Deflect"],"picked":"SKIP","floor":27},{"not_picked":[],"picked":"Deflect","floor":27},{"not_picked":[],"picked":"Flying Knee","floor":28},{"not_picked":["Outmaneuver"],"picked":"SKIP","floor":28},{"not_picked":[],"picked":"Blade Dance","floor":29},{"not_picked":[],"picked":"Dagger Spray","floor":29},{"not_picked":[],"picked":"Choke","floor":31},{"not_picked":["Expertise"],"picked":"SKIP","floor":31},{"not_picked":["Riddle With Holes"],"picked":"SKIP","floor":35},{"not_picked":["Flying Knee"],"picked":"SKIP","floor":35},{"not_picked":[],"picked":"Slice+1","floor":37},{"not_picked":["Outmaneuver"],"picked":"SKIP","floor":37},{"not_picked":[],"picked":"Infinite Blades","floor":39},{"not_picked":["Deadly Poison"],"picked":"SKIP","floor":39}],"player_experience":815318,"relics_obtained":[{"floor":6,"key":"Bronze Scales"},{"floor":9,"key":"Meat on the Bone"},{"floor":12,"key":"Pen Nib"},{"floor":25,"key":"Prayer Wheel"},{"floor":26,"key":"Ancient Tea Set"}],"event_choices":[{"damage_healed":0,"gold_gain":0,"player_choice":"Take Wound","damage_taken":0,"relics_obtained":["Golden Idol"],"max_hp_gain":0,"max_hp_loss":0,"event_name":"Golden Idol","floor":3,"gold_loss":0,"cards_obtained":["Injury"]},{"cards_removed":["Quick Slash"],"damage_healed":0,"gold_gain":0,"player_choice":"Gave Card","damage_taken":0,"relics_obtained":["Oddly Smooth Stone"],"max_hp_gain":0,"max_hp_loss":0,"event_name":"WeMeetAgain","floor":5,"gold_loss":0},{"damage_healed":0,"gold_gain":0,"cards_transformed":["Strike_G"],"player_choice":"Transformed","damage_taken":0,"max_hp_gain":0,"max_hp_loss":0,"event_name":"Transmorgrifier","floor":14,"gold_loss":0,"cards_obtained":["Dagger Throw"]},{"damage_healed":0,"gold_gain":0,"player_choice":"Ignored","damage_taken":0,"max_hp_gain":0,"max_hp_loss":0,"event_name":"Ghosts","floor":22,"gold_loss":0},{"damage_healed":0,"gold_gain":0,"player_choice":"Relic","damage_taken":0,"max_hp_gain":0,"max_hp_loss":0,"event_name":"Wheel of Change","floor":25,"gold_loss":0},{"cards_removed":["Strike_G"],"damage_healed":0,"gold_gain":0,"player_choice":"Gave Gold","damage_taken":0,"max_hp_gain":0,"max_hp_loss":0,"event_name":"Beggar","floor":30,"gold_loss":75},{"damage_healed":0,"gold_gain":275,"player_choice":"Desecrate","damage_taken":0,"max_hp_gain":0,"max_hp_loss":0,"event_name":"Golden Shrine","floor":38,"gold_loss":0,"cards_obtained":["Regret"]}],"is_beta":false,"boss_relics":[{"not_picked":["White Beast Statue","WristBlade"],"picked":"Busted Crown"},{"not_picked":["Calling Bell","Empty Cage"],"picked":"Astrolabe"}],"items_purged_floors":[2,21],"is_endless":false,"potions_floor_spawned":[6,11,12,16,18,20,29,31,35],"killed_by":"Nemesis","ascension_level":12}