{"gold_per_floor":[115,0,13,163,176,176,191,191,191,191,210,242,242,267,267,345,345,357,61,73,18,18],"floor_reached":22,"playtime":768,"items_purged":["Strike_R","Doubt"],"score":388,"play_id":"0309e34e-5aec-43cc-8d9c-80d7970d8e0f","local_time":"20181218013000","is_ascension_mode":true,"campfire_choices":[{"data":"Inflame","floor":6.0,"key":"SMITH"},{"data":"Metallicize","floor":10.0,"key":"SMITH"},{"floor":13.0,"key":"REST"},{"data":"Armaments","floor":15.0,"key":"SMITH"}],"neow_cost":"NONE","seed_source_timestamp":284473372953443,"circlet_count":0,"master_deck":["AscendersBane","Strike_R","Defend_R","Defend_R","Defend_R","Defend_R","Bash","Metallicize+1","Inflame+1","Sword Boomerang","Pummel","Iron Wave","Parasite","Shrug It Off","Armaments+1","Infernal Blade","Demon Form","Uppercut+1","Searing Blow+1","Havoc+1","Pummel","Whirlwind","Armaments","Flame Barrier","Twin Strike"],"special_seed":0,"relics":["Runic Pyramid","Bottled Flame","Turnip","Regal Pillow","Astrolabe","Membership Card"],"potions_floor_usage":[],"damage_taken":[{"damage":10.0,"enemies":"2 Louse","floor":1.0,"turns":3.0},{"damage":8.0,"enemies":"Jaw Worm","floor":3.0,"turns":5.0},{"damage":4.0,"enemies":"Small Slimes","floor":5.0,"turns":4.0},{"damage":2.0,"enemies":"Exordium Thugs","floor":7.0,"turns":4.0},{"damage":17.0,"enemies":"Exordium Wildlife","floor":11.0,"turns":4.0},{"damage":16.0,"enemies":"3 Sentries","floor":12.0,"turns":7.0},{"damage":20.0,"enemies":"Gremlin Nob","floor":14.0,"turns":4.0},{"damage":13.0,"enemies":"Hexaghost","floor":16.0,"turns":9.0},{"damage":28.0,"enemies":"2 Thieves","floor":18.0,"turns":5.0},{"damage":18.0,"enemies":"Shell Parasite","floor":20.0,"turns":5.0},{"damage":6,"enemies":"3 Cultists","floor":22,"turns":3}],"seed_played":"-1140913799239726074","potions_obtained":[{"floor":1.0,"key":"SneckoOil"},{"floor":11.0,"key":"AttackPotion"},{"floor":12.0,"key":"SkillPotion"}],"is_trial":false,"path_per_floor":["M","$","M","?","M","R","M","?","T","R","M","E","R","E","R","B",null,"M","$","M","$","M"],"character_chosen":"IRONCLAD","items_purchased":["Inflame","Membership Card","Whirlwind","Flame Barrier","Twin Strike"],"campfire_rested":1,"item_purchase_floors":[2,19,19,21,21],"current_hp_per_floor":[58,58,50,50,46,46,44,62,62,62,45,29,51,31,31,18,61,33,33,15,15,9],"gold":18,"neow_bonus":"BOSS_RELIC","is_prod":false,"is_daily":false,"chose_seed":false,"campfire_upgraded":3,"win_rate":0,"timestamp":1545093000,"path_taken":["M","$","M","?","M","R","M","?","T","R","M","E","R","E","R","BOSS","M","$","M","$","M"],"build_version":"2018-12-13","purchased_purges":2,"victory":false,"max_hp_per_floor":[75,75,75,75,75,75,75,75,75,75,75,75,75,75,75,75,75,75,75,75,75,75],"card_choices":[{"not_picked":["Heavy Blade","Wild Strike"],"picked":"Metallicize","floor":1.0},{"not_picked":["Perfected Strike","Iron Wave"],"picked":"Sword Boomerang","floor":3.0},{"not_picked":["Entrench","Dual Wield"],"picked":"Pummel","floor":5.0},{"not_picked":["Clash","Wild Strike"],"picked":"Iron Wave","floor":7.0},{"not_picked":["Perfected Strike","Armaments"],"picked":"Shrug It Off","floor":11.0},{"not_picked":["Pummel","Wild Strike"],"picked":"Armaments","floor":12.0},{"not_picked":["Combust","Barricade"],"picked":"Infernal Blade","floor":14.0},{"not_picked":["Dark Embrace","Offering"],"picked":"Demon Form","floor":16.0},{"not_picked":["Thunderclap","Twin Strike"],"picked":"Pummel","floor":18.0},{"not_picked":["Sentinel","Clash"],"picked":"Armaments","floor":20.0}],"player_experience":530862,"relics_obtained":[{"floor":9.0,"key":"Bottled Flame"},{"floor":12.0,"key":"Turnip"},{"floor":14.0,"key":"Regal Pillow"}],"event_choices":[{"damage_healed":0.0,"max_hp_gain":0.0,"max_hp_loss":0.0,"gold_gain":150.0,"event_name":"Liars Game","player_choice":"AGREE","floor":4.0,"gold_loss":0.0,"damage_taken":0.0,"cards_obtained":["Doubt"]},{"damage_healed":18.0,"max_hp_gain":0.0,"max_hp_loss":0.0,"gold_gain":0.0,"event_name":"Mushrooms","player_choice":"Healed and dodged fight","floor":8.0,"gold_loss":0.0,"damage_taken":0.0,"cards_obtained":["Parasite"]}],"is_beta":false,"boss_relics":[{"not_picked":["Black Star","Pandora\u0027s Box"],"picked":"Astrolabe"}],"items_purged_floors":[2,19],"is_endless":false,"potions_floor_spawned":[1,11,12],"killed_by":"3 Cultists","ascension_level":20}