{"gold_per_floor":[114,114,131,56,6,32,43,43,96,126,137,137,58,69,69,174,174,187,187,187,177,177,177,207,306,306,306,16,36,136,11,11,11],"floor_reached":33,"playtime":1900,"items_purged":["Strike_B","Strike_B","Defend_B"],"score":394,"play_id":"07d77ec3-e908-4488-ae72-f7e4daa364a4","local_time":"20190328181834","is_ascension_mode":true,"campfire_choices":[{"data":"Sunder","floor":8.0,"key":"SMITH"},{"data":"Turbo","floor":12.0,"key":"SMITH"},{"data":"Zap","floor":15.0,"key":"SMITH"},{"data":"Reboot","floor":23.0,"key":"SMITH"},{"data":"Scrape","floor":27.0,"key":"SMITH"},{"data":"Apotheosis","floor":32.0,"key":"SMITH"}],"neow_cost":"NONE","seed_source_timestamp":317673972857807,"circlet_count":0,"master_deck":["Defend_B+1","Defend_B","Defend_B","Zap+1","Dualcast+1","Sunder+1","Reboot+1","Turbo+1","Auto Shields","Beam Cell","Reboot","Glacier","Scrape+1","Gash+1","Apotheosis+1","Steam"],"special_seed":0,"relics":["Cracked Core","NeowsBlessing","Pen Nib","War Paint","Bottled Lightning","Inserter","Gremlin Horn","Meat on the Bone","Mango","Cables"],"potions_floor_usage":[33],"damage_taken":[{"damage":0.0,"enemies":"2 Louse","floor":1.0,"turns":1.0},{"damage":0.0,"enemies":"Small Slimes","floor":3.0,"turns":1.0},{"damage":0.0,"enemies":"Lagavulin","floor":6.0,"turns":1.0},{"damage":1.0,"enemies":"Cultist","floor":7.0,"turns":4.0},{"damage":16.0,"enemies":"Gremlin Nob","floor":10.0,"turns":3.0},{"damage":1.0,"enemies":"Exordium Thugs","floor":11.0,"turns":3.0},{"damage":0.0,"enemies":"3 Louse","floor":14.0,"turns":3.0},{"damage":58.0,"enemies":"Slime Boss","floor":16.0,"turns":12.0},{"damage":2.0,"enemies":"Shell Parasite","floor":18.0,"turns":3.0},{"damage":6.0,"enemies":"2 Thieves","floor":21.0,"turns":4.0},{"damage":26.0,"enemies":"Book of Stabbing","floor":24.0,"turns":5.0},{"damage":4.0,"enemies":"Chosen and Byrds","floor":29.0,"turns":2.0},{"damage":5.0,"enemies":"Colosseum Slavers","floor":30.0,"turns":3.0},{"damage":22.0,"enemies":"Colosseum Nobs","floor":30.0,"turns":4.0},{"damage":75,"enemies":"Champ","floor":33,"turns":11}],"seed_played":"-7489935097389539323","potions_obtained":[{"floor":6.0,"key":"SneckoOil"},{"floor":10.0,"key":"Energy Potion"},{"floor":14.0,"key":"Swift Potion"},{"floor":16.0,"key":"Regen Potion"},{"floor":21.0,"key":"Strength Potion"},{"floor":24.0,"key":"PowerPotion"}],"is_trial":false,"path_per_floor":["M","?","M","$","?","E","M","R","T","E","M","R","$","M","R","B",null,"M","?","?","M","T","R","E","?","T","R","$","M","?","$","R","B"],"character_chosen":"DEFECT","items_purchased":["Auto Shields","Apotheosis"],"campfire_rested":0,"item_purchase_floors":[13,28],"current_hp_per_floor":[75,80,80,80,80,80,79,79,79,63,62,62,62,62,62,4,80,78,78,78,72,72,72,46,46,46,46,46,42,53,53,53,0],"gold":11,"neow_bonus":"THREE_ENEMY_KILL","is_prod":false,"is_daily":false,"chose_seed":false,"campfire_upgraded":6,"win_rate":0,"timestamp":1553822314,"path_taken":["M","?","M","$","?","E","M","R","T","E","M","R","$","M","R","BOSS","M","?","?","?","?","R","E","?","T","R","?","M","?","$","R","BOSS"],"build_version":"2019-01-23","purchased_purges":3,"victory":false,"max_hp_per_floor":[75,80,80,80,80,80,80,80,80,80,80,80,80,80,80,80,80,80,80,80,80,80,80,80,80,80,80,80,80,94,94,94,94],"card_choices":[{"not_picked":["Barrage","Steam"],"picked":"Sunder","floor":1.0},{"not_picked":["Tempest","Conserve Battery","Leap"],"picked":"SKIP","floor":3.0},{"not_picked":["Cold Snap","Conserve Battery"],"picked":"Reboot","floor":6.0},{"not_picked":["Sweeping Beam","Rip and Tear"],"picked":"Turbo","floor":7.0},{"not_picked":["Static Discharge","Consume","Leap"],"picked":"SKIP","floor":10.0},{"not_picked":["Tempest","Turbo","Beam Cell"],"picked":"SKIP","floor":11.0},{"not_picked":["Stack","Rebound"],"picked":"Beam Cell","floor":14.0},{"not_picked":["Electrodynamics","Machine Learning"],"picked":"Reboot","floor":16.0},{"not_picked":["Sweeping Beam","Redo","Doom and Gloom"],"picked":"SKIP","floor":18.0},{"not_picked":["Sweeping Beam","Redo","Doom and Gloom"],"picked":"SKIP","floor":18.0},{"not_picked":["Barrage","Sweeping Beam"],"picked":"Scrape","floor":21.0},{"not_picked":["Reprogram","Cold Snap+1"],"picked":"Gash+1","floor":24.0},{"not_picked":["Compile Driver","Cold Snap","Sweeping Beam"],"picked":"SKIP","floor":29.0},{"not_picked":["Reprogram","Static Discharge"],"picked":"Steam","floor":30.0}],"player_experience":68780,"relics_obtained":[{"floor":6.0,"key":"Pen Nib"},{"floor":9.0,"key":"War Paint"},{"floor":10.0,"key":"Bottled Lightning"},{"floor":22.0,"key":"Gremlin Horn"},{"floor":24.0,"key":"Meat on the Bone"},{"floor":30.0,"key":"Mango"},{"floor":30.0,"key":"Cables"}],"event_choices":[{"damage_healed":0.0,"max_hp_gain":5.0,"max_hp_loss":0.0,"gold_gain":0.0,"event_name":"Big Fish","player_choice":"Donut","floor":2.0,"gold_loss":0.0,"damage_taken":0.0},{"cards_removed":["Strike_B"],"damage_healed":0.0,"max_hp_gain":0.0,"max_hp_loss":0.0,"gold_gain":0.0,"event_name":"The Cleric","player_choice":"Card Removal","floor":5.0,"gold_loss":50.0,"damage_taken":0.0},{"damage_healed":0.0,"max_hp_gain":0.0,"max_hp_loss":0.0,"gold_gain":0.0,"event_name":"The Library","player_choice":"Read","floor":19.0,"gold_loss":0.0,"damage_taken":0.0,"cards_obtained":["Glacier"]},{"cards_removed":["Strike_B"],"damage_healed":0.0,"max_hp_gain":0.0,"max_hp_loss":0.0,"gold_gain":0.0,"event_name":"Purifier","player_choice":"Purged","floor":20.0,"gold_loss":0.0,"damage_taken":0.0},{"damage_healed":0.0,"max_hp_gain":0.0,"max_hp_loss":0.0,"gold_gain":99.0,"event_name":"Nest","player_choice":"Stole From Cult","floor":25.0,"gold_loss":0.0,"damage_taken":0.0},{"damage_healed":0.0,"max_hp_gain":0.0,"max_hp_loss":0.0,"gold_gain":0.0,"event_name":"Colosseum","player_choice":"Fight","floor":30.0,"gold_loss":0.0,"damage_taken":0.0},{"damage_healed":0.0,"max_hp_gain":0.0,"max_hp_loss":0.0,"gold_gain":0.0,"event_name":"Colosseum","player_choice":"Fought Nobs","floor":30.0,"gold_loss":0.0,"damage_taken":0.0}],"is_beta":false,"boss_relics":[{"not_picked":["Eternal Feather","White Beast Statue"],"picked":"Inserter"}],"items_purged_floors":[4,28,31],"is_endless":false,"potions_floor_spawned":[6,10,14,16,21,24,30],"killed_by":"Champ","ascension_level":3}