{"path_per_floor":["M","M","M","$","M","R","?","R","T","?","$","E","?","E","R","B",null,"M","$","?","?","M","E","$","E","T","E","R","M","?","E","R","B",null,"M","$","M","?","?","E","R","M","T","$","M","E","$","M","R"],"character_chosen":"IRONCLAD","items_purchased":["Orichalcum","Rupture","Omamori","Block Potion"],"gold_per_floor":[18,37,52,52,62,62,62,62,62,162,19,50,50,82,82,182,182,192,158,158,158,171,204,60,87,87,115,115,133,48,79,79,175,175,191,67,81,0,0,35,35,50,99,99,116,149,149,160,160],"floor_reached":50,"campfire_rested":1,"playtime":2337,"current_hp_per_floor":[75,74,64,64,39,39,32,32,32,32,32,10,10,18,42,37,71,77,77,77,77,63,40,40,41,41,36,36,52,52,42,42,44,86,77,77,89,89,99,66,66,74,74,74,76,53,53,38,38],"items_purged":["Doubt"],"gold":160,"score":777,"play_id":"49e864eb-04e6-4769-8d7b-c7d210b0ffb4","is_prod":false,"is_daily":false,"is_ascension_mode":true,"campfire_upgraded":6,"path_taken":["M","M","M","$","M","R","?","R","T","?","?","E","?","E","R","BOSS","M","$","?","?","M","E","$","E","T","E","R","M","?","E","R","BOSS","M","$","?","?","?","E","R","M","T","?","M","E","$","?","R","BOSS"],"build_version":"2018-02-12-PROD1","purchased_purges":3,"victory":false,"master_deck":["Strike_R","Strike_R","Strike_R","Strike_R","Strike_R","Defend_R","Defend_R","Defend_R","Bash+1","Perfected Strike+1","Twin Strike","Iron Wave","Perfected Strike+1","Wild Strike","Demon Form","Wild Strike","Rupture+1","Berserk+1","Brutality+1","Limit Break+1","Inflame+1","Uppercut","Pommel Strike+1"],"max_hp_per_floor":[80,80,80,80,80,80,80,80,80,80,80,80,80,82,82,82,82,82,82,82,82,84,84,84,84,84,86,86,88,88,90,90,90,97,99,99,99,99,99,101,101,103,103,103,103,113,113,115,115],"relics":["Black Blood","Bird Faced Urn","Paper Frog","Orichalcum","Singing Bowl","Meat on the Bone","Red Skull","Omamori","Art of War","Bottled Tornado","Bottled Lightning","Anchor","Bottled Flame","Calling Bell","Strawberry","Vajra","Bronze Scales","Red Mask","Torii","Blood Vial","Pear"],"card_choices":[{"not_picked":["Cleave","Body Slam"],"picked":"Perfected Strike"},{"not_picked":["Blood for Blood","Limit Break"],"picked":"Twin Strike"},{"not_picked":["Cleave","Heavy Blade"],"picked":"Iron Wave"},{"not_picked":["Hemokinesis","Bloodletting"],"picked":"Perfected Strike"},{"not_picked":["Flame Barrier","Rage"],"picked":"Wild Strike"},{"not_picked":["Impervious","Fiend Fire"],"picked":"Demon Form"},{"not_picked":["Infernal Blade","Clash"],"picked":"Wild Strike"},{"not_picked":["Wild Strike","Inflame"],"picked":"Berserk"},{"not_picked":["Twin Strike","Wild Strike"],"picked":"Brutality"},{"not_picked":["Demon Form","Barricade"],"picked":"Limit Break"},{"not_picked":["Infernal Blade","Flex"],"picked":"Inflame"},{"not_picked":["Spot Weakness","Twin Strike"],"picked":"Uppercut"},{"not_picked":["Havoc","Clothesline"],"picked":"Pommel Strike"}],"player_experience":199482,"potions_floor_usage":[16,16,18,22,27,33,33,35,40,42,48,48],"damage_taken":[{"damage":3,"enemies":"2 Louse","floor":1,"turns":3},{"damage":7,"enemies":"Small Slimes","floor":2,"turns":3},{"damage":16,"enemies":"Blue Slaver","floor":3,"turns":3},{"damage":31,"enemies":"Exordium Wildlife","floor":5,"turns":5},{"damage":28,"enemies":"Lagavulin","floor":12,"turns":4},{"damage":0,"enemies":"Gremlin Nob","floor":14,"turns":2},{"damage":23,"enemies":"Hexaghost","floor":16,"turns":7},{"damage":6,"enemies":"3 Byrds","floor":18,"turns":5},{"damage":40,"enemies":"2 Thieves","floor":22,"turns":4},{"damage":47,"enemies":"Gremlin Leader","floor":23,"turns":5},{"damage":23,"enemies":"Book of Stabbing","floor":25,"turns":3},{"damage":35,"enemies":"Slavers","floor":27,"turns":5},{"damage":12,"enemies":"Centurion and Healer","floor":29,"turns":3},{"damage":40,"enemies":"Book of Stabbing","floor":31,"turns":4},{"damage":28,"enemies":"Collector","floor":33,"turns":6},{"damage":27,"enemies":"3 Shapes","floor":35,"turns":4},{"damage":2,"enemies":"Orb Walker","floor":37,"turns":2},{"damage":59,"enemies":"2 Orb Walkers","floor":40,"turns":5},{"damage":24,"enemies":"3 Darklings","floor":42,"turns":5},{"damage":18,"enemies":"Sphere and 2 Shapes","floor":45,"turns":5},{"damage":67,"enemies":"Nemesis","floor":46,"turns":7},{"damage":52,"enemies":"4 Shapes","floor":48,"turns":5},{"damage":48,"enemies":"Time Eater","floor":50,"turns":5}],"event_choices":[{"event_name":"Golden Wing","player_choice":"Card Removal","floor":7,"damage_taken":0},{"event_name":"Golden Shrine","player_choice":"Pray","floor":10,"damage_taken":0},{"event_name":"Accursed Blacksmith","player_choice":"Forge","floor":13,"damage_taken":0},{"event_name":"The Lab","player_choice":"Got Potions","floor":20,"damage_taken":0},{"event_name":"Cursed Tome","player_choice":"Ignored","floor":21,"damage_taken":0},{"event_name":"Addict","player_choice":"Obtained Relic","floor":30,"damage_taken":0},{"event_name":"Tomb of Lord Red Mask","player_choice":"Paid","floor":38,"damage_taken":0},{"event_name":"Wheel of Change","player_choice":"Full Heal","floor":39,"damage_taken":0}],"boss_relics":[{"not_picked":["Pandora\u0027s Box","Runic Pyramid"],"picked":"Black Blood"},{"not_picked":["Snecko Eye","Velvet Choker"],"picked":"Calling Bell"}],"potions_floor_spawned":[2,14,16,22,23,25,29,40,45,46,48],"seed_played":"2198080967938239618","killed_by":"Time Eater","ascension_level":6,"is_trial":false}