{"gold_per_floor":[116,129,129,62,81,81,112,36,36,36,64,76,76,94,94,190,190,204,224,242,269,40,40,52,82,82,102,112,129,129,142,142,238,238,252,36,36,46,64,64,94,94,119,137,137,137,137,153,153,153],"floor_reached":51,"playtime":3735,"items_purged":["Strike_R"],"score":1107,"play_id":"bd6d03cd-6f59-438e-a70d-8736860e2897","local_time":"20180902213352","is_ascension_mode":true,"campfire_choices":[{"data":"Whirlwind","floor":6,"key":"SMITH"},{"floor":10,"key":"REST"},{"data":"True Grit","floor":13,"key":"SMITH"},{"data":"Armaments","floor":15,"key":"SMITH"},{"floor":23,"key":"REST"},{"data":"Demon Form","floor":30,"key":"SMITH"},{"floor":32,"key":"REST"},{"data":"Heavy Blade","floor":40,"key":"SMITH"},{"data":"Inflame","floor":42,"key":"SMITH"},{"data":"Disarm","floor":49,"key":"SMITH"}],"neow_cost":"NONE","seed_source_timestamp":1331362525614928,"circlet_count":0,"master_deck":["Strike_R","Strike_R+1","Strike_R","Defend_R","Defend_R","Defend_R+1","Defend_R+1","Bash","AscendersBane","Offering","Cleave","True Grit+1","Spot Weakness+1","Whirlwind+1","Demon Form+1","Inflame+1","Clothesline","Sword Boomerang","Armaments+1","Shrug It Off","Barricade","Heavy Blade+1","Disarm+1","Flame Barrier+1","Injury","Armaments+1","Shockwave","Reaper","Heavy Blade+1","Disarm+1","Demon Form"],"relics":["Burning Blood","Dream Catcher","Matryoshka","Odd Mushroom","Cursed Key","Red Mask","Bag of Marbles","Darkstone Periapt","War Paint","Strawberry","Eternal Feather","Omamori","Pantograph","Lantern","Potion Belt","Du-Vu Doll"],"potions_floor_usage":[7,14,16,18,28,31,33,41,44,44],"damage_taken":[{"damage":8,"enemies":"Jaw Worm","floor":1,"turns":4},{"damage":13,"enemies":"Small Slimes","floor":2,"turns":3},{"damage":5,"enemies":"Cultist","floor":5,"turns":4},{"damage":39,"enemies":"Gremlin Nob","floor":7,"turns":5},{"damage":8,"enemies":"The Mushroom Lair","floor":11,"turns":3},{"damage":18,"enemies":"Exordium Thugs","floor":12,"turns":3},{"damage":0,"enemies":"2 Fungi Beasts","floor":14,"turns":2},{"damage":34,"enemies":"The Guardian","floor":16,"turns":15},{"damage":22,"enemies":"Chosen","floor":18,"turns":5},{"damage":0,"enemies":"3 Byrds","floor":19,"turns":3},{"damage":14,"enemies":"Shelled Parasite and Fungi","floor":20,"turns":6},{"damage":12,"enemies":"Masked Bandits","floor":21,"turns":2},{"damage":17,"enemies":"Centurion and Healer","floor":24,"turns":5},{"damage":22,"enemies":"Book of Stabbing","floor":25,"turns":5},{"damage":1,"enemies":"Snecko","floor":27,"turns":5},{"damage":5,"enemies":"3 Cultists","floor":28,"turns":4},{"damage":24,"enemies":"Snake Plant","floor":29,"turns":6},{"damage":27,"enemies":"Sentry and Sphere","floor":31,"turns":7},{"damage":31,"enemies":"Collector","floor":33,"turns":9},{"damage":3,"enemies":"Orb Walker","floor":35,"turns":5},{"damage":22,"enemies":"3 Darklings","floor":38,"turns":11},{"damage":38,"enemies":"Reptomancer","floor":39,"turns":7},{"damage":43,"enemies":"Nemesis","floor":41,"turns":5},{"damage":56,"enemies":"Sphere and 2 Shapes","floor":44,"turns":8},{"damage":17,"enemies":"Mind Bloom Boss Battle","floor":46,"turns":6},{"damage":46,"enemies":"Spire Growth","floor":48,"turns":7},{"damage":73,"enemies":"Time Eater","floor":50,"turns":9}],"seed_played":"4748558829516174559","potions_obtained":[{"floor":1,"key":"BloodPotion"},{"floor":11,"key":"Poison Potion"},{"floor":12,"key":"Fruit Juice"},{"floor":16,"key":"SkillPotion"},{"floor":18,"key":"Swift Potion"},{"floor":19,"key":"AttackPotion"},{"floor":20,"key":"EssenceOfSteel"},{"floor":28,"key":"Energy Potion"},{"floor":33,"key":"Block Potion"},{"floor":35,"key":"Poison Potion"},{"floor":41,"key":"Fruit Juice"}],"is_trial":false,"path_per_floor":["M","M","?","$","M","R","E","$","T","R","?","M","R","M","R","B",null,"M","M","M","?","$","R","M","E","T","M","M","M","R","M","R","B",null,"M","$","?","M","M","R","E","R","T","M","?","?","?","M","R","B"],"character_chosen":"IRONCLAD","items_purchased":["Spot Weakness","Inflame","Bag of Marbles","Omamori","Disarm"],"campfire_rested":3,"item_purchase_floors":[4,8,22,36,36],"current_hp_per_floor":[70,63,47,47,48,48,23,23,23,47,45,33,33,44,44,16,68,52,58,50,44,44,69,58,42,55,60,61,43,43,22,51,26,80,83,83,78,95,66,84,47,65,65,32,58,98,98,79,97,79],"gold":153,"neow_bonus":"ONE_RANDOM_RARE_CARD","is_prod":false,"is_daily":false,"chose_seed":false,"campfire_upgraded":7,"win_rate":0,"timestamp":1535920432,"path_taken":["M","M","?","$","M","R","E","?","T","R","?","M","R","M","R","BOSS","M","M","M","?","$","R","M","E","T","M","?","M","R","?","R","BOSS","M","$","?","M","M","R","E","R","T","M","?","?","?","M","R","BOSS"],"build_version":"2018-08-30","purchased_purges":1,"victory":true,"max_hp_per_floor":[80,80,80,80,80,80,80,80,80,80,80,80,80,85,85,85,85,85,85,85,85,85,85,85,85,98,98,98,98,98,98,98,98,98,98,98,98,98,98,98,98,98,98,103,103,103,103,103,103,103],"card_choices":[{"not_picked":["Seeing Red","Body Slam"],"picked":"Cleave","floor":1},{"not_picked":["Warcry","Cleave"],"picked":"True Grit","floor":2},{"not_picked":["Shrug It Off","Headbutt"],"picked":"Whirlwind","floor":5},{"not_picked":["Shockwave","Burning Pact"],"picked":"Demon Form","floor":7},{"not_picked":["Wild Strike","Bloodletting"],"picked":"Clothesline","floor":10},{"not_picked":["Metallicize","Heavy Blade"],"picked":"Sword Boomerang","floor":11},{"not_picked":["Body Slam","Pommel Strike"],"picked":"Armaments","floor":12},{"not_picked":["Infernal Blade","Reckless Charge"],"picked":"Shrug It Off","floor":14},{"not_picked":["Dark Embrace","Brutality"],"picked":"Barricade","floor":16},{"not_picked":["Warcry","Anger","True Grit"],"picked":"SKIP","floor":18},{"not_picked":["Perfected Strike","Anger"],"picked":"Heavy Blade","floor":19},{"not_picked":["Fire Breathing","Rupture","Hemokinesis"],"picked":"SKIP","floor":20},{"not_picked":["Clash","Pommel Strike"],"picked":"Disarm+1","floor":21},{"not_picked":["Exhume","Pummel","Evolve"],"picked":"SKIP","floor":24},{"not_picked":["Armaments","Corruption"],"picked":"Flame Barrier+1","floor":25},{"not_picked":["Wild Strike","Rupture","Headbutt"],"picked":"SKIP","floor":27},{"not_picked":["Clothesline","Wild Strike","Warcry"],"picked":"SKIP","floor":28},{"not_picked":["Flex","Headbutt+1"],"picked":"Armaments+1","floor":29},{"not_picked":["Pommel Strike","Shrug It Off"],"picked":"Shockwave","floor":31},{"not_picked":["Immolate","Juggernaut"],"picked":"Reaper","floor":33},{"not_picked":["Sword Boomerang","Infernal Blade"],"picked":"Heavy Blade+1","floor":35},{"not_picked":["Armaments","Wild Strike+1","Iron Wave+1"],"picked":"SKIP","floor":38},{"not_picked":["Cleave","Heavy Blade","Shrug It Off"],"picked":"SKIP","floor":39},{"not_picked":["Flex+1","Perfected Strike","Carnage+1"],"picked":"SKIP","floor":44},{"not_picked":["Sever Soul","Body Slam+1"],"picked":"Demon Form","floor":48}],"player_experience":619944,"relics_obtained":[{"floor":7,"key":"Dream Catcher"},{"floor":9,"key":"Matryoshka"},{"floor":11,"key":"Odd Mushroom"},{"floor":21,"key":"Red Mask"},{"floor":25,"key":"Darkstone Periapt"},{"floor":26,"key":"War Paint"},{"floor":26,"key":"Strawberry"},{"floor":41,"key":"Pantograph"},{"floor":43,"key":"Lantern"},{"floor":43,"key":"Potion Belt"},{"floor":46,"key":"Du-Vu Doll"}],"event_choices":[{"event_name":"Shining Light","player_choice":"Entered Light","floor":3,"damage_taken":0},{"event_name":"Mushrooms","player_choice":"Fought Mushrooms","floor":11,"damage_taken":0},{"event_name":"Masked Bandits","player_choice":"Fought Bandits","floor":21,"damage_taken":0},{"event_name":"SensoryStone","player_choice":"Memory 2","floor":37,"damage_taken":0},{"event_name":"Winding Halls","player_choice":"Writhe","floor":45,"damage_taken":0},{"event_name":"MindBloom","player_choice":"Fight","floor":46,"damage_taken":0},{"event_name":"Falling","player_choice":"Removed Attack","floor":47,"damage_taken":0}],"is_beta":false,"boss_relics":[{"not_picked":["Astrolabe","Orrery"],"picked":"Cursed Key"},{"not_picked":["Black Star","Runic Pyramid"],"picked":"Eternal Feather"}],"items_purged_floors":[22],"is_endless":false,"potions_floor_spawned":[1,11,12,16,18,19,20,24,28,33,35,38,41],"ascension_level":12}