{"gold_per_floor":[109,109,178,193,212,238,238,270,270,300,300,300,315,348,348,348],"floor_reached":16,"playtime":827,"items_purged":[],"score":218,"play_id":"927bdc1e-709b-4294-92d7-b85908fc31c0","local_time":"20180903194731","is_ascension_mode":true,"campfire_choices":[{"data":"Searing Blow","floor":7,"key":"SMITH"},{"data":"Searing Blow+1","floor":11,"key":"SMITH"},{"data":"Searing Blow+2","floor":15,"key":"SMITH"}],"neow_cost":"NONE","seed_source_timestamp":0,"circlet_count":0,"master_deck":["Strike_R","Strike_R","Strike_R","Strike_R","Strike_R","Defend_R","Defend_R","Defend_R","Defend_R","Bash+1","AscendersBane","Searing Blow+3","Mind Blast","Reaper","True Grit","Evolve","Thunderclap","Burning Pact"],"special_seed":0,"relics":["Burning Blood","Orichalcum","Prayer Wheel","Bottled Tornado","Art of War","Mercury Hourglass"],"potions_floor_usage":[6,8,8],"damage_taken":[{"damage":6.0,"enemies":"Jaw Worm","floor":1.0,"turns":4.0},{"damage":1.0,"enemies":"Cultist","floor":4.0,"turns":4.0},{"damage":8.0,"enemies":"2 Louse","floor":5.0,"turns":3.0},{"damage":40,"enemies":"Gremlin Nob","floor":6,"turns":5},{"damage":16,"enemies":"3 Sentries","floor":8,"turns":10},{"damage":41,"enemies":"Lagavulin","floor":10,"turns":7},{"damage":9,"enemies":"2 Fungi Beasts","floor":13,"turns":3},{"damage":25,"enemies":"3 Sentries","floor":14,"turns":8},{"damage":33,"enemies":"Slime Boss","floor":16,"turns":3}],"seed_played":"8577008042965203786","potions_obtained":[{"floor":4.0,"key":"Energy Potion"},{"floor":5.0,"key":"BloodPotion"},{"floor":6,"key":"BloodPotion"},{"floor":13,"key":"Fire Potion"}],"is_trial":false,"path_per_floor":["M","?","?","M","M","E","R","E","T","E","R","?","M","E","R"],"character_chosen":"IRONCLAD","items_purchased":[],"campfire_rested":0,"item_purchase_floors":[],"current_hp_per_floor":[68,68,68,75,73,52,52,57,57,22,22,22,25,18,18,0],"gold":348,"neow_bonus":"UPGRADE_CARD","is_prod":false,"is_daily":false,"chose_seed":false,"campfire_upgraded":3,"win_rate":0,"timestamp":1536000451,"path_taken":["M","?","?","M","?","E","R","E","T","E","R","?","M","E","R","BOSS"],"build_version":"2018-08-30","purchased_purges":0,"victory":false,"max_hp_per_floor":[75,75,75,75,75,75,75,75,75,75,75,75,75,75,75,75],"card_choices":[{"not_picked":["Warcry","Carnage"],"picked":"Searing Blow","floor":1.0},{"not_picked":["Rampage","Perfected Strike","Wild Strike"],"picked":"SKIP","floor":4.0},{"not_picked":["Anger","Dark Embrace"],"picked":"True Grit","floor":5.0},{"not_picked":["Body Slam","Perfected Strike"],"picked":"Evolve","floor":6},{"not_picked":["Bloodletting","Fire Breathing"],"picked":"Thunderclap","floor":8},{"not_picked":["Rampage","Inflame","Body Slam"],"picked":"SKIP","floor":10},{"not_picked":["Corruption","Shockwave","Combust"],"picked":"SKIP","floor":13},{"not_picked":["Cleave","Blood for Blood","Sword Boomerang"],"picked":"SKIP","floor":13},{"not_picked":["Havoc","Offering"],"picked":"Burning Pact","floor":14}],"player_experience":630568,"relics_obtained":[{"floor":6,"key":"Orichalcum"},{"floor":8,"key":"Prayer Wheel"},{"floor":9,"key":"Bottled Tornado"},{"floor":10,"key":"Art of War"},{"floor":14,"key":"Mercury Hourglass"}],"event_choices":[{"event_name":"Match and Keep!","player_choice":"2 cards matched","floor":2.0,"damage_taken":0.0},{"event_name":"Golden Wing","player_choice":"Gained Gold","floor":3.0,"damage_taken":0.0},{"event_name":"Golden Idol","player_choice":"Ignored","floor":12,"damage_taken":0}],"is_beta":false,"boss_relics":[],"items_purged_floors":[],"is_endless":false,"potions_floor_spawned":[4,5,6,13],"killed_by":"Slime Boss","ascension_level":14}