{"gold_per_floor":[116,116,116,191,191,217,228,59,59,88,105,105,135,148,148,248,248,262,262,280,291,66,66,100,116,116,127,127,141,161,161,161,161],"floor_reached":33,"playtime":1275,"items_purged":[],"score":484,"play_id":"f0586aba-7d0e-4769-9a73-eb97baad01b6","local_time":"20190922205654","is_ascension_mode":true,"campfire_choices":[{"data":"Regret","floor":12,"key":"PURGE"},{"data":"Clash","floor":15,"key":"PURGE"},{"data":"Apotheosis","floor":23,"key":"SMITH"},{"floor":32,"key":"REST"}],"neow_cost":"NONE","seed_source_timestamp":992308946873356,"circlet_count":0,"master_deck":["AscendersBane","Strike_R","Defend_R","Defend_R","Defend_R+1","Defend_R+1","Bash","Anger","Havoc","Apotheosis+1","Uppercut","Uppercut","Immolate","Spot Weakness","Havoc+1","Ghostly Armor","Headbutt"],"relics":["Burning Blood","NeowsBlessing","Peace Pipe","War Paint","Lantern","Bronze Scales","Pen Nib","Busted Crown","Medical Kit","Self Forming Clay","Bottled Flame","Mummified Hand"],"potions_floor_usage":[10,16,24,27,27,33,33],"damage_taken":[{"damage":0,"enemies":"Small Slimes","floor":1,"turns":1},{"damage":0,"enemies":"Lagavulin","floor":6,"turns":1},{"damage":0,"enemies":"2 Louse","floor":7,"turns":1},{"damage":31,"enemies":"3 Sentries","floor":10,"turns":9},{"damage":0,"enemies":"Cultist","floor":11,"turns":2},{"damage":24,"enemies":"Gremlin Nob","floor":13,"turns":4},{"damage":0,"enemies":"3 Louse","floor":14,"turns":2},{"damage":14,"enemies":"Hexaghost","floor":16,"turns":7},{"damage":3,"enemies":"Chosen","floor":18,"turns":4},{"damage":19,"enemies":"2 Thieves","floor":20,"turns":3},{"damage":8,"enemies":"Cultist and Chosen","floor":21,"turns":4},{"damage":33,"enemies":"Slavers","floor":24,"turns":4},{"damage":9,"enemies":"Centurion and Healer","floor":25,"turns":4},{"damage":13,"enemies":"Shelled Parasite and Fungi","floor":27,"turns":3},{"damage":5,"enemies":"Snecko","floor":29,"turns":5},{"damage":2,"enemies":"Centurion and Healer","floor":30,"turns":4},{"damage":67,"enemies":"Automaton","floor":33,"turns":6}],"seed_played":"8420387416641652591","potions_obtained":[{"floor":1,"key":"PowerPotion"},{"floor":7,"key":"Explosive Potion"},{"floor":16,"key":"SteroidPotion"},{"floor":21,"key":"AttackPotion"},{"floor":25,"key":"DuplicationPotion"},{"floor":27,"key":"PowerPotion"},{"floor":29,"key":"PowerPotion"}],"is_trial":false,"path_per_floor":["M","?","?","?","?","E","M","$","T","E","M","R","E","M","R","B",null,"M","?","M","M","$","R","E","M","T","M","?","M","M","?","R","B"],"character_chosen":"IRONCLAD","items_purchased":["Apotheosis","Medical Kit","Spot Weakness"],"campfire_rested":1,"item_purchase_floors":[8,22,22],"current_hp_per_floor":[78,71,71,60,60,66,72,72,72,47,53,53,35,41,41,33,68,71,71,58,56,56,56,29,26,26,19,19,20,24,24,48,0],"gold":161,"neow_bonus":"THREE_ENEMY_KILL","is_prod":false,"is_daily":false,"chose_seed":false,"campfire_upgraded":1,"win_rate":0,"timestamp":1569200214,"path_taken":["M","?","?","?","?","E","M","$","T","E","?","R","E","M","R","BOSS","M","?","?","M","$","R","E","M","T","M","?","?","M","?","R","BOSS"],"build_version":"2019-09-20","purchased_purges":0,"victory":false,"max_hp_per_floor":[80,80,80,80,80,80,80,80,80,80,80,80,80,80,80,80,80,80,80,80,80,80,80,80,80,80,80,80,80,80,80,80,80],"card_choices":[{"not_picked":["Seeing Red","Sword Boomerang"],"picked":"Anger","floor":1},{"not_picked":["Perfected Strike","Searing Blow"],"picked":"Havoc","floor":6},{"not_picked":["Dropkick","Iron Wave","Intimidate"],"picked":"SKIP","floor":7},{"not_picked":["Perfected Strike","Hemokinesis","Cleave"],"picked":"SKIP","floor":10},{"not_picked":["Rupture","Combust"],"picked":"Uppercut","floor":11},{"not_picked":["True Grit","Rupture"],"picked":"Uppercut","floor":13},{"not_picked":["Thunderclap","Heavy Blade","Armaments"],"picked":"SKIP","floor":14},{"not_picked":["Demon Form","Double Tap"],"picked":"Immolate","floor":16},{"not_picked":["Clash"],"picked":"SKIP","floor":18},{"not_picked":["Wild Strike"],"picked":"SKIP","floor":20},{"not_picked":["Clash+1"],"picked":"SKIP","floor":21},{"not_picked":["Cleave"],"picked":"SKIP","floor":24},{"not_picked":[],"picked":"Havoc+1","floor":25},{"not_picked":[],"picked":"Ghostly Armor","floor":27},{"not_picked":[],"picked":"Headbutt","floor":29},{"not_picked":["Sever Soul"],"picked":"SKIP","floor":30}],"player_experience":416769,"relics_obtained":[{"floor":6,"key":"War Paint"},{"floor":9,"key":"Lantern"},{"floor":10,"key":"Bronze Scales"},{"floor":13,"key":"Pen Nib"},{"floor":24,"key":"Self Forming Clay"},{"floor":26,"key":"Bottled Flame"}],"event_choices":[{"cards_removed":["Strike_R"],"damage_healed":0,"gold_gain":0,"player_choice":"Card Removal","damage_taken":7,"max_hp_gain":0,"max_hp_loss":0,"event_name":"Golden Wing","floor":2,"gold_loss":0},{"damage_healed":0,"gold_gain":0,"player_choice":"Box","damage_taken":0,"relics_obtained":["Peace Pipe"],"max_hp_gain":0,"max_hp_loss":0,"event_name":"Big Fish","floor":3,"gold_loss":0,"cards_obtained":["Regret"]},{"damage_healed":0,"gold_gain":75,"player_choice":"Gather Gold","damage_taken":11,"max_hp_gain":0,"max_hp_loss":0,"event_name":"World of Goop","floor":4,"gold_loss":0},{"damage_healed":0,"gold_gain":0,"cards_transformed":["Strike_R"],"player_choice":"Transformed","damage_taken":0,"max_hp_gain":0,"max_hp_loss":0,"event_name":"Transmorgrifier","floor":5,"gold_loss":0,"cards_obtained":["Clash"]},{"damage_healed":0,"gold_gain":0,"cards_transformed":["Strike_R"],"player_choice":"Transformed","damage_taken":0,"max_hp_gain":0,"max_hp_loss":0,"event_name":"Transmorgrifier","floor":19,"gold_loss":0,"cards_obtained":["Sever Soul"]},{"cards_removed":["Sever Soul"],"damage_healed":0,"gold_gain":0,"player_choice":"Gave Card","damage_taken":0,"relics_obtained":["Mummified Hand"],"max_hp_gain":0,"max_hp_loss":0,"event_name":"WeMeetAgain","floor":28,"gold_loss":0},{"cards_removed":["Strike_R"],"damage_healed":0,"gold_gain":0,"player_choice":"Offered Basic","damage_taken":0,"max_hp_gain":0,"max_hp_loss":0,"event_name":"Bonfire Elementals","floor":31,"gold_loss":0}],"is_beta":true,"boss_relics":[{"not_picked":["Pandora\u0027s Box","Coffee Dripper"],"picked":"Busted Crown"}],"items_purged_floors":[],"is_endless":false,"potions_floor_spawned":[1,7,16,21,25,27,29],"killed_by":"Automaton","ascension_level":11}