{"gold_per_floor":[116,2,2,2,12,12,43,43,66,91,91,111,131,143,143,214,214,232,182,155,169,33,64,64,99,99,14,14,14,45,58,58,135,135,151,26,43,43],"floor_reached":38,"playtime":5606,"items_purged":["Strike_B","Defend_B","Writhe"],"score":817,"play_id":"899ac813-73a7-4932-9e38-1b381b7ba333","local_time":"20190519220645","is_ascension_mode":true,"campfire_choices":[{"data":"Zap","floor":6.0,"key":"SMITH"},{"data":"Defragment","floor":8.0,"key":"SMITH"},{"data":"Echo Form","floor":15.0,"key":"SMITH"},{"data":"Sunder","floor":24.0,"key":"SMITH"},{"data":"Double Energy","floor":32,"key":"SMITH"}],"neow_cost":"NONE","seed_source_timestamp":0,"circlet_count":0,"master_deck":["AscendersBane","Strike_B+1","Defend_B","Defend_B","Zap+1","Dualcast","Defragment+1","Chill","Cold Snap+1","White Noise","Reinforced Body","Leap","Self Repair","Echo Form+1","Buffer","Hologram","BootSequence","Double Energy+1","Sunder+1","Compile Driver","Ball Lightning+1","Madness","Defragment+1","Hologram","Fission","Gash","Redo+1"],"special_seed":0,"relics":["Cracked Core","NeowsBlessing","Bird Faced Urn","Question Card","PreservedInsect","Whetstone","Lizard Tail","Ginger","Juzu Bracelet","Gremlin Horn","StoneCalendar","Mercury Hourglass","Sozu"],"potions_floor_usage":[33],"damage_taken":[{"damage":0.0,"enemies":"Small Slimes","floor":1.0,"turns":1.0},{"damage":0.0,"enemies":"2 Louse","floor":5.0,"turns":1.0},{"damage":0.0,"enemies":"Lagavulin","floor":7.0,"turns":1.0},{"damage":12.0,"enemies":"Gremlin Nob","floor":10.0,"turns":3.0},{"damage":0.0,"enemies":"Cultist","floor":12.0,"turns":4.0},{"damage":2.0,"enemies":"Looter","floor":13.0,"turns":4.0},{"damage":9.0,"enemies":"Lots of Slimes","floor":14.0,"turns":6.0},{"damage":14.0,"enemies":"Slime Boss","floor":16.0,"turns":9.0},{"damage":10.0,"enemies":"Shell Parasite","floor":18.0,"turns":7.0},{"damage":13.0,"enemies":"2 Thieves","floor":20.0,"turns":5.0},{"damage":12.0,"enemies":"Snake Plant","floor":21.0,"turns":7.0},{"damage":38.0,"enemies":"Gremlin Leader","floor":23.0,"turns":8.0},{"damage":71.0,"enemies":"Slavers","floor":25.0,"turns":8.0},{"damage":3,"enemies":"Gremlin Leader","floor":30,"turns":6},{"damage":17,"enemies":"Centurion and Healer","floor":31,"turns":5},{"damage":37,"enemies":"Collector","floor":33,"turns":7},{"damage":37,"enemies":"3 Darklings","floor":35,"turns":6},{"damage":16,"enemies":"Orb Walker","floor":37,"turns":3},{"damage":35,"enemies":"Spire Growth","floor":38,"turns":2}],"seed_played":"-3922926361853917840","potions_obtained":[{"floor":5.0,"key":"EssenceOfSteel"},{"floor":7.0,"key":"FearPotion"},{"floor":12.0,"key":"SkillPotion"},{"floor":13.0,"key":"GamblersBrew"},{"floor":21.0,"key":"Weak Potion"},{"floor":23.0,"key":"GamblersBrew"},{"floor":31,"key":"Energy Potion"}],"is_trial":false,"path_per_floor":["M","$","?","?","M","R","E","R","T","E","?","M","M","M","R","B",null,"M","?","M","M","$","E","R","E","T","$","?","?","E","M","R","B",null,"M","$","M","M"],"character_chosen":"DEFECT","items_purchased":["Chill","Sunder","Madness"],"campfire_rested":0,"item_purchase_floors":[2,22,27],"current_hp_per_floor":[64,64,57,39,39,39,41,41,41,31,31,35,37,41,41,65,70,71,71,62,71,71,52,52,42,42,42,42,42,66,68,68,51,66,37,37,25,0],"gold":43,"neow_bonus":"THREE_ENEMY_KILL","is_prod":false,"is_daily":false,"chose_seed":false,"campfire_upgraded":5,"win_rate":0,"timestamp":1558296405,"path_taken":["M","$","?","?","M","R","E","R","T","E","?","M","M","?","R","BOSS","M","?","?","M","$","E","R","E","T","$","?","?","E","M","R","BOSS","M","$","M","M"],"build_version":"2019-01-23","purchased_purges":3,"victory":false,"max_hp_per_floor":[71,71,71,71,71,71,71,71,71,71,71,71,71,71,71,71,71,71,71,71,71,71,71,71,71,71,71,71,71,71,71,71,71,71,71,71,71,71],"card_choices":[{"not_picked":["Streamline","Beam Cell"],"picked":"Defragment","floor":1.0},{"not_picked":["Compile Driver","Scrape"],"picked":"Cold Snap","floor":5.0},{"not_picked":["Undo","Steam"],"picked":"White Noise","floor":7.0},{"not_picked":["Aggregate","Reprogram","Hello World"],"picked":"Reinforced Body","floor":10.0},{"not_picked":["Rebound","Reinforced Body","Redo"],"picked":"Leap","floor":12.0},{"not_picked":["Rebound","Beam Cell","Go for the Eyes"],"picked":"Self Repair","floor":13.0},{"not_picked":["Redo","Streamline","Go for the Eyes"],"picked":"Echo Form","floor":14.0},{"not_picked":["Echo Form","Fission","All For One"],"picked":"Buffer","floor":16.0},{"not_picked":["Compile Driver","Chaos","Glacier"],"picked":"Hologram","floor":18.0},{"not_picked":["FTL","Hologram","Streamline"],"picked":"BootSequence","floor":20.0},{"not_picked":["Defragment","Force Field","Ball Lightning"],"picked":"Double Energy","floor":21.0},{"not_picked":["Coolheaded","Rip and Tear","Reboot"],"picked":"Compile Driver","floor":23.0},{"not_picked":["Steam+1","Gash","Go for the Eyes"],"picked":"Ball Lightning+1","floor":25.0},{"not_picked":["Steam Power","Cold Snap","Leap"],"picked":"Defragment+1","floor":30},{"not_picked":["Scrape","Skim","Cold Snap"],"picked":"Hologram","floor":31},{"not_picked":["Core Surge","Thunder Strike","Biased Cognition"],"picked":"Fission","floor":33},{"not_picked":["Redo","Barrage","Streamline"],"picked":"Gash","floor":35},{"not_picked":["Skim","Barrage","Steam"],"picked":"Redo+1","floor":37}],"player_experience":1145525,"relics_obtained":[{"floor":7.0,"key":"Question Card"},{"floor":9.0,"key":"PreservedInsect"},{"floor":10.0,"key":"Whetstone"},{"floor":23.0,"key":"Ginger"},{"floor":25.0,"key":"Juzu Bracelet"},{"floor":26.0,"key":"Gremlin Horn"},{"floor":30,"key":"Mercury Hourglass"}],"event_choices":[{"cards_removed":["Strike_B"],"damage_healed":0.0,"max_hp_gain":0.0,"max_hp_loss":0.0,"gold_gain":0.0,"event_name":"Golden Wing","player_choice":"Card Removal","floor":3.0,"gold_loss":0.0,"damage_taken":7.0},{"damage_healed":0.0,"max_hp_gain":0.0,"max_hp_loss":0.0,"gold_gain":0.0,"event_name":"Scrap Ooze","player_choice":"Success","floor":4.0,"gold_loss":0.0,"damage_taken":18.0,"relics_obtained":["Bird Faced Urn"]},{"cards_removed":["Strike_B"],"damage_healed":0.0,"max_hp_gain":0.0,"max_hp_loss":0.0,"gold_gain":0.0,"event_name":"Purifier","player_choice":"Purged","floor":11.0,"gold_loss":0.0,"damage_taken":0.0},{"damage_healed":0.0,"max_hp_gain":0.0,"max_hp_loss":0.0,"gold_gain":0.0,"event_name":"The Joust","player_choice":"Bet on Owner","floor":19.0,"gold_loss":50.0,"damage_taken":0.0},{"cards_removed":["Defend_B"],"damage_healed":0,"gold_gain":0,"player_choice":"Elegance","damage_taken":0,"max_hp_gain":0,"max_hp_loss":0,"event_name":"Back to Basics","floor":28,"gold_loss":0},{"damage_healed":0,"gold_gain":0,"player_choice":"Opened","damage_taken":0,"relics_obtained":["StoneCalendar"],"max_hp_gain":0,"max_hp_loss":0,"event_name":"The Mausoleum","floor":29,"gold_loss":0,"cards_obtained":["Writhe"]}],"is_beta":false,"boss_relics":[{"not_picked":["Fusion Hammer","Ectoplasm"],"picked":"Lizard Tail"},{"not_picked":["Velvet Choker","Eternal Feather"],"picked":"Sozu"}],"items_purged_floors":[2,22,36],"is_endless":false,"potions_floor_spawned":[5,7,12,13,16,21,23,31],"killed_by":"Spire Growth","ascension_level":15}