{"gold_per_floor":[110,129,144,49,324,324,350,350,350,364,18,18,18,36,36,113,113,128,128,154,204,221,221,239,22,22,22,35,60,60,79,79,156,156,167,167,167,181,191,222,222,238,238,238,460,479,479,498,498,498],"floor_reached":50,"playtime":2581,"items_purged":["Regret"],"score":1134,"play_id":"4d0bf5c2-6158-4e1f-a757-8cd739c25d58","local_time":"20190126144911","is_ascension_mode":true,"campfire_choices":[{"floor":6.0,"key":"REST"},{"data":"Apotheosis","floor":8.0,"key":"SMITH"},{"floor":15.0,"key":"REST"},{"floor":23.0,"key":"REST"},{"data":"A Thousand Cuts","floor":27.0,"key":"SMITH"},{"floor":30.0,"key":"REST"},{"floor":32.0,"key":"REST"},{"floor":41,"key":"REST"},{"floor":44,"key":"REST"},{"floor":49,"key":"RECALL"}],"neow_cost":"TEN_PERCENT_HP_LOSS","seed_source_timestamp":0,"circlet_count":0,"master_deck":["AscendersBane","Defend_G","Defend_G","Defend_G","Defend_G","Defend_G","Strike_G","Strike_G","Strike_G","Strike_G","Survivor","Neutralize","Chrysalis","Apotheosis+1","Footwork","Backflip","Caltrops","Footwork","Cloak And Dagger","Quick Slash","PiercingWail","Dodge and Roll","Dagger Spray","A Thousand Cuts+1","Skewer","Backflip","Blur+1","Backstab","Blade Dance","Blade Dance+1","Deadly Poison","A Thousand Cuts","Prepared+1","Well Laid Plans","Parasite"],"special_seed":0,"relics":["Ring of the Serpent","Pear","Kunai","Juzu Bracelet","Busted Crown","Red Mask","Bronze Scales","Ninja Scroll","Gremlin Horn","CultistMask","Bag of Marbles"],"potions_floor_usage":[38,46],"damage_taken":[{"damage":1.0,"enemies":"Cultist","floor":1.0,"turns":4.0},{"damage":12.0,"enemies":"2 Louse","floor":2.0,"turns":3.0},{"damage":14.0,"enemies":"Small Slimes","floor":3.0,"turns":4.0},{"damage":12.0,"enemies":"Lagavulin","floor":7.0,"turns":7.0},{"damage":8.0,"enemies":"2 Fungi Beasts","floor":10.0,"turns":5.0},{"damage":0.0,"enemies":"Looter","floor":14.0,"turns":4.0},{"damage":0.0,"enemies":"Slime Boss","floor":16.0,"turns":18.0},{"damage":20.0,"enemies":"Spheric Guardian","floor":18.0,"turns":7.0},{"damage":2.0,"enemies":"Masked Bandits","floor":20.0,"turns":4.0},{"damage":8.0,"enemies":"2 Thieves","floor":22.0,"turns":4.0},{"damage":12.0,"enemies":"Snecko","floor":24.0,"turns":10.0},{"damage":6.0,"enemies":"3 Cultists","floor":28.0,"turns":6.0},{"damage":4.0,"enemies":"Slavers","floor":29.0,"turns":4.0},{"damage":0.0,"enemies":"Shelled Parasite and Fungi","floor":31.0,"turns":5.0},{"damage":38,"enemies":"Champ","floor":33,"turns":12},{"damage":9,"enemies":"3 Shapes","floor":35,"turns":4},{"damage":11,"enemies":"3 Darklings","floor":38,"turns":5},{"damage":16,"enemies":"Maw","floor":39,"turns":9},{"damage":17,"enemies":"Giant Head","floor":40,"turns":11},{"damage":0,"enemies":"4 Shapes","floor":42,"turns":4},{"damage":0,"enemies":"Sphere and 2 Shapes","floor":46,"turns":1},{"damage":8,"enemies":"Writhing Mass","floor":48,"turns":7},{"damage":51,"enemies":"Time Eater","floor":50,"turns":6}],"seed_played":"8491125643911917219","potions_obtained":[{"floor":2.0,"key":"FearPotion"},{"floor":3.0,"key":"Block Potion"},{"floor":10.0,"key":"Block Potion"},{"floor":20.0,"key":"Explosive Potion"},{"floor":28.0,"key":"Block Potion"},{"floor":29.0,"key":"FearPotion"},{"floor":35,"key":"FearPotion"},{"floor":42,"key":"Regen Potion"}],"is_trial":false,"path_per_floor":["M","M","M","$","?","R","E","R","T","M","$","?","?","M","R","B",null,"M","?","?","?","M","R","M","$","T","R","M","E","R","M","R","B",null,"M","?","?","M","M","E","R","M","T","R","?","M","?","M","R","B"],"character_chosen":"THE_SILENT","items_purchased":["Footwork","Cloak And Dagger","Juzu Bracelet","Dodge and Roll","Dagger Spray","Bronze Scales","Blade Dance"],"campfire_rested":7,"item_purchase_floors":[4,4,11,11,11,25,25],"current_hp_per_floor":[58,46,32,32,32,50,48,48,48,40,40,33,33,33,54,54,66,46,46,44,44,36,57,45,45,45,45,39,35,56,56,70,32,61,52,52,52,41,25,8,27,27,27,46,46,46,46,38,38,0],"gold":498,"neow_bonus":"RANDOM_COLORLESS_2","is_prod":false,"is_daily":false,"chose_seed":false,"campfire_upgraded":2,"win_rate":0,"timestamp":1548510551,"path_taken":["M","M","M","?","?","R","E","R","T","M","$","?","?","M","R","BOSS","M","?","?","?","M","R","M","?","T","R","M","E","R","M","R","BOSS","M","?","?","M","M","E","R","M","T","R","?","M","?","M","R","BOSS"],"build_version":"2019-01-23","purchased_purges":1,"victory":false,"max_hp_per_floor":[60,60,60,60,60,60,70,70,70,70,70,70,70,70,70,70,70,70,70,70,70,70,70,70,70,70,70,70,70,70,70,70,70,70,70,66,66,66,66,66,66,66,66,66,66,66,66,66,66,66],"card_choices":[{"not_picked":["Heel Hook","Dagger Spray"],"picked":"Footwork","floor":1.0},{"not_picked":["Slice","Cloak And Dagger"],"picked":"Backflip","floor":2.0},{"not_picked":["Dagger Throw","Blade Dance"],"picked":"Caltrops","floor":3.0},{"not_picked":["Tactician","Expertise"],"picked":"Quick Slash","floor":7.0},{"not_picked":["Reflex","Catalyst"],"picked":"PiercingWail","floor":10.0},{"not_picked":["Bane","Tactician","Eviscerate"],"picked":"SKIP","floor":14.0},{"not_picked":["Malaise","Glass Knife"],"picked":"A Thousand Cuts","floor":16.0},{"not_picked":[],"picked":"Skewer","floor":18.0},{"not_picked":[],"picked":"Blur+1","floor":20.0},{"not_picked":["Reflex"],"picked":"SKIP","floor":22.0},{"not_picked":[],"picked":"Backstab","floor":24.0},{"not_picked":[],"picked":"Blade Dance+1","floor":28.0},{"not_picked":["Slice+1"],"picked":"SKIP","floor":29.0},{"not_picked":[],"picked":"Deadly Poison","floor":31.0},{"not_picked":[],"picked":"A Thousand Cuts","floor":33},{"not_picked":["Outmaneuver"],"picked":"SKIP","floor":35},{"not_picked":["Setup"],"picked":"SKIP","floor":38},{"not_picked":["Tactician"],"picked":"SKIP","floor":39},{"not_picked":["Setup"],"picked":"SKIP","floor":40},{"not_picked":[],"picked":"Prepared+1","floor":42},{"not_picked":[],"picked":"Well Laid Plans","floor":46},{"not_picked":["Underhanded Strike"],"picked":"SKIP","floor":48}],"player_experience":617762,"relics_obtained":[{"floor":7.0,"key":"Pear"},{"floor":9.0,"key":"Kunai"},{"floor":20.0,"key":"Red Mask"},{"floor":26.0,"key":"Ninja Scroll"},{"floor":29.0,"key":"Gremlin Horn"},{"floor":40,"key":"Bag of Marbles"}],"event_choices":[{"damage_healed":0.0,"max_hp_gain":0.0,"max_hp_loss":0.0,"gold_gain":275.0,"event_name":"Golden Shrine","player_choice":"Desecrate","floor":5.0,"gold_loss":0.0,"damage_taken":0.0,"cards_obtained":["Regret"]},{"cards_removed":["Strike_G"],"damage_healed":0.0,"max_hp_gain":0.0,"max_hp_loss":0.0,"gold_gain":0.0,"event_name":"Golden Wing","player_choice":"Card Removal","floor":12.0,"gold_loss":0.0,"damage_taken":7.0},{"damage_healed":0.0,"max_hp_gain":0.0,"max_hp_loss":0.0,"gold_gain":0.0,"event_name":"Shining Light","player_choice":"Ignored","floor":13.0,"gold_loss":0.0,"damage_taken":0.0},{"damage_healed":0.0,"max_hp_gain":0.0,"max_hp_loss":0.0,"gold_gain":0.0,"event_name":"The Library","player_choice":"Read","floor":19.0,"gold_loss":0.0,"damage_taken":0.0,"cards_obtained":["Backflip"]},{"damage_healed":0.0,"max_hp_gain":0.0,"max_hp_loss":0.0,"gold_gain":0.0,"event_name":"Masked Bandits","player_choice":"Fought Bandits","floor":20.0,"gold_loss":0.0,"damage_taken":0.0},{"damage_healed":0.0,"max_hp_gain":0.0,"max_hp_loss":0.0,"gold_gain":50.0,"event_name":"Golden Shrine","player_choice":"Pray","floor":21.0,"gold_loss":0.0,"damage_taken":0.0},{"damage_healed":0,"gold_gain":0,"player_choice":"Max HP","damage_taken":0,"max_hp_gain":0,"max_hp_loss":4,"event_name":"Winding Halls","floor":36,"gold_loss":0},{"damage_healed":0,"gold_gain":0,"player_choice":"Trade","damage_taken":0,"relics_obtained":["CultistMask"],"max_hp_gain":0,"max_hp_loss":0,"event_name":"FaceTrader","floor":37,"gold_loss":0},{"damage_healed":0,"gold_gain":222,"player_choice":"Wore Mask","damage_taken":0,"max_hp_gain":0,"max_hp_loss":0,"event_name":"Tomb of Lord Red Mask","floor":45,"gold_loss":0},{"damage_healed":0,"gold_gain":0,"player_choice":"Ignored","damage_taken":0,"max_hp_gain":0,"max_hp_loss":0,"event_name":"Mysterious Sphere","floor":47,"gold_loss":0}],"is_beta":false,"boss_relics":[{"not_picked":["WristBlade","HoveringKite"],"picked":"Busted Crown"},{"not_picked":["Orrery","Pandora\u0027s Box"],"picked":"Ring of the Serpent"}],"items_purged_floors":[11],"is_endless":false,"potions_floor_spawned":[2,3,10,14,20,28,29,35,42],"killed_by":"Time Eater","ascension_level":20}