{"gold_per_floor":[115,128,147,160,179,179,206,206,206,218,218,243,243,267,267,363,363,381,396,143,162,162,162,162,162,162,162,185,185,110,130,130,130],"floor_reached":33,"playtime":1000,"items_purged":["Injury"],"score":466,"play_id":"8e655f87-4236-4a96-94e0-81c228301dde","local_time":"20190608180430","is_ascension_mode":true,"campfire_choices":[{"data":"Armaments","floor":6,"key":"SMITH"},{"data":"Double Tap","floor":8,"key":"SMITH"},{"floor":11,"key":"REST"},{"data":"Shockwave","floor":15,"key":"SMITH"},{"floor":23,"key":"REST"},{"data":"Enlightenment","floor":25,"key":"SMITH"},{"data":"Dual Wield","floor":29,"key":"SMITH"},{"floor":32,"key":"REST"}],"neow_cost":"NONE","seed_source_timestamp":134351904748400,"circlet_count":0,"master_deck":["AscendersBane","Strike_R","Strike_R","Strike_R","Strike_R","Defend_R","Defend_R","Defend_R","Defend_R","Bash","Double Tap+1","Armaments+1","Anger","Headbutt","Shockwave+1","Immolate","Anger","Uppercut","Second Wind","Flame Barrier","Feed","Shrug It Off+1","Inflame+1","Battle Trance","Enlightenment+1","Dual Wield+1","Pommel Strike"],"relics":["Burning Blood","Red Skull","Pen Nib","Lantern","Golden Idol","Sozu","Enchiridion","Bottled Lightning"],"potions_floor_usage":[12,16,18],"damage_taken":[{"damage":1,"enemies":"Cultist","floor":1,"turns":3},{"damage":0,"enemies":"2 Louse","floor":2,"turns":3},{"damage":0,"enemies":"Small Slimes","floor":3,"turns":3},{"damage":7,"enemies":"2 Fungi Beasts","floor":4,"turns":4},{"damage":14,"enemies":"3 Louse","floor":5,"turns":3},{"damage":40,"enemies":"Lagavulin","floor":7,"turns":9},{"damage":5,"enemies":"Red Slaver","floor":10,"turns":2},{"damage":15,"enemies":"3 Sentries","floor":12,"turns":5},{"damage":7,"enemies":"Lots of Slimes","floor":14,"turns":2},{"damage":18,"enemies":"Hexaghost","floor":16,"turns":7},{"damage":0,"enemies":"Spheric Guardian","floor":18,"turns":3},{"damage":25,"enemies":"3 Byrds","floor":19,"turns":5},{"damage":21,"enemies":"Sentry and Sphere","floor":21,"turns":5},{"damage":19,"enemies":"Colosseum Slavers","floor":24,"turns":6},{"damage":2,"enemies":"Cultist and Chosen","floor":28,"turns":2},{"damage":14,"enemies":"3 Cultists","floor":31,"turns":3},{"damage":96,"enemies":"Automaton","floor":33,"turns":6}],"seed_played":"6569677411227501325","potions_obtained":[{"floor":3,"key":"EssenceOfSteel"},{"floor":4,"key":"Explosive Potion"},{"floor":14,"key":"Fire Potion"}],"is_trial":false,"path_per_floor":["M","M","M","M","M","R","E","R","T","M","R","E","?","M","R","B",null,"M","M","$","M","?","R","?","R","T","?","M","R","?","M","R","B"],"character_chosen":"IRONCLAD","items_purchased":["Battle Trance","Enlightenment"],"campfire_rested":3,"item_purchase_floors":[20,20],"current_hp_per_floor":[73,75,75,74,66,66,32,32,32,33,55,46,46,45,45,33,65,71,52,52,40,19,42,29,29,29,29,33,33,33,25,48,0],"gold":130,"neow_bonus":"ONE_RANDOM_RARE_CARD","is_prod":false,"is_daily":false,"chose_seed":false,"campfire_upgraded":5,"win_rate":0,"timestamp":1560009870,"path_taken":["M","?","M","M","M","R","E","R","T","M","R","E","?","M","R","BOSS","M","M","$","M","?","R","?","R","T","?","?","R","?","M","R","BOSS"],"build_version":"2019-01-23","purchased_purges":1,"victory":false,"max_hp_per_floor":[75,75,75,75,75,75,75,75,75,75,75,75,75,75,75,75,75,75,75,75,78,78,78,78,78,78,78,78,78,78,78,78,78],"card_choices":[{"not_picked":["Havoc","Shrug It Off"],"picked":"Armaments","floor":1},{"not_picked":["Disarm","Armaments"],"picked":"Anger","floor":2},{"not_picked":["Warcry","Intimidate"],"picked":"Headbutt","floor":3},{"not_picked":["Searing Blow","Havoc"],"picked":"Shockwave","floor":4},{"not_picked":["Warcry","Heavy Blade"],"picked":"Immolate","floor":5},{"not_picked":["Seeing Red","Body Slam"],"picked":"Anger","floor":7},{"not_picked":["Combust","Sword Boomerang"],"picked":"Uppercut","floor":10},{"not_picked":["Clash","Brutality"],"picked":"Second Wind","floor":12},{"not_picked":["Combust","True Grit"],"picked":"Flame Barrier","floor":14},{"not_picked":["Immolate","Dark Embrace"],"picked":"Feed","floor":16},{"not_picked":["Twin Strike","Pummel"],"picked":"Shrug It Off+1","floor":18},{"not_picked":["Clothesline","True Grit"],"picked":"Inflame","floor":19},{"not_picked":["Armaments","Cleave","Brutality"],"picked":"SKIP","floor":21},{"not_picked":["Seeing Red","Clothesline"],"picked":"Dual Wield","floor":28},{"not_picked":["Flex","Headbutt"],"picked":"Pommel Strike","floor":31}],"player_experience":1227284,"relics_obtained":[{"floor":7,"key":"Red Skull"},{"floor":9,"key":"Pen Nib"},{"floor":12,"key":"Lantern"},{"floor":22,"key":"Enchiridion"},{"floor":26,"key":"Bottled Lightning"}],"event_choices":[{"damage_healed":0,"gold_gain":0,"player_choice":"Take Wound","damage_taken":0,"relics_obtained":["Golden Idol"],"max_hp_gain":0,"max_hp_loss":0,"event_name":"Golden Idol","floor":13,"gold_loss":0,"cards_obtained":["Injury"]},{"damage_healed":0,"gold_gain":0,"player_choice":"Obtained Book","damage_taken":21,"max_hp_gain":0,"max_hp_loss":0,"event_name":"Cursed Tome","floor":22,"gold_loss":0},{"damage_healed":0,"gold_gain":0,"player_choice":"Fight","damage_taken":0,"max_hp_gain":0,"max_hp_loss":0,"event_name":"Colosseum","floor":24,"gold_loss":0},{"damage_healed":0,"gold_gain":0,"player_choice":"Fled From Nobs","damage_taken":0,"max_hp_gain":0,"max_hp_loss":0,"event_name":"Colosseum","floor":24,"gold_loss":0},{"damage_healed":0,"gold_gain":0,"player_choice":"Forge","damage_taken":0,"max_hp_gain":0,"max_hp_loss":0,"event_name":"Accursed Blacksmith","floor":27,"gold_loss":0,"cards_upgraded":["Inflame"]},{"cards_removed":["Strike_R"],"damage_healed":0,"gold_gain":0,"player_choice":"Gave Gold","damage_taken":0,"max_hp_gain":0,"max_hp_loss":0,"event_name":"Beggar","floor":30,"gold_loss":75}],"is_beta":false,"boss_relics":[{"not_picked":["Ectoplasm","Calling Bell"],"picked":"Sozu"}],"items_purged_floors":[20],"is_endless":false,"potions_floor_spawned":[3,4,10,14,19,28,31],"killed_by":"Automaton","ascension_level":16}