{"gold_per_floor":[119,119,131,146,146,146,159,159,185,216,230,230,59,334,334,430,430,455,455],"floor_reached":19,"playtime":546,"items_purged":["Strike_B"],"score":454,"play_id":"5f03e887-0f98-460e-a461-0bbc37371544","local_time":"20190411020319","is_ascension_mode":true,"campfire_choices":[{"data":"Sunder","floor":8,"key":"SMITH"},{"data":"Defragment","floor":12,"key":"SMITH"},{"floor":15,"key":"REST"}],"neow_cost":"NONE","seed_source_timestamp":19746600165533,"circlet_count":0,"master_deck":["AscendersBane","Strike_B","Strike_B+1","Defend_B","Defend_B","Defend_B","Defend_B","Zap","Dualcast","Recycle","Go for the Eyes","Go for the Eyes+1","Sunder+1","Glacier","Defragment+1","Capacitor","Conserve Battery","Regret","Echo Form","Writhe","Pain","Decay","Ball Lightning"],"special_seed":0,"relics":["Runic Pyramid","Golden Idol","Whetstone","Bronze Scales","Calling Bell","Blood Vial","Toxic Egg 2","Unceasing Top"],"potions_floor_usage":[6],"damage_taken":[{"damage":4.0,"enemies":"Jaw Worm","floor":1.0,"turns":5.0},{"damage":8.0,"enemies":"2 Louse","floor":3.0,"turns":3.0},{"damage":1.0,"enemies":"Cultist","floor":4.0,"turns":4.0},{"damage":0,"enemies":"3 Sentries","floor":6,"turns":1},{"damage":6,"enemies":"Looter","floor":7,"turns":4},{"damage":24,"enemies":"Gremlin Nob","floor":10,"turns":4},{"damage":2,"enemies":"Exordium Wildlife","floor":11,"turns":4},{"damage":21,"enemies":"The Guardian","floor":16,"turns":12},{"damage":7,"enemies":"Shell Parasite","floor":18,"turns":9},{"damage":50,"enemies":"Colosseum Slavers","floor":19,"turns":3}],"seed_played":"3078337034676742831","potions_obtained":[{"floor":1.0,"key":"SmokeBomb"},{"floor":16,"key":"SpeedPotion"}],"is_trial":false,"path_per_floor":["M","?","M","M","?","E","M","R","T","E","M","R","$","?","R","B",null,"M","?"],"character_chosen":"DEFECT","items_purchased":["Capacitor","Conserve Battery"],"campfire_rested":1,"item_purchase_floors":[13,13],"current_hp_per_floor":[60,53,45,44,44,44,38,38,38,14,12,12,12,12,31,10,51,46,0],"gold":455,"neow_bonus":"BOSS_RELIC","is_prod":false,"is_daily":false,"chose_seed":false,"campfire_upgraded":2,"win_rate":0,"timestamp":1554940999,"path_taken":["M","?","M","M","?","E","M","R","T","E","M","R","$","?","R","BOSS","M","?"],"build_version":"2019-01-23","purchased_purges":1,"victory":false,"max_hp_per_floor":[71,71,71,71,64,64,64,64,64,64,64,64,64,64,64,64,64,64,64],"card_choices":[{"not_picked":["Melter","Barrage"],"picked":"Recycle","floor":1.0},{"not_picked":["Stack","Aggregate"],"picked":"Go for the Eyes","floor":3.0},{"not_picked":["Stack","Hello World"],"picked":"Go for the Eyes","floor":4.0},{"not_picked":["Steam","Turbo"],"picked":"Sunder","floor":7},{"not_picked":["Tempest","Hello World"],"picked":"Glacier","floor":10},{"not_picked":["Auto Shields","Leap"],"picked":"Defragment","floor":11},{"not_picked":["Multi-Cast","Hyperbeam"],"picked":"Echo Form","floor":16},{"not_picked":["Doom and Gloom","Reinforced Body+1"],"picked":"Ball Lightning","floor":18}],"player_experience":766257,"relics_obtained":[{"floor":9,"key":"Whetstone"},{"floor":10,"key":"Bronze Scales"},{"floor":17,"key":"Blood Vial"},{"floor":17,"key":"Toxic Egg 2"},{"floor":17,"key":"Unceasing Top"}],"event_choices":[{"cards_removed":["Strike_B"],"damage_healed":0.0,"max_hp_gain":0.0,"max_hp_loss":0.0,"gold_gain":0.0,"event_name":"Golden Wing","player_choice":"Card Removal","floor":2.0,"gold_loss":0.0,"damage_taken":7.0},{"damage_healed":0.0,"max_hp_gain":0.0,"max_hp_loss":7.0,"gold_gain":0.0,"event_name":"Golden Idol","player_choice":"Lose Max HP","floor":5.0,"gold_loss":0.0,"damage_taken":0.0,"relics_obtained":["Golden Idol"]},{"damage_healed":0,"gold_gain":275,"player_choice":"Desecrate","damage_taken":0,"max_hp_gain":0,"max_hp_loss":0,"event_name":"Golden Shrine","floor":14,"gold_loss":0,"cards_obtained":["Regret"]},{"damage_healed":0,"gold_gain":0,"player_choice":"Fight","damage_taken":0,"max_hp_gain":0,"max_hp_loss":0,"event_name":"Colosseum","floor":19,"gold_loss":0}],"is_beta":false,"boss_relics":[{"not_picked":["Orrery","Lizard Tail"],"picked":"Calling Bell"}],"items_purged_floors":[13],"is_endless":false,"potions_floor_spawned":[1,6,16],"killed_by":"Colosseum Slavers","ascension_level":20}