{"gold_per_floor":[115,132,5,19,19,19,39,56,79,90,110,128,128,142,142,242,242,255,268,280,22,22,22,38,57,82,99,99,119,138,158,158,258,258,278,278,289,1288,1067,1067,1097,632,703,703,803,803,817,834,834,834],"floor_reached":50,"playtime":2005,"items_purged":["Strike_G","Normality","Normality"],"score":549,"play_id":"37b64554-890c-4f04-9f3a-66efcdc27825","local_time":"20181230031554","is_ascension_mode":false,"campfire_choices":[{"data":"Neutralize","floor":6.0,"key":"SMITH"},{"data":"Catalyst","floor":15.0,"key":"SMITH"},{"data":"Apotheosis","floor":23.0,"key":"SMITH"},{"floor":28.0,"key":"REST"},{"floor":32.0,"key":"REST"},{"floor":40.0,"key":"REST"},{"floor":44.0,"key":"REST"},{"floor":46.0,"key":"REST"},{"floor":49,"key":"REST"}],"neow_cost":"NONE","seed_source_timestamp":668270364009748,"circlet_count":0,"master_deck":["Defend_G","Defend_G","Defend_G","Defend_G","Defend_G","Strike_G","Strike_G","Strike_G","Strike_G","Survivor","Neutralize+1","Sucker Punch+1","Dagger Spray","Noxious Fumes+1","Poisoned Stab","Backflip","Catalyst+1","Venomology","Crippling Poison","Dodge and Roll","Backflip","Adrenaline","Quick Slash","Caltrops","Apotheosis+1","A Thousand Cuts","Impatience","Poisoned Stab+1","Caltrops","Well Laid Plans+1","Footwork","Die Die Die","Catalyst","Cloak And Dagger+1","Footwork","Dodge and Roll","Catalyst","Metamorphosis","Leg Sweep","PiercingWail","Bouncing Flask"],"special_seed":0,"relics":["Velvet Choker"],"potions_floor_usage":[48,48,50],"damage_taken":[{"damage":0.0,"enemies":"Jaw Worm","floor":1.0,"turns":4.0},{"damage":0.0,"enemies":"Small Slimes","floor":2.0,"turns":3.0},{"damage":0.0,"enemies":"Cultist","floor":4.0,"turns":3.0},{"damage":0.0,"enemies":"3 Louse","floor":7.0,"turns":2.0},{"damage":0.0,"enemies":"Looter","floor":8.0,"turns":3.0},{"damage":9.0,"enemies":"Exordium Thugs","floor":10.0,"turns":3.0},{"damage":0.0,"enemies":"Blue Slaver","floor":11.0,"turns":4.0},{"damage":5.0,"enemies":"3 Louse","floor":12.0,"turns":2.0},{"damage":0.0,"enemies":"Red Slaver","floor":14.0,"turns":3.0},{"damage":27.0,"enemies":"Slime Boss","floor":16.0,"turns":9.0},{"damage":0.0,"enemies":"Chosen","floor":18.0,"turns":3.0},{"damage":8.0,"enemies":"Shell Parasite","floor":19.0,"turns":6.0},{"damage":14.0,"enemies":"Snecko","floor":20.0,"turns":6.0},{"damage":15.0,"enemies":"Snake Plant","floor":24.0,"turns":4.0},{"damage":13.0,"enemies":"3 Cultists","floor":25.0,"turns":4.0},{"damage":0.0,"enemies":"Shelled Parasite and Fungi","floor":27.0,"turns":4.0},{"damage":7.0,"enemies":"Snake Plant","floor":29.0,"turns":4.0},{"damage":8.0,"enemies":"Centurion and Healer","floor":30.0,"turns":6.0},{"damage":6.0,"enemies":"Cultist and Chosen","floor":31.0,"turns":4.0},{"damage":13.0,"enemies":"Automaton","floor":33.0,"turns":9.0},{"damage":0.0,"enemies":"3 Shapes","floor":35.0,"turns":4.0},{"damage":35.0,"enemies":"3 Darklings","floor":37.0,"turns":5.0},{"damage":30.0,"enemies":"Nemesis","floor":41.0,"turns":9.0},{"damage":41.0,"enemies":"Jaw Worm Horde","floor":47.0,"turns":7.0},{"damage":28,"enemies":"Spire Growth","floor":48,"turns":6},{"damage":46,"enemies":"Awakened One","floor":50,"turns":3}],"seed_played":"-2581009968699256025","potions_obtained":[{"floor":2.0,"key":"SkillPotion"},{"floor":7.0,"key":"EssenceOfSteel"},{"floor":8.0,"key":"Swift Potion"},{"floor":10.0,"key":"SpeedPotion"},{"floor":12.0,"key":"LiquidBronze"},{"floor":20.0,"key":"PowerPotion"},{"floor":27.0,"key":"LiquidBronze"},{"floor":33.0,"key":"LiquidBronze"},{"floor":37.0,"key":"Block Potion"}],"is_trial":false,"path_per_floor":["M","M","$","M","?","R","M","M","T","M","M","M","?","M","R","B",null,"M","M","M","$","?","R","M","M","T","M","R","M","M","M","R","B",null,"M","?","M","?","$","R","E","$","T","R","?","R","M","M","R","B"],"character_chosen":"THE_SILENT","items_purchased":["Noxious Fumes","Poisoned Stab","Apotheosis","Footwork","Dodge and Roll","Metamorphosis","Leg Sweep","FairyPotion"],"campfire_rested":6,"item_purchase_floors":[3,3,21,39,39,42,42,42],"current_hp_per_floor":[70,70,70,70,56,56,56,56,56,47,47,42,42,42,42,15,70,70,62,48,48,48,48,33,20,20,20,41,34,26,20,41,28,70,70,70,35,35,35,56,26,26,26,47,47,68,27,7,28,0],"gold":834,"neow_bonus":"BOSS_RELIC","is_prod":false,"is_daily":false,"chose_seed":false,"campfire_upgraded":3,"win_rate":0,"timestamp":1546136154,"path_taken":["M","M","$","M","?","R","M","M","T","M","M","M","?","M","R","BOSS","M","M","M","$","?","R","M","M","T","M","R","?","M","M","R","BOSS","M","?","M","?","$","R","E","$","T","R","?","R","M","M","R","BOSS"],"build_version":"2018-12-20","purchased_purges":3,"victory":false,"max_hp_per_floor":[70,70,70,70,70,70,70,70,70,70,70,70,70,70,70,70,70,70,70,70,70,70,70,70,70,70,70,70,70,70,70,70,70,70,70,70,70,70,70,70,70,70,70,70,70,70,70,70,70,70],"card_choices":[{"not_picked":["Slice","Underhanded Strike"],"picked":"Sucker Punch","floor":1.0},{"not_picked":["Prepared","Caltrops"],"picked":"Dagger Spray","floor":2.0},{"not_picked":["Dagger Spray","Flying Knee"],"picked":"Backflip","floor":4.0},{"not_picked":["Blade Dance","Choke"],"picked":"Catalyst","floor":7.0},{"not_picked":["PiercingWail","Dagger Throw"],"picked":"Venomology","floor":8.0},{"not_picked":["Deadly Poison","Dagger Spray"],"picked":"Crippling Poison","floor":10.0},{"not_picked":["Deadly Poison","Poisoned Stab","Quick Slash"],"picked":"SKIP","floor":11.0},{"not_picked":["Dagger Throw","Backflip"],"picked":"Dodge and Roll","floor":12.0},{"not_picked":["Outmaneuver","Sucker Punch"],"picked":"Backflip","floor":14.0},{"not_picked":["Bullet Time","Doppelganger"],"picked":"Adrenaline","floor":16.0},{"not_picked":["Reflex","Tactician"],"picked":"Quick Slash","floor":18.0},{"not_picked":["Flechettes","Poisoned Stab","Sucker Punch"],"picked":"SKIP","floor":19.0},{"not_picked":["Flechettes","Poisoned Stab","Sucker Punch"],"picked":"SKIP","floor":19.0},{"not_picked":["Bane","Sucker Punch"],"picked":"Caltrops","floor":20.0},{"not_picked":["Riddle With Holes+1","Quick Slash"],"picked":"Poisoned Stab+1","floor":24.0},{"not_picked":["Terror","Quick Slash"],"picked":"Backflip","floor":25.0},{"not_picked":["Endless Agony+1","Dagger Throw"],"picked":"Caltrops","floor":27.0},{"not_picked":["Crippling Poison+1","Masterful Stab","Sucker Punch"],"picked":"SKIP","floor":29.0},{"not_picked":["Flying Knee","Envenom"],"picked":"Well Laid Plans+1","floor":30.0},{"not_picked":["Backstab","Sucker Punch"],"picked":"Footwork","floor":31.0},{"not_picked":["Burst","Doppelganger"],"picked":"Die Die Die","floor":33.0},{"not_picked":["Quick Slash+1","Escape Plan+1"],"picked":"Catalyst","floor":35.0},{"not_picked":["Sucker Punch+1","Deadly Poison"],"picked":"Cloak And Dagger+1","floor":37.0},{"not_picked":["Venomology","Flechettes+1"],"picked":"Catalyst","floor":41.0},{"not_picked":["Escape Plan","Acrobatics+1"],"picked":"PiercingWail","floor":47.0},{"not_picked":["Dodge and Roll","Sucker Punch"],"picked":"Bouncing Flask","floor":48}],"player_experience":553048,"relics_obtained":[],"event_choices":[{"damage_healed":0.0,"max_hp_gain":0.0,"max_hp_loss":0.0,"gold_gain":0.0,"event_name":"Shining Light","player_choice":"Entered Light","floor":5.0,"gold_loss":0.0,"damage_taken":14.0,"cards_upgraded":["Noxious Fumes","Sucker Punch"]},{"damage_healed":0.0,"max_hp_gain":0.0,"max_hp_loss":0.0,"gold_gain":0.0,"event_name":"Golden Idol","player_choice":"Ignored","floor":13.0,"gold_loss":0.0,"damage_taken":0.0},{"damage_healed":0.0,"max_hp_gain":0.0,"max_hp_loss":0.0,"gold_gain":0.0,"event_name":"Match and Keep!","player_choice":"2 cards matched","floor":22.0,"gold_loss":0.0,"damage_taken":0.0,"cards_obtained":["A Thousand Cuts","Impatience"]},{"cards_removed":["Backflip"],"damage_healed":0.0,"max_hp_gain":0.0,"max_hp_loss":0.0,"gold_gain":0.0,"event_name":"Falling","player_choice":"Removed Skill","floor":36.0,"gold_loss":0.0,"damage_taken":0.0},{"damage_healed":0.0,"max_hp_gain":0.0,"max_hp_loss":0.0,"gold_gain":999.0,"event_name":"MindBloom","player_choice":"Gold","floor":38.0,"gold_loss":0.0,"damage_taken":0.0,"cards_obtained":["Normality","Normality"]},{"damage_healed":0.0,"max_hp_gain":0.0,"max_hp_loss":0.0,"gold_gain":100.0,"event_name":"Golden Shrine","player_choice":"Pray","floor":45.0,"gold_loss":0.0,"damage_taken":0.0}],"is_beta":false,"boss_relics":[{"not_picked":[]},{"not_picked":[]}],"items_purged_floors":[21,39,42],"is_endless":false,"potions_floor_spawned":[2,7,8,10,12,19,20,24,27,31,33,37,47],"killed_by":"Awakened One","ascension_level":0}