{"gold_per_floor":[217,231,231,47,58,58,84,24,24,36,47,62,89,99,99,194,194,209,209,134,148,166,166,184,184,184,184,184,216,216,239,239,337,337,349,349,368,378,378,406,39,72,72,106,126,15,29,55,55,55,55,55,17,42,42],"floor_reached":56,"playtime":4688,"items_purged":["Strike_B"],"score":1934,"play_id":"dbe4e9ee-4038-45af-9930-52b3dd5759d4","local_time":"20191011230656","is_ascension_mode":true,"campfire_choices":[{"floor":6,"key":"DIG"},{"floor":15,"key":"REST"},{"data":"Fission","floor":23,"key":"SMITH"},{"floor":25,"key":"DIG"},{"floor":27,"key":"REST"},{"floor":30,"key":"DIG"},{"floor":32,"key":"DIG"},{"floor":49,"key":"RECALL"},{"floor":52,"key":"DIG"}],"neow_cost":"NONE","seed_source_timestamp":93192485082195,"circlet_count":0,"master_deck":["Strike_B","Defend_B","Defend_B","Defend_B","Defend_B","Zap","Dualcast","Glacier","Glacier","Melter","Ball Lightning","Glacier","Coolheaded","Fission+1","Chill","FTL","Creative AI+1","Sunder","Hologram","Turbo+1","Capacitor+1","Seek","Darkness","Dark Shackles","Panache+1","Streamline+1","Capacitor+1","Coolheaded","Turbo+1","Heatsinks+1","Loop+1","Defragment+1","Loop+1","Defragment+1","Defragment+1","Biased Cognition+1","Master of Strategy","Echo Form+1","Reinforced Body+1","Fusion+1","Defragment+1","Coolheaded","Turbo+1","Compile Driver+1","Defragment+1"],"relics":["Cracked Core","Shovel","Membership Card","Frozen Egg 2","The Courier","Runic Capacitor","Calipers","Lizard Tail","Nuclear Battery","Nilry\u0027s Codex","InkBottle","Kunai","Mummified Hand","Mercury Hourglass","Blood Vial","Unceasing Top","Black Star","MealTicket","Mango","OrangePellets","Oddly Smooth Stone","CaptainsWheel","Blue Candle","Vajra","DataDisk","Bag of Preparation","Eternal Feather","Shuriken","Anchor","Strawberry"],"potions_floor_usage":[29,29,38,40,50,55,55],"damage_taken":[{"damage":1,"enemies":"Cultist","floor":1,"turns":3},{"damage":1,"enemies":"Jaw Worm","floor":2,"turns":6},{"damage":1,"enemies":"2 Louse","floor":5,"turns":2},{"damage":24,"enemies":"Gremlin Nob","floor":7,"turns":6},{"damage":0,"enemies":"Looter","floor":10,"turns":3},{"damage":14,"enemies":"Lots of Slimes","floor":11,"turns":5},{"damage":3,"enemies":"Exordium Wildlife","floor":12,"turns":3},{"damage":5,"enemies":"3 Sentries","floor":13,"turns":8},{"damage":6,"enemies":"Blue Slaver","floor":14,"turns":4},{"damage":35,"enemies":"Slime Boss","floor":16,"turns":19},{"damage":8,"enemies":"2 Thieves","floor":18,"turns":5},{"damage":0,"enemies":"Shell Parasite","floor":21,"turns":5},{"damage":3,"enemies":"3 Cultists","floor":22,"turns":6},{"damage":0,"enemies":"Snake Plant","floor":24,"turns":4},{"damage":0,"enemies":"Book of Stabbing","floor":29,"turns":10},{"damage":0,"enemies":"Collector","floor":33,"turns":12},{"damage":0,"enemies":"3 Darklings","floor":35,"turns":5},{"damage":0,"enemies":"Orb Walker","floor":37,"turns":3},{"damage":1,"enemies":"Writhing Mass","floor":38,"turns":4},{"damage":3,"enemies":"Reptomancer","floor":40,"turns":6},{"damage":0,"enemies":"Nemesis","floor":42,"turns":5},{"damage":0,"enemies":"Reptomancer","floor":44,"turns":2},{"damage":0,"enemies":"Transient","floor":45,"turns":5},{"damage":0,"enemies":"4 Shapes","floor":47,"turns":2},{"damage":0,"enemies":"Giant Head","floor":48,"turns":6},{"damage":0,"enemies":"Donu and Deca","floor":50,"turns":4},{"damage":0,"enemies":"Shield and Spear","floor":54,"turns":3},{"damage":43,"enemies":"The Heart","floor":55,"turns":8}],"seed_played":"-4170120798699019705","potions_obtained":[{"floor":1,"key":"Energy Potion"},{"floor":5,"key":"Weak Potion"},{"floor":7,"key":"Dexterity Potion"},{"floor":10,"key":"Swift Potion"},{"floor":33,"key":"GamblersBrew"},{"floor":35,"key":"EssenceOfSteel"},{"floor":38,"key":"Energy Potion"},{"floor":44,"key":"GamblersBrew"},{"floor":45,"key":"FocusPotion"}],"is_trial":false,"path_per_floor":["M","M","?","$","M","R","E","$","T","M","M","M","E","M","R","B",null,"M","?","?","M","M","R","M","R","T","R","?","E","R","T","R","B",null,"M","?","M","M","?","E","$","E","T","E","M","$","M","E","R","B",null,"R","$","E","B",null],"character_chosen":"DEFECT","items_purchased":["Membership Card","Melter","Runic Capacitor","OrangePellets","Heatsinks+1","Loop+1","Defragment+1","Loop+1","Defragment+1","Defragment+1","Biased Cognition+1","Master of Strategy","Defragment+1","DataDisk","Coolheaded"],"campfire_rested":2,"item_purchase_floors":[4,4,8,41,41,41,41,41,41,41,41,41,46,46,46],"current_hp_per_floor":[74,73,73,73,72,72,48,48,48,48,34,31,26,20,42,7,58,50,34,34,34,31,31,31,31,31,53,53,53,53,53,53,55,70,72,62,64,65,65,78,89,89,89,89,89,89,89,89,89,89,89,89,89,96,53],"gold":42,"neow_bonus":"HUNDRED_GOLD","is_prod":false,"is_daily":false,"chose_seed":false,"campfire_upgraded":1,"win_rate":0,"timestamp":1570849616,"path_taken":["M","M","?","$","M","R","E","?","T","M","M","?","E","M","R","BOSS","M","?","?","M","M","R","M","R","T","R","?","E","R","?","R","BOSS","M","?","M","M","?","E","$","E","T","E","?","?","M","E","R","BOSS","R","$","E","BOSS"],"build_version":"2019-10-11","purchased_purges":1,"victory":true,"max_hp_per_floor":[75,75,75,75,75,75,75,75,75,75,75,75,75,75,75,75,75,75,75,75,75,75,75,75,75,75,75,75,75,75,75,75,75,75,75,75,75,75,75,89,89,89,89,89,89,89,89,89,89,89,89,89,89,96,96],"card_choices":[{"not_picked":["Genetic Algorithm","Coolheaded"],"picked":"Glacier","floor":1},{"not_picked":["Barrage","Go for the Eyes"],"picked":"Glacier","floor":2},{"not_picked":["Gash","Barrage"],"picked":"Ball Lightning","floor":5},{"not_picked":["Stack","Streamline"],"picked":"Glacier","floor":7},{"not_picked":["Leap","Stack"],"picked":"Coolheaded","floor":10},{"not_picked":["Steam","Darkness"],"picked":"Fission","floor":11},{"not_picked":["Rebound","Go for the Eyes"],"picked":"Chill","floor":12},{"not_picked":["Thunder Strike","Aggregate"],"picked":"FTL","floor":13},{"not_picked":["Steam","Beam Cell","Leap"],"picked":"SKIP","floor":14},{"not_picked":["Thunder Strike","Core Surge"],"picked":"Creative AI+1","floor":16},{"not_picked":["Streamline","Stack"],"picked":"Sunder","floor":18},{"not_picked":["Streamline","Conserve Battery"],"picked":"Hologram","floor":21},{"not_picked":["White Noise","Ball Lightning"],"picked":"Turbo+1","floor":22},{"not_picked":["Go for the Eyes+1","Melter+1"],"picked":"Capacitor+1","floor":24},{"not_picked":["Barrage","Darkness","All For One"],"picked":"SKIP","floor":29},{"not_picked":["Buffer+1","Hyperbeam"],"picked":"Seek","floor":33},{"not_picked":["Cold Snap+1","Ball Lightning"],"picked":"Darkness","floor":35},{"not_picked":["Finesse","Magnetism+1"],"picked":"Dark Shackles","floor":36},{"not_picked":["Swift Strike","PanicButton"],"picked":"Panache+1","floor":36},{"not_picked":["Conserve Battery+1","Turbo"],"picked":"Streamline+1","floor":37},{"not_picked":["Redo+1","Leap+1"],"picked":"Capacitor+1","floor":38},{"not_picked":["Redo+1","Go for the Eyes+1"],"picked":"Turbo+1","floor":40},{"not_picked":["Streamline+1","Aggregate+1"],"picked":"Echo Form+1","floor":42},{"not_picked":["Double Energy","Gash"],"picked":"Reinforced Body+1","floor":44},{"not_picked":["Ball Lightning+1","Barrage"],"picked":"Fusion+1","floor":45},{"not_picked":["Barrage+1","Chaos"],"picked":"Turbo+1","floor":47},{"not_picked":["Tempest","Streamline"],"picked":"Compile Driver+1","floor":48},{"not_picked":["Scrape","Self Repair+1"],"picked":"Defragment+1","floor":54}],"player_experience":507487,"relics_obtained":[{"floor":6,"key":"Frozen Egg 2"},{"floor":7,"key":"The Courier"},{"floor":9,"key":"Calipers"},{"floor":13,"key":"Lizard Tail"},{"floor":19,"key":"Nilry\u0027s Codex"},{"floor":25,"key":"InkBottle"},{"floor":26,"key":"Kunai"},{"floor":29,"key":"Mummified Hand"},{"floor":30,"key":"Mercury Hourglass"},{"floor":31,"key":"Blood Vial"},{"floor":32,"key":"Unceasing Top"},{"floor":40,"key":"MealTicket"},{"floor":40,"key":"Mango"},{"floor":42,"key":"Oddly Smooth Stone"},{"floor":42,"key":"CaptainsWheel"},{"floor":44,"key":"Blue Candle"},{"floor":44,"key":"Vajra"},{"floor":48,"key":"Bag of Preparation"},{"floor":48,"key":"Eternal Feather"},{"floor":52,"key":"Shuriken"},{"floor":54,"key":"Anchor"},{"floor":54,"key":"Strawberry"}],"event_choices":[{"damage_healed":0,"gold_gain":0,"player_choice":"Gave Potion","damage_taken":0,"relics_obtained":["Shovel"],"max_hp_gain":0,"max_hp_loss":0,"event_name":"WeMeetAgain","floor":3,"gold_loss":0},{"damage_healed":0,"gold_gain":0,"player_choice":"Obtained Book","damage_taken":16,"max_hp_gain":0,"max_hp_loss":0,"event_name":"Cursed Tome","floor":19,"gold_loss":0},{"cards_removed":["Strike_B"],"damage_healed":0,"gold_gain":0,"player_choice":"Gave Gold","damage_taken":0,"max_hp_gain":0,"max_hp_loss":0,"event_name":"Beggar","floor":20,"gold_loss":75},{"cards_removed":["Strike_B"],"damage_healed":0,"gold_gain":0,"player_choice":"Elegance","damage_taken":0,"max_hp_gain":0,"max_hp_loss":0,"event_name":"Back to Basics","floor":28,"gold_loss":0},{"damage_healed":0,"gold_gain":0,"player_choice":"Memory 3","damage_taken":10,"max_hp_gain":0,"max_hp_loss":0,"event_name":"SensoryStone","floor":36,"gold_loss":0},{"damage_healed":0,"gold_gain":0,"player_choice":"1 cards matched","damage_taken":0,"max_hp_gain":0,"max_hp_loss":0,"event_name":"Match and Keep!","floor":39,"gold_loss":0,"cards_obtained":["Coolheaded"]}],"is_beta":true,"boss_relics":[{"not_picked":["Coffee Dripper","Calling Bell"],"picked":"Nuclear Battery"},{"not_picked":["Busted Crown","Astrolabe"],"picked":"Black Star"}],"items_purged_floors":[53],"is_endless":false,"potions_floor_spawned":[1,5,7,10,16,22,24,33,35,38,44,45],"ascension_level":5}