{"gold_per_floor":[18,18,28,43,63,91,91,107,157,157],"floor_reached":10,"playtime":326,"items_purged":[],"score":133,"play_id":"61ce94a5-160d-4154-894f-f5c111ed1a64","local_time":"20190822063833","is_ascension_mode":true,"campfire_choices":[],"neow_cost":"NO_GOLD","seed_source_timestamp":697204980922600,"circlet_count":0,"master_deck":["AscendersBane","Strike_B","Strike_B","Strike_B","Strike_B","Defend_B","Defend_B","Defend_B","Defend_B","Zap","Dualcast","Gash+1","Chaos","Conserve Battery","Compile Driver","Gash","Storm+1"],"relics":["Cracked Core","Dead Branch","Frozen Egg 2","Cables","Art of War"],"potions_floor_usage":[5],"damage_taken":[{"damage":10,"enemies":"2 Louse","floor":1,"turns":3},{"damage":12,"enemies":"Jaw Worm","floor":3,"turns":2},{"damage":0,"enemies":"Cultist","floor":4,"turns":3},{"damage":1,"enemies":"Looter","floor":5,"turns":4},{"damage":31,"enemies":"3 Sentries","floor":6,"turns":7},{"damage":0,"enemies":"Blue Slaver","floor":8,"turns":3},{"damage":17,"enemies":"2 Fungi Beasts","floor":10,"turns":2}],"seed_played":"5716903137065206697","potions_obtained":[{"floor":3,"key":"GamblersBrew"},{"floor":6,"key":"SpeedPotion"}],"is_trial":false,"path_per_floor":["M","?","M","M","M","E","T","M","T","M"],"character_chosen":"DEFECT","items_purchased":[],"campfire_rested":0,"item_purchase_floors":[],"current_hp_per_floor":[54,54,42,42,41,10,10,10,10,0],"gold":157,"neow_bonus":"ONE_RARE_RELIC","is_prod":false,"is_daily":false,"chose_seed":false,"campfire_upgraded":0,"win_rate":0,"timestamp":1566448713,"path_taken":["M","?","M","M","M","E","?","?","T","M"],"build_version":"2019-07-17","purchased_purges":0,"victory":false,"max_hp_per_floor":[71,71,71,71,71,71,71,71,71,71],"card_choices":[{"not_picked":["Rebound","Redo"],"picked":"Gash","floor":1},{"not_picked":["Conserve Battery","Steam"],"picked":"Chaos","floor":3},{"not_picked":["Compile Driver","Redo"],"picked":"Conserve Battery","floor":4},{"not_picked":["Barrage","Coolheaded"],"picked":"Compile Driver","floor":5},{"not_picked":["Rebound","Hologram"],"picked":"Gash","floor":6},{"not_picked":["Compile Driver","Streamline"],"picked":"Storm+1","floor":8}],"player_experience":1943004,"relics_obtained":[{"floor":6,"key":"Frozen Egg 2"},{"floor":7,"key":"Cables"},{"floor":9,"key":"Art of War"}],"event_choices":[{"damage_healed":0,"gold_gain":0,"player_choice":"Grow","damage_taken":0,"max_hp_gain":0,"max_hp_loss":0,"event_name":"Living Wall","floor":2,"gold_loss":0,"cards_upgraded":["Gash"]}],"is_beta":false,"boss_relics":[],"items_purged_floors":[],"is_endless":false,"potions_floor_spawned":[3,6],"killed_by":"2 Fungi Beasts","ascension_level":18}