{"gold_per_floor":[210,224,224,224,15,15,35,61,61,11,45,45,109,122,122,197,197,213,224,224,240,12,12,12,12],"floor_reached":25,"playtime":1319,"items_purged":["Strike_G"],"score":366,"play_id":"a9a795b0-fd6d-4e8e-9366-a63a7afdb4ff","local_time":"20190716183254","is_ascension_mode":true,"campfire_choices":[{"data":"Poisoned Stab","floor":6,"key":"SMITH"},{"floor":12,"key":"REST"},{"data":"Glass Knife","floor":15,"key":"SMITH"},{"floor":23,"key":"REST"}],"neow_cost":"NONE","seed_source_timestamp":506866413955445,"circlet_count":0,"master_deck":["AscendersBane","Strike_G","Strike_G","Strike_G","Defend_G","Defend_G","Defend_G","Defend_G","Defend_G","Survivor","Neutralize+1","Poisoned Stab+1","Choke","PiercingWail","Leg Sweep","Backflip","Glass Knife+1","Dodge and Roll","Die Die Die","Caltrops","Dodge and Roll+1","Endless Agony","Envenom"],"relics":["Ring of the Snake","Membership Card","Omamori","Mercury Hourglass","Dodecahedron","Runic Pyramid","The Specimen"],"potions_floor_usage":[11,16,21,25],"damage_taken":[{"damage":5,"enemies":"Small Slimes","floor":1,"turns":5},{"damage":0,"enemies":"Cultist","floor":2,"turns":4},{"damage":2,"enemies":"2 Louse","floor":7,"turns":2},{"damage":29,"enemies":"Gremlin Nob","floor":8,"turns":5},{"damage":18,"enemies":"3 Sentries","floor":11,"turns":7},{"damage":0,"enemies":"Large Slime","floor":14,"turns":5},{"damage":29,"enemies":"Slime Boss","floor":16,"turns":11},{"damage":0,"enemies":"Shell Parasite","floor":18,"turns":8},{"damage":24,"enemies":"2 Thieves","floor":19,"turns":3},{"damage":28,"enemies":"Cultist and Chosen","floor":21,"turns":7},{"damage":43,"enemies":"Gremlin Leader","floor":25,"turns":7}],"seed_played":"-1101609975733152541","potions_obtained":[{"floor":8,"key":"Regen Potion"},{"floor":11,"key":"PowerPotion"},{"floor":16,"key":"Regen Potion"},{"floor":18,"key":"PowerPotion"}],"is_trial":false,"path_per_floor":["M","M","$","?","$","R","M","E","T","$","E","R","?","M","R","B",null,"M","M","?","M","$","R","$","E"],"character_chosen":"THE_SILENT","items_purchased":["Membership Card","Backflip","The Specimen","Envenom"],"campfire_rested":2,"item_purchase_floors":[5,10,22,22],"current_hp_per_floor":[54,54,54,54,54,54,52,23,23,23,20,39,39,39,39,10,52,52,28,28,15,15,34,34,0],"gold":12,"neow_bonus":"HUNDRED_GOLD","is_prod":false,"is_daily":false,"chose_seed":false,"campfire_upgraded":2,"win_rate":0,"timestamp":1563298374,"path_taken":["M","M","$","?","$","R","?","E","T","$","E","R","?","M","R","BOSS","M","M","?","M","$","R","?","E"],"build_version":"2019-07-05","purchased_purges":1,"victory":false,"max_hp_per_floor":[66,66,66,66,66,66,66,66,66,66,66,66,66,66,66,66,66,66,66,66,66,66,66,66,66],"card_choices":[{"not_picked":["Quick Slash","Sucker Punch"],"picked":"Poisoned Stab","floor":1},{"not_picked":["Dagger Spray","Noxious Fumes"],"picked":"Choke","floor":2},{"not_picked":["Expertise","Sucker Punch"],"picked":"PiercingWail","floor":7},{"not_picked":["Blur","Flying Knee"],"picked":"Leg Sweep","floor":8},{"not_picked":["Slice","Dagger Spray"],"picked":"Glass Knife","floor":11},{"not_picked":["Deflect","Slice"],"picked":"Dodge and Roll","floor":14},{"not_picked":["A Thousand Cuts","Glass Knife"],"picked":"Die Die Die","floor":16},{"not_picked":["Cloak And Dagger","Accuracy"],"picked":"Caltrops","floor":18},{"not_picked":["Leg Sweep+1","Cloak And Dagger"],"picked":"Dodge and Roll+1","floor":19},{"not_picked":["Backflip","Slice","Dagger Spray"],"picked":"SKIP","floor":21}],"player_experience":1175622,"relics_obtained":[{"floor":8,"key":"Omamori"},{"floor":9,"key":"Mercury Hourglass"},{"floor":11,"key":"Dodecahedron"}],"event_choices":[{"damage_healed":0,"gold_gain":0,"player_choice":"Upgraded","damage_taken":0,"max_hp_gain":0,"max_hp_loss":0,"event_name":"Upgrade Shrine","floor":4,"gold_loss":0,"cards_upgraded":["Neutralize"]},{"damage_healed":0,"gold_gain":64,"player_choice":"Gained Gold","damage_taken":0,"max_hp_gain":0,"max_hp_loss":0,"event_name":"Golden Wing","floor":13,"gold_loss":0},{"damage_healed":0,"gold_gain":0,"cards_transformed":["Strike_G"],"player_choice":"Transformed","damage_taken":0,"max_hp_gain":0,"max_hp_loss":0,"event_name":"Transmorgrifier","floor":20,"gold_loss":0,"cards_obtained":["Endless Agony"]}],"is_beta":false,"boss_relics":[{"not_picked":["White Beast Statue","Fusion Hammer"],"picked":"Runic Pyramid"}],"items_purged_floors":[10],"is_endless":false,"potions_floor_spawned":[8,11,16,18],"killed_by":"Gremlin Leader","ascension_level":15}