{"gold_per_floor":[111,111,186,151,170,170,195,264,264,264,284,296,309,319,319,423,423,434,434,349,359,33,33,62,62,62,80,80,92,92,92,92,92],"floor_reached":33,"playtime":1376,"items_purged":[],"score":412,"play_id":"cc574152-2762-4673-90e3-736b6f5585b2","local_time":"20180812210037","is_ascension_mode":true,"campfire_choices":[{"data":"Defragment","floor":6,"key":"SMITH"},{"floor":10,"key":"REST"},{"data":"Beam Cell","floor":15,"key":"SMITH"},{"data":"Barrage","floor":23,"key":"SMITH"},{"floor":25,"key":"REST"},{"floor":28,"key":"REST"},{"floor":32,"key":"REST"}],"neow_cost":"NONE","seed_source_timestamp":334521207453758,"circlet_count":0,"master_deck":["Strike_B+1","Defend_B+1","Defend_B","Defend_B+1","Defend_B","Zap+1","Dualcast+1","Streamline","Defragment+1","Beam Cell+1","Cold Snap","Capacitor","Steam","Genetic Algorithm","Electrodynamics","Rainbow+1","Hello World+1","Rip and Tear+1","Barrage+1","Leap","Auto Shields","Double Energy+1","Double Energy+1","Fission","Zap"],"relics":["Cracked Core","War Paint","Bottled Lightning","Astrolabe","Sundial","Mango","Bottled Tornado","Art of War","Shovel"],"potions_floor_usage":[16,19,33],"damage_taken":[{"damage":6,"enemies":"Small Slimes","floor":1,"turns":4},{"damage":0,"enemies":"Jaw Worm","floor":5,"turns":3},{"damage":22,"enemies":"Lagavulin","floor":7,"turns":6},{"damage":0,"enemies":"Cultist","floor":11,"turns":3},{"damage":9,"enemies":"Blue Slaver","floor":12,"turns":2},{"damage":11,"enemies":"Looter","floor":13,"turns":3},{"damage":8,"enemies":"3 Louse","floor":14,"turns":3},{"damage":0,"enemies":"Slime Boss","floor":16,"turns":8},{"damage":12,"enemies":"Spheric Guardian","floor":18,"turns":4},{"damage":0,"enemies":"2 Thieves","floor":19,"turns":1},{"damage":23,"enemies":"Snake Plant","floor":21,"turns":4},{"damage":32,"enemies":"Book of Stabbing","floor":24,"turns":5},{"damage":28,"enemies":"Centurion and Healer","floor":27,"turns":4},{"damage":15,"enemies":"Snecko","floor":29,"turns":6},{"damage":57,"enemies":"Champ","floor":33,"turns":6}],"seed_played":"-4909124747307529228","potions_obtained":[{"floor":1,"key":"GamblersBrew"},{"floor":5,"key":"SmokeBomb"},{"floor":11,"key":"Regen Potion"},{"floor":13,"key":"SteroidPotion"},{"floor":24,"key":"PowerPotion"},{"floor":29,"key":"Strength Potion"}],"is_trial":false,"path_per_floor":["M","?","?","?","M","R","E","?","T","R","M","M","M","M","R","B",null,"M","M","?","M","$","R","E","R","T","M","R","M","T","?","R"],"character_chosen":"DEFECT","items_purchased":["Mango","Leap"],"campfire_rested":4,"item_purchase_floors":[22,22],"current_hp_per_floor":[62,47,36,54,54,54,32,32,32,54,54,45,34,26,26,41,67,55,55,55,32,46,46,14,40,40,12,38,23,23,23,49,0],"gold":92,"neow_bonus":"UPGRADE_CARD","is_prod":false,"is_daily":false,"chose_seed":false,"campfire_upgraded":3,"win_rate":0,"timestamp":1534104037,"path_taken":["M","?","?","?","M","R","E","?","T","R","M","?","M","?","R","BOSS","M","M","?","M","$","R","E","R","T","M","R","M","?","?","R","BOSS"],"build_version":"2018-08-09","purchased_purges":0,"victory":false,"max_hp_per_floor":[75,75,75,75,75,75,75,75,75,75,75,75,75,75,75,75,75,75,75,75,75,89,89,89,89,89,89,89,89,89,89,89,89],"card_choices":[{"not_picked":["Steam Power","Hologram"],"picked":"Streamline","floor":1},{"not_picked":["Reprogram","Gash"],"picked":"Defragment","floor":5},{"not_picked":["Storm","BootSequence"],"picked":"Beam Cell","floor":7},{"not_picked":["Leap","Barrage"],"picked":"Cold Snap","floor":11},{"not_picked":["Beam Cell","Turbo"],"picked":"Capacitor","floor":12},{"not_picked":["Recycle","Go for the Eyes"],"picked":"Steam","floor":13},{"not_picked":["FTL","Stack"],"picked":"Genetic Algorithm","floor":14},{"not_picked":["Fission","Amplify"],"picked":"Electrodynamics","floor":16},{"not_picked":["Doom and Gloom","Gash","Turbo"],"picked":"SKIP","floor":18},{"not_picked":["Hologram","Scrape"],"picked":"Barrage","floor":21},{"not_picked":["Beam Cell","Cold Snap"],"picked":"Auto Shields","floor":24},{"not_picked":["Steam","Cold Snap"],"picked":"Double Energy+1","floor":27},{"not_picked":["Gash","Machine Learning"],"picked":"Double Energy+1","floor":29}],"player_experience":560741,"relics_obtained":[{"floor":7,"key":"War Paint"},{"floor":9,"key":"Bottled Lightning"},{"floor":24,"key":"Bottled Tornado"},{"floor":26,"key":"Art of War"},{"floor":30,"key":"Shovel"}],"event_choices":[{"event_name":"Shining Light","player_choice":"Entered Light","floor":2,"damage_taken":0},{"event_name":"World of Goop","player_choice":"Gather Gold","floor":3,"damage_taken":0},{"event_name":"The Cleric","player_choice":"Healed","floor":4,"damage_taken":0},{"event_name":"Golden Wing","player_choice":"Gained Gold","floor":8,"damage_taken":0},{"event_name":"Addict","player_choice":"Obtained Relic","floor":20,"damage_taken":0},{"event_name":"Match and Keep!","player_choice":"2 cards matched","floor":31,"damage_taken":0}],"is_beta":false,"boss_relics":[{"not_picked":["Tiny House","Ectoplasm"],"picked":"Astrolabe"}],"items_purged_floors":[],"is_endless":false,"potions_floor_spawned":[1,5,11,13,19,24,29],"killed_by":"Champ","ascension_level":6}