{"gold_per_floor":[112,112,112,133,147,147,2,2,2,2,16,16,29,45,45,169,169,188,188,188,219,235,275,275,275,326,326,102,102,115,115,115,245,245,266,279,279,33,54,54,87,87,87,101,323,448,448,472,472,472],"floor_reached":50,"playtime":839,"items_purged":["Strike_R+1","Strike_R+1"],"score":578,"play_id":"8b2ea995-c98f-4182-a3b0-954de2548820","local_time":"20190924000502","is_ascension_mode":false,"campfire_choices":[{"data":"Flex","floor":6.0,"key":"SMITH"},{"data":"Limit Break","floor":8.0,"key":"SMITH"},{"data":"Bash","floor":10.0,"key":"SMITH"},{"data":"Spot Weakness","floor":12.0,"key":"SMITH"},{"data":"Flex","floor":15.0,"key":"SMITH"},{"data":"Flame Barrier","floor":24,"key":"SMITH"},{"data":"Immolate","floor":27,"key":"SMITH"},{"data":"Sword Boomerang","floor":29,"key":"SMITH"},{"data":"Inflame","floor":32,"key":"SMITH"},{"data":"Whirlwind","floor":40,"key":"SMITH"},{"data":"Battle Trance","floor":42,"key":"SMITH"},{"data":"Clash","floor":47,"key":"SMITH"},{"floor":49,"key":"REST"}],"neow_cost":"NONE","seed_source_timestamp":4343333404409,"circlet_count":0,"master_deck":["Strike_R+1","Strike_R+1","Defend_R+1","Defend_R+1","Defend_R+1","Defend_R+1","Bash+1","Flex+1","Flame Barrier+1","Spot Weakness+1","Limit Break+1","Flex+1","Clash+1","Immolate+1","Heavy Blade+1","Sword Boomerang+1","Limit Break+1","Inflame+1","Shrug It Off+1","Whirlwind+1","Battle Trance+1","Heavy Blade+1","Inflame+1","Inflame+1"],"special_seed":0,"relics":["Burning Blood","NeowsBlessing","Golden Idol","Eternal Feather","Runic Dome","Red Mask","Art of War","Pantograph","Boot","DollysMirror","Sozu","Singing Bowl","Frozen Egg 2","Ginger"],"potions_floor_usage":[16,46,50],"damage_taken":[{"damage":0.0,"enemies":"Jaw Worm","floor":1.0,"turns":1.0},{"damage":0.0,"enemies":"Small Slimes","floor":4.0,"turns":1.0},{"damage":0.0,"enemies":"2 Louse","floor":5.0,"turns":1.0},{"damage":10.0,"enemies":"Exordium Wildlife","floor":11.0,"turns":5.0},{"damage":2.0,"enemies":"Looter","floor":13.0,"turns":4.0},{"damage":16.0,"enemies":"Large Slime","floor":14.0,"turns":5.0},{"damage":0,"enemies":"Slime Boss","floor":16,"turns":5},{"damage":0,"enemies":"Spheric Guardian","floor":18,"turns":3},{"damage":10,"enemies":"Masked Bandits","floor":21,"turns":2},{"damage":12,"enemies":"3 Byrds","floor":22,"turns":4},{"damage":19,"enemies":"Book of Stabbing","floor":23,"turns":4},{"damage":13,"enemies":"Centurion and Healer","floor":30,"turns":4},{"damage":12,"enemies":"Automaton","floor":33,"turns":6},{"damage":21,"enemies":"3 Darklings","floor":35,"turns":4},{"damage":0,"enemies":"Orb Walker","floor":36,"turns":2},{"damage":0,"enemies":"Jaw Worm Horde","floor":39,"turns":2},{"damage":40,"enemies":"Reptomancer","floor":41,"turns":5},{"damage":4,"enemies":"Spire Growth","floor":44,"turns":2},{"damage":0,"enemies":"Mind Bloom Boss Battle","floor":46,"turns":2},{"damage":2,"enemies":"4 Shapes","floor":48,"turns":3},{"damage":76,"enemies":"Awakened One","floor":50,"turns":4}],"seed_played":"-4781984882499368949","potions_obtained":[{"floor":4.0,"key":"SteroidPotion"},{"floor":11.0,"key":"Dexterity Potion"},{"floor":16,"key":"GamblersBrew"},{"floor":21,"key":"SneckoOil"}],"is_trial":false,"path_per_floor":["M","?","?","M","M","R","$","R","T","R","M","R","M","M","R","B",null,"M","?","?","?","M","E","R","T","T","R","$","R","M","?","R","B",null,"M","M","?","$","M","R","E","R","T","M","?","?","R","M","R","B"],"character_chosen":"IRONCLAD","items_purchased":["Limit Break","DollysMirror","Whirlwind","Battle Trance"],"campfire_rested":1,"item_purchase_floors":[7,28,38,38],"current_hp_per_floor":[80,74,59,65,71,71,71,71,71,74,70,74,74,64,73,74,74,74,74,74,70,64,51,60,60,60,69,69,74,67,67,74,68,74,59,65,65,65,71,74,40,52,52,54,54,76,76,76,76,0],"gold":472,"neow_bonus":"THREE_ENEMY_KILL","is_prod":false,"is_daily":false,"chose_seed":false,"campfire_upgraded":12,"win_rate":0,"timestamp":1569305102,"path_taken":["M","?","?","M","M","R","$","R","T","R","M","R","M","M","R","BOSS","M","?","?","?","M","E","R","?","T","R","$","R","M","?","R","BOSS","M","M","?","$","M","R","E","R","T","?","?","?","R","M","R","BOSS"],"build_version":"2019-09-23","purchased_purges":2,"victory":false,"max_hp_per_floor":[80,74,74,74,74,74,74,74,74,74,74,74,74,74,74,74,74,74,74,74,74,74,74,74,74,74,74,74,74,74,74,74,74,74,74,74,74,74,74,74,74,74,74,74,74,76,76,76,76,76],"card_choices":[{"not_picked":["Sword Boomerang","Wild Strike"],"picked":"Flex","floor":1.0},{"not_picked":["Dropkick","Warcry"],"picked":"Flame Barrier","floor":4.0},{"not_picked":["True Grit","Anger"],"picked":"Spot Weakness","floor":5.0},{"not_picked":["Havoc","Cleave","Searing Blow"],"picked":"SKIP","floor":11.0},{"not_picked":["Pommel Strike","Anger"],"picked":"Flex","floor":13.0},{"not_picked":["True Grit","Twin Strike"],"picked":"Clash","floor":14.0},{"not_picked":["Double Tap","Fiend Fire"],"picked":"Immolate","floor":16},{"not_picked":["Cleave","Armaments","Sever Soul"],"picked":"SKIP","floor":18},{"not_picked":["Sentinel","Twin Strike"],"picked":"Heavy Blade+1","floor":22},{"not_picked":["Sentinel","Perfected Strike"],"picked":"Sword Boomerang","floor":23},{"not_picked":["Dark Embrace","Shrug It Off+1"],"picked":"Inflame","floor":30},{"not_picked":["Infernal Blade","Warcry"],"picked":"Shrug It Off+1","floor":35},{"not_picked":["Clothesline+1","Thunderclap","Havoc"],"picked":"SKIP","floor":36},{"not_picked":["Anger+1","Headbutt","Burning Pact+1"],"picked":"SKIP","floor":39},{"not_picked":["True Grit+1","Havoc+1"],"picked":"Heavy Blade+1","floor":41},{"not_picked":["Body Slam","Armaments+1"],"picked":"Inflame+1","floor":44},{"not_picked":["Rampage+1","True Grit+1","Dual Wield+1"],"picked":"Singing Bowl","floor":46},{"not_picked":["Entrench","Dark Embrace+1"],"picked":"Inflame+1","floor":48}],"player_experience":1580326,"relics_obtained":[{"floor":9.0,"key":"Eternal Feather"},{"floor":21,"key":"Red Mask"},{"floor":23,"key":"Art of War"},{"floor":25,"key":"Pantograph"},{"floor":26,"key":"Boot"},{"floor":41,"key":"Singing Bowl"},{"floor":43,"key":"Frozen Egg 2"},{"floor":46,"key":"Ginger"}],"event_choices":[{"damage_healed":0.0,"max_hp_gain":0.0,"max_hp_loss":6.0,"gold_gain":0.0,"event_name":"Golden Idol","player_choice":"Lose Max HP","floor":2.0,"gold_loss":0.0,"damage_taken":0.0,"relics_obtained":["Golden Idol"]},{"damage_healed":0.0,"max_hp_gain":0.0,"max_hp_loss":0.0,"gold_gain":0.0,"event_name":"Shining Light","player_choice":"Entered Light","floor":3.0,"gold_loss":0.0,"damage_taken":15.0,"cards_upgraded":["Defend_R","Defend_R"]},{"damage_healed":0,"gold_gain":0,"player_choice":"Ignored","damage_taken":0,"max_hp_gain":0,"max_hp_loss":0,"event_name":"Vampires","floor":19,"gold_loss":0},{"damage_healed":0,"gold_gain":0,"player_choice":"Simplicity","damage_taken":0,"max_hp_gain":0,"max_hp_loss":0,"event_name":"Back to Basics","floor":20,"gold_loss":0,"cards_upgraded":["Strike_R","Strike_R","Strike_R","Strike_R","Strike_R","Defend_R","Defend_R"]},{"damage_healed":0,"gold_gain":0,"player_choice":"Fought Bandits","damage_taken":0,"max_hp_gain":0,"max_hp_loss":0,"event_name":"Masked Bandits","floor":21,"gold_loss":0},{"damage_healed":0,"gold_gain":0,"player_choice":"Ignored","damage_taken":0,"max_hp_gain":0,"max_hp_loss":0,"event_name":"Ghosts","floor":31,"gold_loss":0},{"cards_removed":["Strike_R"],"damage_healed":0,"gold_gain":0,"player_choice":"Card Removal","damage_taken":0,"max_hp_gain":0,"max_hp_loss":0,"event_name":"Wheel of Change","floor":37,"gold_loss":0},{"damage_healed":0,"gold_gain":222,"player_choice":"Wore Mask","damage_taken":0,"max_hp_gain":0,"max_hp_loss":0,"event_name":"Tomb of Lord Red Mask","floor":45,"gold_loss":0},{"damage_healed":0,"gold_gain":0,"player_choice":"Fight","damage_taken":0,"max_hp_gain":0,"max_hp_loss":0,"event_name":"MindBloom","floor":46,"gold_loss":0}],"is_beta":true,"boss_relics":[{"not_picked":["SlaversCollar","Snecko Eye"],"picked":"Runic Dome"},{"not_picked":["Pandora\u0027s Box","Runic Pyramid"],"picked":"Sozu"}],"items_purged_floors":[28,38],"is_endless":false,"potions_floor_spawned":[4,11,16,21,22,30,44,48],"killed_by":"Awakened One","ascension_level":0}