{"gold_per_floor":[115,115,115,115,40,40,40,53,107,139,139,158,175,188,188,285,285,304,318,335,352,378,378,178,178,202,202,212,212,212,212],"floor_reached":31,"playtime":898,"items_purged":["Strike_B","Defend_B"],"score":389,"play_id":"d1b291da-1266-4c6f-978b-05915cbdf292","local_time":"20190215233747","is_ascension_mode":true,"campfire_choices":[{"data":"Fusion","floor":6.0,"key":"SMITH"},{"floor":11.0,"key":"REST"},{"floor":15.0,"key":"REST"},{"floor":23,"key":"REST"},{"data":"Fission","floor":25,"key":"SMITH"},{"data":"Sunder","floor":27,"key":"SMITH"},{"floor":29,"key":"REST"}],"neow_cost":"NONE","seed_source_timestamp":0,"circlet_count":0,"master_deck":["AscendersBane","Strike_B+1","Defend_B+1","Defend_B","Zap","Dualcast","Fusion+1","Loop","Beam Cell","Gash","Compile Driver","Gash","Fission+1","Biased Cognition","Gash+1","Gash","Reinforced Body+1","Gash+1","Self Repair","Sunder+1","Echo Form"],"special_seed":0,"relics":["Cracked Core","Centennial Puzzle","Pear","Tiny Chest","Smiling Mask","Lizard Tail","Potion Belt","Omamori"],"potions_floor_usage":[19],"damage_taken":[{"damage":0.0,"enemies":"Cultist","floor":1.0,"turns":3.0},{"damage":15.0,"enemies":"Jaw Worm","floor":8.0,"turns":4.0},{"damage":31.0,"enemies":"Lagavulin","floor":10.0,"turns":8.0},{"damage":1.0,"enemies":"2 Louse","floor":12.0,"turns":3.0},{"damage":17.0,"enemies":"Looter","floor":13.0,"turns":3.0},{"damage":0.0,"enemies":"Blue Slaver","floor":14.0,"turns":3.0},{"damage":41.0,"enemies":"Hexaghost","floor":16.0,"turns":8.0},{"damage":38,"enemies":"3 Byrds","floor":18,"turns":5},{"damage":3,"enemies":"2 Thieves","floor":19,"turns":4},{"damage":50,"enemies":"Shelled Parasite and Fungi","floor":20,"turns":5},{"damage":15,"enemies":"Snecko","floor":21,"turns":5},{"damage":29,"enemies":"Centurion and Healer","floor":28,"turns":4},{"damage":43,"enemies":"Sentry and Sphere","floor":31,"turns":3}],"seed_played":"4336549281489076226","potions_obtained":[{"floor":1.0,"key":"LiquidBronze"},{"floor":10.0,"key":"GamblersBrew"},{"floor":13.0,"key":"Swift Potion"},{"floor":18,"key":"SkillPotion"}],"is_trial":false,"path_per_floor":["M","?","?","?","$","R","T","M","T","E","R","M","M","M","R","B",null,"M","M","M","M","T","R","$","R","T","R","M","R","?","M"],"character_chosen":"DEFECT","items_purchased":["Self Repair","Sunder"],"campfire_rested":4,"item_purchase_floors":[24,24],"current_hp_per_floor":[68,53,46,46,46,46,56,41,41,10,35,34,17,17,42,1,64,26,23,20,5,5,30,30,30,30,30,8,33,33,0],"gold":212,"neow_bonus":"REMOVE_CARD","is_prod":false,"is_daily":false,"chose_seed":false,"campfire_upgraded":3,"win_rate":0,"timestamp":1550270267,"path_taken":["M","?","?","?","$","R","?","M","T","E","R","M","?","M","R","BOSS","M","?","M","M","?","R","$","R","T","R","M","R","?","M"],"build_version":"2019-01-23","purchased_purges":2,"victory":false,"max_hp_per_floor":[75,75,75,75,75,75,85,85,85,85,85,85,85,85,85,85,85,85,85,85,85,85,85,85,85,85,85,85,85,85,85],"card_choices":[{"not_picked":["Hologram","Auto Shields"],"picked":"Fusion","floor":1.0},{"not_picked":["Static Discharge","Go for the Eyes"],"picked":"Beam Cell","floor":8.0},{"not_picked":["Leap","Storm"],"picked":"Gash","floor":10.0},{"not_picked":["Cold Snap","Hologram"],"picked":"Compile Driver","floor":12.0},{"not_picked":["Reprogram","Steam"],"picked":"Gash","floor":13.0},{"not_picked":["Cold Snap","Steam"],"picked":"Fission","floor":14.0},{"not_picked":["Machine Learning","Hyperbeam"],"picked":"Biased Cognition","floor":16.0},{"not_picked":["Hologram","Turbo"],"picked":"Gash+1","floor":18},{"not_picked":["Darkness+1","Redo"],"picked":"Gash","floor":19},{"not_picked":["Go for the Eyes","Cold Snap"],"picked":"Reinforced Body+1","floor":20},{"not_picked":["Hello World+1","Ball Lightning"],"picked":"Gash+1","floor":21},{"not_picked":["Beam Cell","Gash"],"picked":"Echo Form","floor":28}],"player_experience":761207,"relics_obtained":[{"floor":7.0,"key":"Pear"},{"floor":9.0,"key":"Tiny Chest"},{"floor":10.0,"key":"Smiling Mask"},{"floor":22,"key":"Potion Belt"},{"floor":26,"key":"Omamori"}],"event_choices":[{"damage_healed":0.0,"max_hp_gain":0.0,"max_hp_loss":0.0,"gold_gain":0.0,"event_name":"Shining Light","player_choice":"Entered Light","floor":2.0,"gold_loss":0.0,"damage_taken":15.0,"cards_upgraded":["Defend_B","Strike_B"]},{"damage_healed":0.0,"max_hp_gain":0.0,"max_hp_loss":0.0,"gold_gain":0.0,"event_name":"Scrap Ooze","player_choice":"Success","floor":3.0,"gold_loss":0.0,"damage_taken":7.0,"relics_obtained":["Centennial Puzzle"]},{"damage_healed":0.0,"max_hp_gain":0.0,"max_hp_loss":0.0,"gold_gain":0.0,"cards_transformed":["Strike_B"],"event_name":"Living Wall","player_choice":"Change","floor":4.0,"gold_loss":0.0,"damage_taken":0.0,"cards_obtained":["Loop"]},{"cards_removed":["Defend_B"],"damage_healed":0,"gold_gain":0,"player_choice":"Elegance","damage_taken":0,"max_hp_gain":0,"max_hp_loss":0,"event_name":"Back to Basics","floor":30,"gold_loss":0}],"is_beta":false,"boss_relics":[{"not_picked":["Pandora\u0027s Box","Tiny House"],"picked":"Lizard Tail"}],"items_purged_floors":[5,24],"is_endless":false,"potions_floor_spawned":[1,10,13,18],"killed_by":"Sentry and Sphere","ascension_level":11}