{"gold_per_floor":[365,515,111,125,139,139,39,52,52,52,87,87,87,106,106,178,178,190,190,210,210,222,222,222,222,222,222,234,253,128,128,128,200,200,215,215,215,229,275,304,0,0,0,0,0,0,0,15,15,15],"floor_reached":50,"playtime":2250,"items_purged":["Decay","Doubt","Regret"],"score":839,"play_id":"21387420-ffe2-43ae-a8de-7d5fa469bd82","local_time":"20191010231152","is_ascension_mode":true,"campfire_choices":[{"data":"Bash","floor":6,"key":"SMITH"},{"data":"Rampage","floor":13,"key":"SMITH"},{"data":"Shockwave","floor":15,"key":"SMITH"},{"data":"Whirlwind","floor":23,"key":"SMITH"},{"data":"Flame Barrier","floor":25,"key":"SMITH"},{"data":"Metallicize","floor":27,"key":"SMITH"},{"data":"Immolate","floor":32,"key":"SMITH"},{"data":"True Grit","floor":42,"key":"SMITH"},{"data":"Impervious","floor":44,"key":"SMITH"},{"data":"Uppercut","floor":46,"key":"SMITH"},{"data":"Immolate","floor":49,"key":"SMITH"}],"neow_cost":"CURSE","seed_source_timestamp":9534972655062,"circlet_count":0,"master_deck":["AscendersBane","Strike_R","Strike_R","Strike_R","Strike_R","Defend_R","Defend_R","Defend_R","Bash+1","Rampage+1","Anger","Flame Barrier+1","Shockwave+1","Impervious+1","Metallicize+1","Reaper","Feel No Pain","Whirlwind+1","Disarm","Immolate+1","Shrug It Off","Immolate+1","Uppercut+1","Metallicize","Headbutt","True Grit+1","Injury","Master of Strategy","Dark Shackles","Parasite"],"relics":["Burning Blood","Singing Bowl","HornCleat","Calipers","Question Card","Cursed Key","Mercury Hourglass","Snecko Eye","Thread and Needle","Vajra","Chemical X","White Beast Statue"],"potions_floor_usage":[11,16,33,39,50,50],"damage_taken":[{"damage":3,"enemies":"Small Slimes","floor":1,"turns":7},{"damage":12,"enemies":"Jaw Worm","floor":4,"turns":2},{"damage":1,"enemies":"Cultist","floor":5,"turns":4},{"damage":6,"enemies":"Blue Slaver","floor":8,"turns":5},{"damage":16,"enemies":"3 Sentries","floor":11,"turns":6},{"damage":11,"enemies":"Large Slime","floor":14,"turns":5},{"damage":45,"enemies":"Slime Boss","floor":16,"turns":13},{"damage":0,"enemies":"3 Byrds","floor":18,"turns":5},{"damage":28,"enemies":"Chosen","floor":20,"turns":7},{"damage":2,"enemies":"Snecko","floor":22,"turns":7},{"damage":1,"enemies":"Snake Plant","floor":28,"turns":4},{"damage":22,"enemies":"Sentry and Sphere","floor":29,"turns":8},{"damage":86,"enemies":"Collector","floor":33,"turns":13},{"damage":12,"enemies":"Orb Walker","floor":35,"turns":5},{"damage":2,"enemies":"3 Darklings","floor":38,"turns":4},{"damage":10,"enemies":"2 Orb Walkers","floor":39,"turns":3},{"damage":3,"enemies":"Reptomancer","floor":40,"turns":5},{"damage":17,"enemies":"Writhing Mass","floor":48,"turns":6},{"damage":95,"enemies":"Donu and Deca","floor":50,"turns":9}],"seed_played":"-6894113988124257994","potions_obtained":[{"floor":1,"key":"SteroidPotion"},{"floor":5,"key":"Explosive Potion"},{"floor":11,"key":"EssenceOfSteel"},{"floor":16,"key":"FairyPotion"},{"floor":33,"key":"SpeedPotion"},{"floor":35,"key":"Explosive Potion"}],"is_trial":false,"path_per_floor":["M","?","$","M","M","R","$","M","T","$","E","T","R","M","R","B",null,"M","$","M","?","M","R","?","R","T","R","M","M","$","T","R","B",null,"M","?","?","M","?","E","$","R","T","R","?","R","$","M","R","B"],"character_chosen":"IRONCLAD","items_purchased":["Singing Bowl","Anger","Chemical X","True Grit","ElixirPotion"],"campfire_rested":0,"item_purchase_floors":[3,3,41,41,41],"current_hp_per_floor":[71,71,71,65,72,72,72,72,72,72,62,62,62,57,57,18,62,77,77,63,63,72,72,72,72,72,72,77,61,61,61,61,27,66,65,65,65,79,77,83,83,83,83,83,75,75,75,66,66,0],"gold":15,"neow_bonus":"TWO_FIFTY_GOLD","is_prod":false,"is_daily":false,"chose_seed":false,"campfire_upgraded":11,"win_rate":0,"timestamp":1570763512,"path_taken":["M","?","$","M","M","R","$","M","T","$","E","?","R","M","R","BOSS","M","$","?","?","M","R","?","R","T","R","M","M","$","?","R","BOSS","M","?","?","?","?","E","$","R","T","R","?","R","?","?","R","BOSS"],"build_version":"2019-10-10","purchased_purges":3,"victory":false,"max_hp_per_floor":[75,75,75,75,77,77,77,77,77,77,77,77,77,77,77,77,77,77,77,79,79,79,79,79,79,79,79,79,79,79,79,79,79,79,79,79,79,79,81,83,83,83,83,83,85,85,85,87,87,87],"card_choices":[{"not_picked":["Flex","Clash"],"picked":"Rampage","floor":1},{"not_picked":["Whirlwind","Sword Boomerang"],"picked":"Flame Barrier","floor":4},{"not_picked":["Havoc","Sword Boomerang","Burning Pact"],"picked":"Singing Bowl","floor":5},{"not_picked":["Inflame","Clash"],"picked":"Shockwave","floor":8},{"not_picked":["Iron Wave","Bludgeon"],"picked":"Impervious","floor":11},{"not_picked":["Armaments","Thunderclap","Clash"],"picked":"Metallicize","floor":14},{"not_picked":["Immolate","Barricade","Juggernaut"],"picked":"Reaper","floor":16},{"not_picked":["Seeing Red","Pommel Strike","Armaments"],"picked":"Feel No Pain","floor":18},{"not_picked":["Searing Blow","Clothesline","Thunderclap","Perfected Strike"],"picked":"Singing Bowl","floor":20},{"not_picked":["Iron Wave","Anger","Armaments"],"picked":"Disarm","floor":22},{"not_picked":["Iron Wave","Body Slam","Power Through+1"],"picked":"Immolate","floor":28},{"not_picked":["Flex","Dual Wield","Thunderclap"],"picked":"Shrug It Off","floor":29},{"not_picked":["Exhume","Barricade","Dark Embrace"],"picked":"Immolate","floor":33},{"not_picked":["Clash","Flex","Warcry"],"picked":"Uppercut","floor":35},{"not_picked":["Anger+1","Twin Strike","Thunderclap+1"],"picked":"Headbutt","floor":38},{"not_picked":["Cleave","Intimidate","Flex","Headbutt"],"picked":"Singing Bowl","floor":39},{"not_picked":["Power Through+1","Burning Pact","Seeing Red+1","Iron Wave"],"picked":"Singing Bowl","floor":40},{"not_picked":["Chrysalis","Trip","Finesse"],"picked":"Master of Strategy","floor":45},{"not_picked":["Enlightenment","Secret Weapon","Dramatic Entrance"],"picked":"Dark Shackles","floor":45},{"not_picked":["Madness","Discovery","Violence","Blind"],"picked":"Singing Bowl","floor":45},{"not_picked":["Wild Strike+1","Armaments","Fire Breathing","Sentinel+1"],"picked":"Singing Bowl","floor":48}],"player_experience":498869,"relics_obtained":[{"floor":9,"key":"HornCleat"},{"floor":11,"key":"Calipers"},{"floor":12,"key":"Question Card"},{"floor":26,"key":"Mercury Hourglass"},{"floor":39,"key":"Thread and Needle"},{"floor":40,"key":"Vajra"},{"floor":43,"key":"White Beast Statue"}],"event_choices":[{"damage_healed":0,"gold_gain":150,"player_choice":"AGREE","damage_taken":0,"max_hp_gain":0,"max_hp_loss":0,"event_name":"Liars Game","floor":2,"gold_loss":0,"cards_obtained":["Doubt"]},{"damage_healed":0,"gold_gain":0,"player_choice":"Read","damage_taken":0,"max_hp_gain":0,"max_hp_loss":0,"event_name":"The Library","floor":21,"gold_loss":0,"cards_obtained":["Whirlwind"]},{"damage_healed":0,"gold_gain":0,"player_choice":"Ignored","damage_taken":0,"max_hp_gain":0,"max_hp_loss":0,"event_name":"Vampires","floor":24,"gold_loss":0},{"cards_removed":["Defend_R"],"damage_healed":0,"gold_gain":0,"player_choice":"Removed Skill","damage_taken":0,"max_hp_gain":0,"max_hp_loss":0,"event_name":"Falling","floor":36,"gold_loss":0},{"damage_healed":0,"gold_gain":0,"cards_transformed":["Strike_R"],"player_choice":"Transformed","damage_taken":0,"max_hp_gain":0,"max_hp_loss":0,"event_name":"Transmorgrifier","floor":37,"gold_loss":0,"cards_obtained":["Metallicize"]},{"damage_healed":0,"gold_gain":0,"player_choice":"Fight","damage_taken":0,"max_hp_gain":0,"max_hp_loss":0,"event_name":"Mysterious Sphere","floor":39,"gold_loss":0},{"damage_healed":0,"gold_gain":0,"player_choice":"Memory 3","damage_taken":10,"max_hp_gain":0,"max_hp_loss":0,"event_name":"SensoryStone","floor":45,"gold_loss":0}],"is_beta":true,"boss_relics":[{"not_picked":["Mark of Pain","Calling Bell"],"picked":"Cursed Key"},{"not_picked":["SacredBark","Coffee Dripper"],"picked":"Snecko Eye"}],"items_purged_floors":[3,7,30],"is_endless":false,"potions_floor_spawned":[1,5,11,16,22,28,29,33,35,38,48],"killed_by":"Donu and Deca","ascension_level":16}