{"gold_per_floor":[117,117,132,132,146,146,156,156,180,206,206,221,221,70,70,149,149,162,174,184,198,198,198,217,217,217,217,227,238,63,63,63,63],"floor_reached":33,"playtime":1527,"items_purged":["Strike_B","Defend_B"],"score":436,"play_id":"b9875d64-f2cc-4ebc-baec-8f7422dd6bd7","local_time":"20180930132307","is_ascension_mode":true,"campfire_choices":[{"data":"Streamline","floor":6,"key":"SMITH"},{"data":"White Noise","floor":8,"key":"SMITH"},{"floor":11,"key":"REST"},{"data":"Zap","floor":13,"key":"SMITH"},{"data":"Hologram","floor":15,"key":"SMITH"},{"data":"Chill","floor":23,"key":"SMITH"},{"data":"Fission","floor":25,"key":"SMITH"},{"data":"RitualDagger","floor":27,"key":"SMITH"},{"floor":32,"key":"REST"}],"neow_cost":"NONE","seed_source_timestamp":317777680224083,"circlet_count":0,"master_deck":["Defend_B","Defend_B","Zap+1","Dualcast","AscendersBane","Sweeping Beam","Ball Lightning","Streamline+1","White Noise+1","Rip and Tear","Genetic Algorithm","Conserve Battery","Hologram+1","Core Surge","Gash+1","Genetic Algorithm+1","Steam+1","Cold Snap+1","Undo","Aggregate","Chill+1","RitualDagger+1","Fission+1","Coolheaded","Chill","Stack"],"relics":["Cracked Core","Potion Belt","Lantern","DataDisk","Astrolabe","Matryoshka"],"potions_floor_usage":[7,7,16,24,33,33],"damage_taken":[{"damage":3,"enemies":"2 Louse","floor":1,"turns":2},{"damage":0,"enemies":"Cultist","floor":3,"turns":4},{"damage":2,"enemies":"Jaw Worm","floor":5,"turns":3},{"damage":14,"enemies":"Exordium Thugs","floor":7,"turns":3},{"damage":31,"enemies":"Gremlin Nob","floor":10,"turns":4},{"damage":6,"enemies":"Blue Slaver","floor":12,"turns":3},{"damage":4,"enemies":"The Guardian","floor":16,"turns":8},{"damage":0,"enemies":"Chosen","floor":18,"turns":2},{"damage":7,"enemies":"3 Byrds","floor":19,"turns":6},{"damage":15,"enemies":"Snake Plant","floor":20,"turns":4},{"damage":12,"enemies":"Chosen and Byrds","floor":21,"turns":5},{"damage":0,"enemies":"Centurion and Healer","floor":24,"turns":8},{"damage":0,"enemies":"Snecko","floor":28,"turns":5},{"damage":13,"enemies":"Snake Plant","floor":29,"turns":4},{"damage":57,"enemies":"Champ","floor":33,"turns":9}],"seed_played":"1291118595074627504","potions_obtained":[{"floor":3,"key":"SneckoOil"},{"floor":5,"key":"PowerPotion"},{"floor":10,"key":"FocusPotion"},{"floor":12,"key":"Explosive Potion"},{"floor":24,"key":"FocusPotion"},{"floor":29,"key":"SteroidPotion"}],"is_trial":false,"path_per_floor":["M","?","M","?","M","R","M","R","T","E","R","M","R","$","R","B",null,"M","M","M","M","?","R","M","R","T","R","M","M","$","$","R"],"character_chosen":"DEFECT","items_purchased":["Conserve Battery","Hologram","PowerPotion","Stack"],"campfire_rested":2,"item_purchase_floors":[14,14,30,30],"current_hp_per_floor":[61,61,61,61,59,59,45,45,45,14,35,29,29,29,29,25,60,60,53,38,33,27,27,27,27,27,27,27,14,14,14,35,0],"gold":63,"neow_bonus":"RANDOM_COMMON_RELIC","is_prod":false,"is_daily":false,"chose_seed":false,"campfire_upgraded":7,"win_rate":0,"timestamp":1538310187,"path_taken":["M","?","M","?","M","R","?","R","T","E","R","M","R","$","R","BOSS","M","M","M","M","?","R","M","R","T","R","M","M","?","$","R","BOSS"],"build_version":"2018-09-27","purchased_purges":2,"victory":false,"max_hp_per_floor":[71,71,71,71,71,71,71,71,71,71,71,71,71,71,71,71,71,71,71,71,71,71,71,71,71,71,71,71,71,71,71,71,71],"card_choices":[{"not_picked":["Gash","Ball Lightning"],"picked":"Sweeping Beam","floor":1},{"not_picked":["Go for the Eyes","Leap"],"picked":"Ball Lightning","floor":3},{"not_picked":["Chaos","Compile Driver"],"picked":"Streamline","floor":5},{"not_picked":["Turbo","Barrage"],"picked":"White Noise","floor":7},{"not_picked":["Double Energy","Steam Power"],"picked":"Rip and Tear","floor":10},{"not_picked":["Amplify","Barrage"],"picked":"Genetic Algorithm","floor":12},{"not_picked":["Biased Cognition","Reboot"],"picked":"Core Surge","floor":16},{"not_picked":["Go for the Eyes","Tempest"],"picked":"Cold Snap+1","floor":18},{"not_picked":["Reprogram+1","Blizzard"],"picked":"Undo","floor":19},{"not_picked":["Gash","Coolheaded"],"picked":"Aggregate","floor":20},{"not_picked":["Leap","Compile Driver"],"picked":"Chill","floor":21},{"not_picked":["Double Energy+1","Consume+1"],"picked":"Fission","floor":24},{"not_picked":["Hello World","Sunder"],"picked":"Coolheaded","floor":28},{"not_picked":["Reinforced Body","Turbo"],"picked":"Chill","floor":29}],"player_experience":787642,"relics_obtained":[{"floor":9,"key":"Lantern"},{"floor":10,"key":"DataDisk"},{"floor":26,"key":"Matryoshka"}],"event_choices":[{"event_name":"Bonfire Elementals","player_choice":"BASIC","floor":2,"damage_taken":0},{"event_name":"The Cleric","player_choice":"Leave","floor":4,"damage_taken":0},{"event_name":"Nest","player_choice":"Joined the Cult","floor":22,"damage_taken":0}],"is_beta":false,"boss_relics":[{"not_picked":["White Beast Statue","Ectoplasm"],"picked":"Astrolabe"}],"items_purged_floors":[14,30],"is_endless":false,"potions_floor_spawned":[3,5,10,12,24,29],"killed_by":"Champ","ascension_level":15}