{"gold_per_floor":[118,118,137,287,368,368,388,422,459,224,237,237,95,123,123,198,198,209,219,144,156,0,0,0,0,23,73,91,91,91,2,2,78,78,91,0,13,13,28,28,47,47,47,8,35,54,54,67,67,67,67,67,67,10,39,39],"floor_reached":56,"playtime":3931,"items_purged":["Doubt","Strike_B"],"score":1741,"play_id":"7d36e89f-e31f-483b-8765-8b580b4aaea0","local_time":"20190226015542","is_ascension_mode":true,"campfire_choices":[{"data":"Defragment","floor":6.0,"key":"SMITH"},{"floor":12.0,"key":"REST"},{"data":"Conserve Battery","floor":15.0,"key":"SMITH"},{"floor":23.0,"key":"REST"},{"floor":25.0,"key":"REST"},{"data":"Recycle","floor":30.0,"key":"SMITH"},{"floor":32.0,"key":"REST"},{"floor":40.0,"key":"RECALL"},{"floor":42.0,"key":"REST"},{"floor":47.0,"key":"REST"},{"floor":49.0,"key":"REST"},{"floor":53.0,"key":"REST"}],"neow_cost":"TEN_PERCENT_HP_LOSS","seed_source_timestamp":823374057764148,"circlet_count":0,"master_deck":["AscendersBane","Defend_B","Defend_B","Defend_B","Defend_B","Hello World","Ball Lightning","Steam","Defragment+1","Cold Snap","Self Repair+1","Conserve Battery+1","Conserve Battery","Static Discharge+1","Compile Driver","Echo Form+1","Echo Form+1","Hyperbeam+1","Beam Cell+1","Recycle+1","Coolheaded","Glacier","Heatsinks+1","Echo Form+1","Stack","Fusion+1","Transmutation","Cold Snap","Conserve Battery+1","Self Repair+1","Gash","Buffer+1","Coolheaded","Cold Snap","Coolheaded"],"special_seed":0,"relics":["Cracked Core","Frozen Egg 2","MawBank","Lantern","Blue Candle","Astrolabe","Orichalcum","Fusion Hammer","Red Mask","Strawberry","DataDisk"],"potions_floor_usage":[],"damage_taken":[{"damage":10.0,"enemies":"Small Slimes","floor":1.0,"turns":3.0},{"damage":1.0,"enemies":"Jaw Worm","floor":3.0,"turns":3.0},{"damage":1.0,"enemies":"Cultist","floor":7.0,"turns":4.0},{"damage":21.0,"enemies":"Lagavulin","floor":8.0,"turns":5.0},{"damage":3.0,"enemies":"Blue Slaver","floor":11.0,"turns":4.0},{"damage":4.0,"enemies":"3 Sentries","floor":14.0,"turns":6.0},{"damage":28.0,"enemies":"Slime Boss","floor":16.0,"turns":7.0},{"damage":12.0,"enemies":"2 Thieves","floor":18.0,"turns":2.0},{"damage":21.0,"enemies":"Shell Parasite","floor":19.0,"turns":2.0},{"damage":15.0,"enemies":"3 Cultists","floor":21.0,"turns":4.0},{"damage":22.0,"enemies":"Snecko","floor":28.0,"turns":5.0},{"damage":25.0,"enemies":"Automaton","floor":33.0,"turns":13.0},{"damage":48.0,"enemies":"3 Darklings","floor":35.0,"turns":2.0},{"damage":1.0,"enemies":"3 Shapes","floor":37.0,"turns":5.0},{"damage":12.0,"enemies":"Sphere and 2 Shapes","floor":39.0,"turns":5.0},{"damage":26.0,"enemies":"Spire Growth","floor":41.0,"turns":7.0},{"damage":25.0,"enemies":"Nemesis","floor":45.0,"turns":9.0},{"damage":33.0,"enemies":"4 Shapes","floor":46.0,"turns":11.0},{"damage":10.0,"enemies":"Maw","floor":48.0,"turns":9.0},{"damage":47.0,"enemies":"Donu and Deca","floor":50.0,"turns":15.0},{"damage":29.0,"enemies":"Time Eater","floor":51.0,"turns":11.0},{"damage":58.0,"enemies":"Shield and Spear","floor":55.0,"turns":14.0},{"damage":80,"enemies":"The Heart","floor":56,"turns":3}],"seed_played":"498822736771653785","potions_obtained":[{"floor":3.0,"key":"Ancient Potion"},{"floor":8.0,"key":"Swift Potion"},{"floor":14.0,"key":"Weak Potion"},{"floor":18.0,"key":"Swift Potion"},{"floor":21.0,"key":"Poison Potion"},{"floor":33.0,"key":"LiquidBronze"},{"floor":37.0,"key":"PowerPotion"},{"floor":41.0,"key":"Fruit Juice"},{"floor":45.0,"key":"PowerPotion"},{"floor":46.0,"key":"Weak Potion"},{"floor":48.0,"key":"Fire Potion"}],"is_trial":false,"path_per_floor":["M","?","M","?","T","R","M","E","T","$","M","R","$","E","R","B",null,"M","M","?","M","?","R","$","R","T","?","M","?","R","$","R","B",null,"M","?","M","?","M","R","M","R","T","$","E","M","R","M","R","B","B",null,"R","$","E","B"],"character_chosen":"DEFECT","items_purchased":["Cold Snap","Self Repair+1","Conserve Battery","Static Discharge+1","Heatsinks+1","Self Repair+1","Cold Snap"],"campfire_rested":8,"item_purchase_floors":[10,10,10,13,31,44,54],"current_hp_per_floor":[54,54,53,53,53,53,52,31,31,31,38,57,57,63,63,45,59,47,26,26,21,21,40,40,59,59,53,41,41,41,41,60,45,59,21,21,40,40,48,48,42,61,61,61,71,71,71,71,71,54,30,65,76,76,48,0],"gold":39,"neow_bonus":"TRANSFORM_TWO_CARDS","is_prod":false,"is_daily":false,"chose_seed":false,"campfire_upgraded":3,"win_rate":0,"timestamp":1551142542,"path_taken":["M","?","M","?","?","R","M","E","T","$","M","R","?","E","R","BOSS","M","M","?","M","?","R","?","R","T","?","?","?","R","?","R","BOSS","M","?","M","?","M","R","M","R","T","?","E","M","R","M","R","BOSS","BOSS","R","$","E","BOSS"],"build_version":"2019-01-23","purchased_purges":2,"victory":false,"max_hp_per_floor":[64,64,64,64,64,64,64,64,64,64,64,64,64,64,64,64,64,64,64,64,64,64,64,64,64,64,64,64,64,64,64,64,64,64,64,64,64,64,64,64,64,64,64,64,71,71,71,71,71,71,76,76,76,76,76,76],"card_choices":[{"not_picked":["Sweeping Beam","Redo"],"picked":"Steam","floor":1.0},{"not_picked":["Reinforced Body","Cold Snap"],"picked":"Defragment","floor":3.0},{"not_picked":["Hologram","Gash"],"picked":"Sweeping Beam","floor":7.0},{"not_picked":["Blizzard","Redo","Aggregate"],"picked":"SKIP","floor":8.0},{"not_picked":["Amplify","Auto Shields"],"picked":"Conserve Battery","floor":11.0},{"not_picked":["Consume","Barrage"],"picked":"Compile Driver","floor":14.0},{"not_picked":["Reboot","Thunder Strike"],"picked":"Echo Form+1","floor":16.0},{"not_picked":["Compile Driver","Barrage"],"picked":"Recycle","floor":18.0},{"not_picked":["Steam","Stack"],"picked":"Coolheaded","floor":19.0},{"not_picked":["Beam Cell","Streamline","Darkness"],"picked":"SKIP","floor":21.0},{"not_picked":["Rebound+1","Gash"],"picked":"Glacier","floor":28.0},{"not_picked":["Amplify","Core Surge"],"picked":"Echo Form+1","floor":33.0},{"not_picked":["Steam","Recycle+1"],"picked":"Stack","floor":35.0},{"not_picked":["Streamline","Force Field"],"picked":"Fusion+1","floor":37.0},{"not_picked":["Panacea","PanicButton"],"picked":"Transmutation","floor":38.0},{"not_picked":["Go for the Eyes","Force Field"],"picked":"Cold Snap","floor":39.0},{"not_picked":["Fusion+1","Gash"],"picked":"Conserve Battery+1","floor":41.0},{"not_picked":["Barrage","Hologram"],"picked":"Gash","floor":45.0},{"not_picked":["Steam","Leap"],"picked":"Buffer+1","floor":46.0},{"not_picked":["Steam+1","Hologram"],"picked":"Coolheaded","floor":48.0},{"not_picked":["Sweeping Beam","Stack"],"picked":"Coolheaded","floor":55.0}],"player_experience":668686,"relics_obtained":[{"floor":5.0,"key":"Frozen Egg 2"},{"floor":8.0,"key":"MawBank"},{"floor":9.0,"key":"Lantern"},{"floor":14.0,"key":"Blue Candle"},{"floor":26.0,"key":"Orichalcum"},{"floor":45.0,"key":"Strawberry"},{"floor":55.0,"key":"DataDisk"}],"event_choices":[{"damage_healed":0.0,"max_hp_gain":0.0,"max_hp_loss":0.0,"gold_gain":0.0,"cards_transformed":["Strike_B"],"event_name":"Living Wall","player_choice":"Change","floor":2.0,"gold_loss":0.0,"damage_taken":0.0,"cards_obtained":["Lockon"]},{"damage_healed":0.0,"max_hp_gain":0.0,"max_hp_loss":0.0,"gold_gain":150.0,"event_name":"Liars Game","player_choice":"AGREE","floor":4.0,"gold_loss":0.0,"damage_taken":0.0,"cards_obtained":["Doubt"]},{"cards_removed":["Dualcast"],"damage_healed":0.0,"max_hp_gain":0.0,"max_hp_loss":0.0,"gold_gain":0.0,"event_name":"Beggar","player_choice":"Gave Gold","floor":20.0,"gold_loss":75.0,"damage_taken":0.0},{"damage_healed":0.0,"max_hp_gain":0.0,"max_hp_loss":0.0,"gold_gain":0.0,"event_name":"Masked Bandits","player_choice":"Paid Fearfully","floor":22.0,"gold_loss":156.0,"damage_taken":0.0},{"damage_healed":0.0,"max_hp_gain":0.0,"max_hp_loss":0.0,"gold_gain":50.0,"event_name":"FaceTrader","player_choice":"Touch","floor":27.0,"gold_loss":0.0,"damage_taken":6.0},{"damage_healed":0.0,"max_hp_gain":0.0,"max_hp_loss":0.0,"gold_gain":0.0,"event_name":"Cursed Tome","player_choice":"Ignored","floor":29.0,"gold_loss":0.0,"damage_taken":0.0},{"damage_healed":0.0,"max_hp_gain":0.0,"max_hp_loss":0.0,"gold_gain":0.0,"event_name":"Tomb of Lord Red Mask","player_choice":"Paid","floor":36.0,"gold_loss":91.0,"damage_taken":0.0,"relics_obtained":["Red Mask"]},{"damage_healed":0.0,"max_hp_gain":0.0,"max_hp_loss":0.0,"gold_gain":0.0,"event_name":"SensoryStone","player_choice":"Memory 1","floor":38.0,"gold_loss":0.0,"damage_taken":0.0}],"is_beta":false,"boss_relics":[{"not_picked":["Runic Dome","Calling Bell"],"picked":"Astrolabe"},{"not_picked":["Busted Crown","Nuclear Battery"],"picked":"Fusion Hammer"}],"items_purged_floors":[10,13],"is_endless":false,"potions_floor_spawned":[3,8,14,18,21,33,37,41,45,46,48],"killed_by":"The Heart","ascension_level":20}