{"gold_per_floor":[17,31,51,12,30,30,65,65,65,65,115,131,131,141,141,141],"floor_reached":16,"playtime":547,"items_purged":[],"score":203,"play_id":"10362913-b579-4661-9e9c-257f64551c9b","local_time":"20191006235124","is_ascension_mode":true,"campfire_choices":[{"floor":6.0,"key":"REST"},{"data":"Genetic Algorithm","floor":8.0,"key":"SMITH"},{"data":"Dualcast","floor":15,"key":"SMITH"}],"neow_cost":"NO_GOLD","seed_source_timestamp":26669276667900,"circlet_count":0,"master_deck":["AscendersBane","Strike_B","Strike_B","Strike_B","Defend_B","Defend_B","Defend_B","Zap","Dualcast+1","Chill","Coolheaded+1","Sweeping Beam","Cold Snap","Genetic Algorithm+1","Hologram","Barrage"],"special_seed":0,"relics":["Cracked Core","Juzu Bracelet","Art of War","Centennial Puzzle"],"potions_floor_usage":[],"damage_taken":[{"damage":1.0,"enemies":"Cultist","floor":1.0,"turns":3.0},{"damage":3.0,"enemies":"Small Slimes","floor":2.0,"turns":3.0},{"damage":4.0,"enemies":"Jaw Worm","floor":3.0,"turns":4.0},{"damage":16.0,"enemies":"Exordium Thugs","floor":4.0,"turns":5.0},{"damage":2.0,"enemies":"Looter","floor":5.0,"turns":4.0},{"damage":2.0,"enemies":"3 Sentries","floor":7.0,"turns":8.0},{"damage":1,"enemies":"2 Fungi Beasts","floor":12,"turns":4},{"damage":6,"enemies":"3 Louse","floor":14,"turns":4},{"damage":70,"enemies":"Hexaghost","floor":16,"turns":11}],"seed_played":"-4345669921146581426","potions_obtained":[{"floor":3.0,"key":"LiquidBronze"},{"floor":4.0,"key":"SteroidPotion"},{"floor":5.0,"key":"Regen Potion"}],"is_trial":false,"path_per_floor":["M","M","M","M","M","R","E","R","T","?","T","M","?","M","R","B"],"character_chosen":"DEFECT","items_purchased":[],"campfire_rested":1,"item_purchase_floors":[],"current_hp_per_floor":[63,60,56,40,38,59,71,71,71,71,71,70,70,64,64,0],"gold":141,"neow_bonus":"REMOVE_TWO","is_prod":false,"is_daily":false,"chose_seed":false,"campfire_upgraded":2,"win_rate":0,"timestamp":1570431084,"path_taken":["M","M","?","M","M","R","E","R","T","?","?","M","?","M","R","BOSS"],"build_version":"2019-07-17","purchased_purges":0,"victory":false,"max_hp_per_floor":[71,71,71,71,71,71,71,71,71,71,71,71,71,71,71,71],"card_choices":[{"not_picked":["Turbo","Recycle","Redo"],"picked":"SKIP","floor":1.0},{"not_picked":["Barrage","Streamline"],"picked":"Chill","floor":2.0},{"not_picked":["Stack","Chill"],"picked":"Coolheaded","floor":3.0},{"not_picked":["Rebound","Streamline"],"picked":"Sweeping Beam","floor":4.0},{"not_picked":["Thunder Strike","Turbo"],"picked":"Cold Snap","floor":5.0},{"not_picked":["Ball Lightning","Turbo"],"picked":"Genetic Algorithm","floor":7.0},{"not_picked":["Sweeping Beam","Compile Driver"],"picked":"Hologram","floor":12},{"not_picked":["Beam Cell","Chill"],"picked":"Barrage","floor":14}],"player_experience":682659,"relics_obtained":[{"floor":7.0,"key":"Juzu Bracelet"},{"floor":9.0,"key":"Art of War"},{"floor":11,"key":"Centennial Puzzle"}],"event_choices":[{"damage_healed":0,"gold_gain":0,"player_choice":"Searched \u00270\u0027 times","damage_taken":0,"max_hp_gain":0,"max_hp_loss":0,"event_name":"Dead Adventurer","floor":10,"gold_loss":0},{"damage_healed":0,"gold_gain":0,"player_choice":"Grow","damage_taken":0,"max_hp_gain":0,"max_hp_loss":0,"event_name":"Living Wall","floor":13,"gold_loss":0,"cards_upgraded":["Coolheaded"]}],"is_beta":false,"boss_relics":[],"items_purged_floors":[],"is_endless":false,"potions_floor_spawned":[3,4,5],"killed_by":"Hexaghost","ascension_level":19}