{"gold_per_floor":[117,117,131,141,141,166,166,200,200,200,231,22,34,47,47,124,124,143,63,63,338,97,97,108,125,125,142,142,175,25,44,44,44],"floor_reached":33,"playtime":1537,"items_purged":["Strike_R","Regret","Writhe"],"score":581,"play_id":"d66d5657-7346-4433-8b41-a3cb48506613","local_time":"20190829044934","is_ascension_mode":true,"campfire_choices":[{"data":"Offering","floor":7,"key":"SMITH"},{"floor":10,"key":"REST"},{"data":"Armaments","floor":15,"key":"SMITH"},{"data":"Battle Trance","floor":23,"key":"SMITH"},{"floor":32,"key":"REST"}],"neow_cost":"NONE","seed_source_timestamp":1294268405863200,"circlet_count":0,"master_deck":["AscendersBane","Defend_R","Defend_R","Defend_R","Defend_R","Bash","Fire Breathing","Shrug It Off","Offering+1","Headbutt","Power Through","Iron Wave","Pommel Strike","Anger","Fire Breathing","Armaments+1","Uppercut","Battle Trance+1","Juggernaut","Iron Wave","Feel No Pain","Body Slam","Thunderclap+1","Headbutt+1","Intimidate","Battle Trance","Bite","Bite","Bite","Bite","Bite","Entrench+1","True Grit","Clash"],"relics":["Burning Blood","Whetstone","PreservedInsect","Boot","Red Skull","Centennial Puzzle","Lizard Tail","Blue Candle","Prayer Wheel","Gambling Chip"],"potions_floor_usage":[6,8,13,19,31],"damage_taken":[{"damage":8,"enemies":"2 Louse","floor":1,"turns":4},{"damage":12,"enemies":"Cultist","floor":3,"turns":4},{"damage":0,"enemies":"Small Slimes","floor":4,"turns":5},{"damage":14,"enemies":"Gremlin Nob","floor":6,"turns":3},{"damage":34,"enemies":"Lagavulin","floor":8,"turns":10},{"damage":26,"enemies":"3 Sentries","floor":11,"turns":6},{"damage":6,"enemies":"Looter","floor":13,"turns":4},{"damage":7,"enemies":"Exordium Wildlife","floor":14,"turns":4},{"damage":20,"enemies":"The Guardian","floor":16,"turns":12},{"damage":33,"enemies":"3 Byrds","floor":18,"turns":5},{"damage":10,"enemies":"2 Thieves","floor":19,"turns":4},{"damage":11,"enemies":"Centurion and Healer","floor":24,"turns":9},{"damage":46,"enemies":"Snecko","floor":25,"turns":6},{"damage":25,"enemies":"Snake Plant","floor":27,"turns":5},{"damage":15,"enemies":"Gremlin Leader","floor":29,"turns":5},{"damage":28,"enemies":"Shelled Parasite and Fungi","floor":31,"turns":7},{"damage":30,"enemies":"Collector","floor":33,"turns":2}],"seed_played":"7657052840229081004","potions_obtained":[{"floor":4,"key":"AttackPotion"},{"floor":6,"key":"GamblersBrew"},{"floor":8,"key":"BloodPotion"},{"floor":16,"key":"BloodPotion"},{"floor":27,"key":"Ancient Potion"},{"floor":31,"key":"SpeedPotion"}],"is_trial":false,"path_per_floor":["M","?","M","M","T","E","R","E","T","R","E","$","M","M","R","B",null,"M","M","?","?","$","R","M","M","T","M","?","E","$","M","R","B"],"character_chosen":"IRONCLAD","items_purchased":["Fire Breathing","Armaments","Feel No Pain","Body Slam","True Grit"],"campfire_rested":2,"item_purchase_floors":[12,12,22,22,30],"current_hp_per_floor":[66,66,60,66,66,58,58,30,30,52,32,32,50,49,49,35,65,38,52,52,52,52,52,47,7,7,28,28,26,26,11,26,0],"gold":44,"neow_bonus":"TRANSFORM_CARD","is_prod":false,"is_daily":false,"chose_seed":false,"campfire_upgraded":3,"win_rate":0,"timestamp":1567046974,"path_taken":["M","?","M","?","?","E","R","E","T","R","E","$","?","M","R","BOSS","M","M","?","?","$","R","?","M","T","M","?","E","$","M","R","BOSS"],"build_version":"2019-07-17","purchased_purges":3,"victory":false,"max_hp_per_floor":[75,75,75,75,75,75,75,75,75,75,75,75,75,75,75,75,75,75,75,75,75,75,75,75,75,75,75,52,52,52,52,52,52],"card_choices":[{"not_picked":["Heavy Blade","Cleave"],"picked":"Shrug It Off","floor":1},{"not_picked":["Reckless Charge","Wild Strike"],"picked":"Headbutt","floor":3},{"not_picked":["Clash","Combust"],"picked":"Power Through","floor":4},{"not_picked":["Dual Wield","Clash"],"picked":"Iron Wave","floor":6},{"not_picked":["Heavy Blade","Iron Wave"],"picked":"Pommel Strike","floor":8},{"not_picked":["Dark Embrace","Sword Boomerang"],"picked":"Anger","floor":11},{"not_picked":["Burning Pact","Armaments"],"picked":"Uppercut","floor":13},{"not_picked":["Shrug It Off","Combust"],"picked":"Battle Trance","floor":14},{"not_picked":["Limit Break","Feed"],"picked":"Juggernaut","floor":16},{"not_picked":["Pummel","Cleave","Sentinel"],"picked":"SKIP","floor":18},{"not_picked":["Combust","Carnage"],"picked":"Iron Wave","floor":19},{"not_picked":["Disarm","Cleave"],"picked":"Thunderclap+1","floor":24},{"not_picked":["Wild Strike+1","Warcry"],"picked":"Headbutt+1","floor":25},{"not_picked":["Cleave","Twin Strike"],"picked":"Intimidate","floor":27},{"not_picked":["Body Slam","Berserk"],"picked":"Battle Trance","floor":27},{"not_picked":["Clothesline","Disarm"],"picked":"Entrench+1","floor":29},{"not_picked":["Shrug It Off","Pommel Strike"],"picked":"Clash","floor":31},{"not_picked":["Perfected Strike","Wild Strike+1","Havoc"],"picked":"SKIP","floor":31}],"player_experience":1977472,"relics_obtained":[{"floor":5,"key":"Whetstone"},{"floor":6,"key":"PreservedInsect"},{"floor":8,"key":"Boot"},{"floor":9,"key":"Red Skull"},{"floor":11,"key":"Centennial Puzzle"},{"floor":26,"key":"Prayer Wheel"},{"floor":29,"key":"Gambling Chip"}],"event_choices":[{"damage_healed":0,"gold_gain":0,"cards_transformed":["Strike_R"],"player_choice":"Transformed","damage_taken":0,"max_hp_gain":0,"max_hp_loss":0,"event_name":"Transmorgrifier","floor":2,"gold_loss":0,"cards_obtained":["Offering"]},{"damage_healed":0,"gold_gain":0,"player_choice":"Opened","damage_taken":0,"relics_obtained":["Blue Candle"],"max_hp_gain":0,"max_hp_loss":0,"event_name":"The Mausoleum","floor":20,"gold_loss":0,"cards_obtained":["Writhe"]},{"damage_healed":0,"gold_gain":275,"player_choice":"Desecrate","damage_taken":0,"max_hp_gain":0,"max_hp_loss":0,"event_name":"Golden Shrine","floor":21,"gold_loss":0,"cards_obtained":["Regret"]},{"damage_healed":0,"gold_gain":0,"player_choice":"Became a vampire","damage_taken":0,"max_hp_gain":0,"max_hp_loss":23,"event_name":"Vampires","floor":28,"gold_loss":0,"cards_obtained":["Bite","Bite","Bite","Bite","Bite"]}],"is_beta":false,"boss_relics":[{"not_picked":["Velvet Choker","Runic Dome"],"picked":"Lizard Tail"}],"items_purged_floors":[12,22,30],"is_endless":false,"potions_floor_spawned":[4,6,8,16,27,31],"killed_by":"Collector","ascension_level":19}