{"gold_per_floor":[110,140,150,38,49,49,75,75,157,184,184,204,231,243,243,243],"floor_reached":16,"playtime":469,"items_purged":[],"score":228,"play_id":"55efd0c4-818e-4369-8c81-823bc3c06661","local_time":"20190814193134","is_ascension_mode":true,"campfire_choices":[{"floor":6,"key":"REST"},{"floor":11,"key":"REST"},{"floor":15,"key":"REST"}],"neow_cost":"NONE","seed_source_timestamp":52211072728900,"circlet_count":0,"master_deck":["AscendersBane","Strike_R","Strike_R","Strike_R+1","Strike_R","Strike_R","Defend_R","Defend_R","Defend_R","Defend_R","Bash+1","Pommel Strike","Body Slam","Body Slam","Anger","Uppercut+1","Offering","Thunderclap","Iron Wave","Rampage","Burning Pact"],"special_seed":0,"relics":["Burning Blood","Tiny Chest","Lantern","Bottled Flame","Whetstone","Boot"],"potions_floor_usage":[5,7,13,16],"damage_taken":[{"damage":7.0,"enemies":"Small Slimes","floor":1.0,"turns":4.0},{"damage":7.0,"enemies":"Jaw Worm","floor":3.0,"turns":3.0},{"damage":0,"enemies":"2 Louse","floor":5,"turns":2},{"damage":32,"enemies":"Gremlin Nob","floor":7,"turns":4},{"damage":31,"enemies":"Lagavulin","floor":10,"turns":4},{"damage":7,"enemies":"Looter","floor":12,"turns":3},{"damage":11,"enemies":"3 Sentries","floor":13,"turns":6},{"damage":10,"enemies":"Exordium Wildlife","floor":14,"turns":4},{"damage":51,"enemies":"Slime Boss","floor":16,"turns":9}],"seed_played":"1547691394202745297","potions_obtained":[{"floor":3,"key":"AttackPotion"},{"floor":5,"key":"FearPotion"},{"floor":7,"key":"Fire Potion"},{"floor":13,"key":"Fire Potion"}],"is_trial":false,"path_per_floor":["M","?","M","$","M","R","E","?","T","E","R","M","E","M","R","B"],"character_chosen":"IRONCLAD","items_purchased":["Body Slam","Anger"],"campfire_rested":3,"item_purchase_floors":[4,4],"current_hp_per_floor":[67,32,31,31,37,59,33,38,38,13,37,36,31,27,51,0],"gold":243,"neow_bonus":"UPGRADE_CARD","is_prod":false,"is_daily":false,"chose_seed":false,"campfire_upgraded":0,"win_rate":0,"timestamp":1565803894,"path_taken":["M","?","M","$","M","R","E","?","T","E","R","M","E","M","R","BOSS"],"build_version":"2019-07-17","purchased_purges":0,"victory":false,"max_hp_per_floor":[75,75,75,75,75,75,75,80,80,80,80,80,80,80,80,80],"card_choices":[{"not_picked":["Shrug It Off","True Grit"],"picked":"Pommel Strike","floor":1.0},{"not_picked":["Armaments","Searing Blow"],"picked":"Body Slam","floor":3},{"not_picked":["Shockwave","Twin Strike"],"picked":"Uppercut","floor":5},{"not_picked":["Infernal Blade","Rage"],"picked":"Offering","floor":7},{"not_picked":["Sever Soul","Cleave"],"picked":"Thunderclap","floor":10},{"not_picked":["Twin Strike","Clothesline"],"picked":"Iron Wave","floor":12},{"not_picked":["Dual Wield","Headbutt"],"picked":"Rampage","floor":13},{"not_picked":["Combust","Pommel Strike"],"picked":"Burning Pact","floor":14}],"player_experience":1891912,"relics_obtained":[{"floor":7,"key":"Lantern"},{"floor":9,"key":"Bottled Flame"},{"floor":10,"key":"Whetstone"},{"floor":13,"key":"Boot"}],"event_choices":[{"damage_healed":0.0,"max_hp_gain":0.0,"max_hp_loss":0.0,"gold_gain":0.0,"event_name":"Scrap Ooze","player_choice":"Success","floor":2.0,"gold_loss":0.0,"damage_taken":35.0,"relics_obtained":["Tiny Chest"]},{"damage_healed":0,"gold_gain":0,"player_choice":"Donut","damage_taken":0,"max_hp_gain":5,"max_hp_loss":0,"event_name":"Big Fish","floor":8,"gold_loss":0}],"is_beta":false,"boss_relics":[],"items_purged_floors":[],"is_endless":false,"potions_floor_spawned":[3,5,7,13],"killed_by":"Slime Boss","ascension_level":18}