{"path_per_floor":["M","?","M","?","M","R","E","R","T","E","?","?","$","M","R","B",null,"M","M"],"character_chosen":"IRONCLAD","items_purchased":["Vajra"],"gold_per_floor":[113,113,125,125,136,136,170,170,170,199,164,164,7,19,19,116,116,133,148],"floor_reached":20,"campfire_rested":1,"playtime":701,"current_hp_per_floor":[66,66,65,65,56,56,27,51,51,25,45,27,27,20,20,24,71,64,46],"items_purged":[],"gold":148,"score":246,"play_id":"ab83f3a7-6711-4630-a536-084dde1ea9fe","is_prod":false,"is_daily":false,"is_ascension_mode":true,"campfire_upgraded":2,"path_taken":["M","?","M","?","M","R","E","R","T","E","?","?","$","M","R","BOSS","M","M","M"],"build_version":"2018-02-15-PROD1","purchased_purges":0,"victory":false,"master_deck":["Strike_R","Strike_R","Strike_R","Strike_R","Strike_R","Defend_R","Defend_R","Defend_R","Defend_R","Bash+1","Thunderclap","Perfected Strike+1","Feed","Feel No Pain","Flex+1","Limit Break","Thunderclap+1"],"max_hp_per_floor":[80,80,80,80,80,80,80,80,80,80,80,80,80,83,83,86,86,89,89],"relics":["Burning Blood","Kunai","Paper Frog","Ice Cream","Calipers","Vajra","Mark of Pain"],"card_choices":[{"not_picked":["Wild Strike","True Grit"],"picked":"Thunderclap"},{"not_picked":["Entrench","Clothesline"],"picked":"Perfected Strike"},{"not_picked":["Infernal Blade","Pommel Strike"],"picked":"Feed"},{"not_picked":["Cleave","Heavy Blade"],"picked":"Feel No Pain"},{"not_picked":["Wild Strike","Heavy Blade"],"picked":"Flex"},{"not_picked":["Offering","Berserk"],"picked":"Limit Break"},{"not_picked":["Headbutt","Anger"],"picked":"Thunderclap"}],"player_experience":229422,"potions_floor_usage":[16,16],"damage_taken":[{"damage":12,"enemies":"Small Slimes","floor":1,"turns":3},{"damage":7,"enemies":"Jaw Worm","floor":3,"turns":3},{"damage":15,"enemies":"2 Louse","floor":5,"turns":2},{"damage":35,"enemies":"Lagavulin","floor":7,"turns":4},{"damage":32,"enemies":"Gremlin Nob","floor":10,"turns":5},{"damage":16,"enemies":"Exordium Thugs","floor":14,"turns":4},{"damage":5,"enemies":"Slime Boss","floor":16,"turns":6},{"damage":16,"enemies":"2 Thieves","floor":18,"turns":3},{"damage":24,"enemies":"Shell Parasite","floor":19,"turns":4},{"damage":46,"enemies":"Sentry and Sphere","floor":20,"turns":5}],"event_choices":[{"event_name":"Shining Light","player_choice":"Ignored","floor":2,"damage_taken":0},{"event_name":"Upgrade Shrine","player_choice":"Upgraded","floor":4,"damage_taken":0},{"event_name":"The Cleric","player_choice":"Healed","floor":11,"damage_taken":0},{"event_name":"Scrap Ooze","player_choice":"success","floor":12,"damage_taken":18}],"boss_relics":[{"not_picked":["Ectoplasm","Lizard Tail"],"picked":"Mark of Pain"}],"potions_floor_spawned":[7,14],"seed_played":"4286096299307703529","killed_by":"Sentry and Sphere","ascension_level":7,"is_trial":false}