{"gold_per_floor":[112,112,127,277,290,290,303,328,352,352,372,78,104,4,4,4],"floor_reached":16,"playtime":429,"items_purged":["Strike_R","Doubt"],"score":215,"play_id":"7bf50bb9-679a-47ec-b5d0-abccfdd3feaf","local_time":"20190822005140","is_ascension_mode":true,"campfire_choices":[{"floor":6,"key":"REST"},{"data":"Limit Break","floor":15,"key":"SMITH"}],"neow_cost":"NONE","seed_source_timestamp":676287579334200,"circlet_count":0,"master_deck":["AscendersBane","Strike_R","Strike_R+1","Strike_R","Strike_R+1","Defend_R","Defend_R+1","Defend_R+1","Defend_R","Bash+1","Body Slam+1","Burning Pact","Flex","Rage","Shrug It Off","Shockwave","Limit Break+1"],"relics":["Burning Blood","Whetstone","War Paint","Oddly Smooth Stone","Potion Belt","Lee\u0027s Waffle","Turnip"],"potions_floor_usage":[3,8,8,13],"damage_taken":[{"damage":12,"enemies":"Jaw Worm","floor":1,"turns":3},{"damage":8,"enemies":"Small Slimes","floor":3,"turns":3},{"damage":3,"enemies":"2 Louse","floor":5,"turns":2},{"damage":12,"enemies":"Looter","floor":7,"turns":3},{"damage":32,"enemies":"Gremlin Nob","floor":8,"turns":4},{"damage":7,"enemies":"3 Louse","floor":11,"turns":4},{"damage":40,"enemies":"Lagavulin","floor":13,"turns":8},{"damage":53,"enemies":"Slime Boss","floor":16,"turns":6}],"seed_played":"6653769576122209868","potions_obtained":[{"floor":1,"key":"Weak Potion"},{"floor":5,"key":"FearPotion"},{"floor":7,"key":"Explosive Potion"},{"floor":11,"key":"FearPotion"}],"is_trial":false,"path_per_floor":["M","?","M","?","M","R","M","E","T","?","M","$","E","$","R","B"],"character_chosen":"IRONCLAD","items_purchased":["Lee\u0027s Waffle"],"campfire_rested":1,"item_purchase_floors":[12],"current_hp_per_floor":[62,39,37,37,40,62,56,30,30,19,18,82,48,48,48,0],"gold":4,"neow_bonus":"RANDOM_COMMON_RELIC","is_prod":false,"is_daily":false,"chose_seed":false,"campfire_upgraded":1,"win_rate":0,"timestamp":1566427900,"path_taken":["M","?","M","?","M","R","M","E","T","?","M","$","E","$","R","BOSS"],"build_version":"2019-07-17","purchased_purges":2,"victory":false,"max_hp_per_floor":[75,75,75,75,75,75,75,75,75,75,75,82,82,82,82,82],"card_choices":[{"not_picked":["Combust","Cleave"],"picked":"Body Slam","floor":1},{"not_picked":["Rupture","Combust"],"picked":"Burning Pact","floor":3},{"not_picked":["Dropkick","Impervious"],"picked":"Flex","floor":5},{"not_picked":["Combust","Rupture"],"picked":"Rage","floor":7},{"not_picked":["Havoc","Sword Boomerang"],"picked":"Shrug It Off","floor":8},{"not_picked":["Blood for Blood","Twin Strike"],"picked":"Shockwave","floor":11},{"not_picked":["Cleave","Clash"],"picked":"Limit Break","floor":13}],"player_experience":1940701,"relics_obtained":[{"floor":8,"key":"War Paint"},{"floor":9,"key":"Oddly Smooth Stone"},{"floor":13,"key":"Turnip"}],"event_choices":[{"damage_healed":0,"gold_gain":0,"player_choice":"Entered Light","damage_taken":23,"max_hp_gain":0,"max_hp_loss":0,"event_name":"Shining Light","floor":2,"gold_loss":0,"cards_upgraded":["Strike_R","Body Slam"]},{"damage_healed":0,"gold_gain":150,"player_choice":"AGREE","damage_taken":0,"max_hp_gain":0,"max_hp_loss":0,"event_name":"Liars Game","floor":4,"gold_loss":0,"cards_obtained":["Doubt"]},{"damage_healed":0,"gold_gain":0,"player_choice":"Success","damage_taken":11,"relics_obtained":["Potion Belt"],"max_hp_gain":0,"max_hp_loss":0,"event_name":"Scrap Ooze","floor":10,"gold_loss":0}],"is_beta":false,"boss_relics":[],"items_purged_floors":[12,14],"is_endless":false,"potions_floor_spawned":[1,5,7,11],"killed_by":"Slime Boss","ascension_level":19}