{"gold_per_floor":[116,116,116,5,5,5,5,43,43,43,68,68,86,104,104,194,194,215,215,195,120,143,143,156,156,156,156,156,71,111,111],"floor_reached":31,"playtime":695,"items_purged":[],"score":493,"play_id":"c82b4f19-f608-4d8d-b12c-4ffb592b6a90","local_time":"20190626162933","is_ascension_mode":true,"campfire_choices":[{"data":"Neutralize","floor":10,"key":"SMITH"},{"data":"Noxious Fumes","floor":12,"key":"SMITH"},{"data":"Dodge and Roll","floor":15,"key":"SMITH"},{"data":"Bullet Time","floor":23,"key":"SMITH"},{"data":"Flying Knee","floor":25,"key":"SMITH"},{"floor":27,"key":"REST"}],"neow_cost":"NONE","seed_source_timestamp":749785518237700,"circlet_count":0,"master_deck":["AscendersBane","Defend_G","Defend_G","Defend_G","Defend_G","Defend_G","Strike_G","Strike_G","Strike_G","Strike_G","Strike_G","Survivor","Neutralize+1","Flying Knee+1","Noxious Fumes+1","Dodge and Roll+1","Backstab+1","All Out Attack+1","Riddle With Holes+1","Quick Slash+1","Bullet Time+1","Acrobatics+1","Underhanded Strike+1","Infinite Blades+1","RitualDagger+1","Wraith Form v2"],"relics":["Ring of the Serpent","NeowsBlessing","Golden Idol","Mercury Hourglass","Molten Egg 2","Bottled Flame","Juzu Bracelet","Peace Pipe","Matryoshka","Shovel"],"potions_floor_usage":[16,16,30],"damage_taken":[{"damage":0,"enemies":"Cultist","floor":1,"turns":1},{"damage":0,"enemies":"3 Sentries","floor":8,"turns":1},{"damage":0,"enemies":"Jaw Worm","floor":11,"turns":1},{"damage":0,"enemies":"Small Slimes","floor":13,"turns":2},{"damage":0,"enemies":"3 Louse","floor":14,"turns":1},{"damage":6,"enemies":"The Guardian","floor":16,"turns":10},{"damage":3,"enemies":"3 Byrds","floor":18,"turns":3},{"damage":16,"enemies":"Chosen","floor":22,"turns":5},{"damage":14,"enemies":"Centurion and Healer","floor":24,"turns":6},{"damage":30,"enemies":"Slavers","floor":30,"turns":5},{"damage":16,"enemies":"Shelled Parasite and Fungi","floor":31,"turns":2}],"seed_played":"-4256736128344618365","potions_obtained":[{"floor":8,"key":"SpeedPotion"},{"floor":14,"key":"Poison Potion"},{"floor":20,"key":"Dexterity Potion"},{"floor":30,"key":"Dexterity Potion"}],"is_trial":false,"path_per_floor":["M","?","?","$","T","?","$","E","T","R","M","R","M","M","R","B",null,"M","?","?","?","M","R","M","R","T","R","?","?","E","M"],"character_chosen":"THE_SILENT","items_purchased":["Noxious Fumes","Dodge and Roll"],"campfire_rested":1,"item_purchase_floors":[4,4],"current_hp_per_floor":[59,59,41,41,41,46,46,46,46,46,46,46,46,46,46,40,63,60,60,60,60,44,44,30,30,30,51,45,45,15,0],"gold":111,"neow_bonus":"THREE_ENEMY_KILL","is_prod":false,"is_daily":false,"chose_seed":false,"campfire_upgraded":5,"win_rate":0,"timestamp":1561559373,"path_taken":["M","?","?","$","?","?","?","E","T","R","M","R","M","M","R","BOSS","M","?","?","?","M","R","M","R","T","R","?","?","E","M"],"build_version":"2019-01-23","purchased_purges":0,"victory":false,"max_hp_per_floor":[66,66,66,66,66,71,71,71,71,71,71,71,71,71,71,71,71,71,71,71,71,71,71,71,71,71,71,71,71,71,71],"card_choices":[{"not_picked":["Acrobatics","Dodge and Roll"],"picked":"Flying Knee","floor":1},{"not_picked":["Acrobatics","Storm of Steel"],"picked":"Backstab+1","floor":8},{"not_picked":["Slice+1","Cloak And Dagger"],"picked":"All Out Attack+1","floor":11},{"not_picked":["Accuracy","Expertise"],"picked":"Riddle With Holes+1","floor":13},{"not_picked":["Prepared","PiercingWail"],"picked":"Quick Slash+1","floor":14},{"not_picked":["After Image","Tools of the Trade"],"picked":"Bullet Time","floor":16},{"not_picked":["Quick Slash+1","Heel Hook+1"],"picked":"Acrobatics+1","floor":18},{"not_picked":["Riddle With Holes+1","Slice+1"],"picked":"Underhanded Strike+1","floor":22},{"not_picked":["Acrobatics","Quick Slash+1"],"picked":"Infinite Blades+1","floor":24},{"not_picked":["Bane+1","Choke+1"],"picked":"Wraith Form v2","floor":30}],"player_experience":1482440,"relics_obtained":[{"floor":5,"key":"Molten Egg 2"},{"floor":8,"key":"Bottled Flame"},{"floor":9,"key":"Juzu Bracelet"},{"floor":26,"key":"Peace Pipe"},{"floor":30,"key":"Shovel"}],"event_choices":[{"damage_healed":0,"gold_gain":0,"player_choice":"Take Wound","damage_taken":0,"relics_obtained":["Golden Idol"],"max_hp_gain":0,"max_hp_loss":0,"event_name":"Golden Idol","floor":2,"gold_loss":0,"cards_obtained":["Injury"]},{"damage_healed":0,"gold_gain":0,"player_choice":"Success","damage_taken":18,"relics_obtained":["Mercury Hourglass"],"max_hp_gain":0,"max_hp_loss":0,"event_name":"Scrap Ooze","floor":3,"gold_loss":0},{"damage_healed":0,"gold_gain":0,"player_choice":"Donut","damage_taken":0,"max_hp_gain":5,"max_hp_loss":0,"event_name":"Big Fish","floor":6,"gold_loss":0},{"damage_healed":0,"gold_gain":0,"player_choice":"Ignored","damage_taken":0,"max_hp_gain":0,"max_hp_loss":0,"event_name":"N\u0027loth","floor":19,"gold_loss":0},{"damage_healed":0,"gold_gain":0,"player_choice":"Bought 1 Potion","damage_taken":0,"max_hp_gain":0,"max_hp_loss":0,"event_name":"The Woman in Blue","floor":20,"gold_loss":0},{"cards_removed":["Injury"],"damage_healed":0,"gold_gain":0,"player_choice":"Gave Gold","damage_taken":0,"max_hp_gain":0,"max_hp_loss":0,"event_name":"Beggar","floor":21,"gold_loss":75},{"damage_healed":0,"gold_gain":0,"player_choice":"Joined the Cult","damage_taken":6,"max_hp_gain":0,"max_hp_loss":0,"event_name":"Nest","floor":28,"gold_loss":0,"cards_obtained":["RitualDagger"]},{"damage_healed":0,"gold_gain":0,"player_choice":"Obtained Relic","damage_taken":0,"relics_obtained":["Matryoshka"],"max_hp_gain":0,"max_hp_loss":0,"event_name":"Addict","floor":29,"gold_loss":85}],"is_beta":false,"boss_relics":[{"not_picked":["Runic Dome","HoveringKite"],"picked":"Ring of the Serpent"}],"items_purged_floors":[],"is_endless":false,"potions_floor_spawned":[8,14,30],"killed_by":"Shelled Parasite and Fungi","ascension_level":16}