{"gold_per_floor":[118,43,53,64,82,82,5,5,31,31,56,56,76,88,88,192,192,208,58,69,79,79,79,99,116,184,99,115,149,161,172,172,271,271,285,301,301,301,314,314,346,365,365,365,380,380,393,407,407,407],"floor_reached":50,"playtime":3503,"items_purged":["Strike_G"],"score":768,"play_id":"637e1b65-0896-4494-a018-1b5c062f5d05","local_time":"20180703003328","is_ascension_mode":true,"campfire_choices":[{"data":"Skewer","floor":6,"key":"SMITH"},{"data":"Leg Sweep","floor":8,"key":"SMITH"},{"data":"Noxious Fumes","floor":10,"key":"SMITH"},{"data":"Bouncing Flask","floor":12,"key":"SMITH"},{"floor":15,"key":"REST"},{"data":"Crippling Poison","floor":23,"key":"SMITH"},{"floor":32,"key":"REST"},{"floor":40,"key":"REST"},{"floor":44,"key":"REST"},{"floor":46,"key":"REST"},{"floor":49,"key":"REST"}],"neow_cost":"","seed_source_timestamp":677641256778257,"circlet_count":0,"master_deck":["Defend_G","Defend_G","Defend_G","Defend_G","Defend_G","Strike_G","Strike_G","Strike_G","Survivor","Neutralize","Leg Sweep+1","Bouncing Flask+1","Skewer+1","Noxious Fumes+1","Quick Slash","PiercingWail","Terror","Tools of the Trade","Leg Sweep","Crippling Poison+1","Well Laid Plans+1","Bouncing Flask","Dash+1","Acrobatics+1","Deadly Poison+1","Adrenaline"],"special_seed":17714,"relics":["Ring of the Snake","Dream Catcher","Orichalcum","Odd Mushroom","Velvet Choker","Vajra","Mummified Hand","Dead Branch","Singing Bowl","Fusion Hammer","Sundial","Tingsha"],"potions_floor_usage":[33,33,33,50,50],"damage_taken":[{"damage":0,"enemies":"Cultist","floor":1,"turns":4},{"damage":0,"enemies":"2 Louse","floor":3,"turns":4},{"damage":1,"enemies":"Small Slimes","floor":4,"turns":5},{"damage":1,"enemies":"2 Fungi Beasts","floor":5,"turns":5},{"damage":0,"enemies":"Gremlin Nob","floor":11,"turns":4},{"damage":12,"floor":13,"turns":5},{"damage":0,"enemies":"Looter","floor":14,"turns":3},{"damage":6,"enemies":"Hexaghost","floor":16,"turns":10},{"damage":0,"enemies":"Shell Parasite","floor":18,"turns":6},{"damage":0,"enemies":"Spheric Guardian","floor":20,"turns":5},{"damage":2,"enemies":"Cultist and Chosen","floor":21,"turns":7},{"damage":11,"enemies":"Centurion and Healer","floor":24,"turns":6},{"damage":6,"enemies":"Chosen and Byrds","floor":25,"turns":7},{"damage":3,"enemies":"Cultist and Chosen","floor":28,"turns":5},{"damage":4,"enemies":"Gremlin Leader","floor":29,"turns":5},{"damage":0,"enemies":"Snecko","floor":30,"turns":3},{"damage":0,"enemies":"Centurion and Healer","floor":31,"turns":7},{"damage":33,"enemies":"Automaton","floor":33,"turns":8},{"damage":2,"enemies":"3 Shapes","floor":35,"turns":4},{"damage":0,"enemies":"Orb Walker","floor":36,"turns":3},{"damage":7,"enemies":"Sphere and 2 Shapes","floor":39,"turns":3},{"damage":0,"enemies":"Nemesis","floor":41,"turns":9},{"damage":0,"enemies":"3 Darklings","floor":42,"turns":5},{"damage":0,"enemies":"Maw","floor":45,"turns":7},{"damage":5,"enemies":"Sphere and 2 Shapes","floor":47,"turns":4},{"damage":9,"enemies":"4 Shapes","floor":48,"turns":4},{"damage":107,"enemies":"Awakened One","floor":50,"turns":11}],"seed_played":"3895883429611639006","potions_obtained":[{"floor":4,"key":"Ancient Potion"},{"floor":5,"key":"Strength Potion"},{"floor":11,"key":"Strength Potion"},{"floor":25,"key":"Energy Potion"},{"floor":33,"key":"Strength Potion"},{"floor":35,"key":"Ancient Potion"},{"floor":36,"key":"FairyPotion"}],"is_trial":false,"path_per_floor":["M","$","M","M","M","R","$","R","T","R","E","R","?","M","R","B",null,"M","$","M","M","?","R","M","M","T","?","M","E","M","M","R","B",null,"M","M","?","?","M","R","E","M","T","R","M","R","M","M","R"],"character_chosen":"THE_SILENT","items_purchased":["Noxious Fumes","Vajra"],"campfire_rested":6,"item_purchase_floors":[7,19],"current_hp_per_floor":[63,63,63,62,61,61,61,61,61,61,61,61,49,49,70,64,69,69,69,69,67,67,67,56,50,50,50,47,43,45,47,71,40,69,69,69,69,80,73,82,84,86,86,88,90,90,87,80,96,0],"gold":407,"neow_bonus":"","is_prod":false,"is_daily":false,"chose_seed":false,"campfire_upgraded":5,"win_rate":0,"timestamp":1530574408,"path_taken":["M","$","M","M","M","R","?","R","T","R","E","R","?","M","R","BOSS","M","$","M","M","?","R","?","M","T","?","M","E","M","M","R","BOSS","M","M","?","?","?","R","E","M","T","R","M","R","M","M","R","BOSS"],"build_version":"2018-06-28","purchased_purges":1,"victory":false,"max_hp_per_floor":[70,70,70,70,70,70,70,70,70,70,70,70,70,70,70,70,70,70,70,70,70,70,70,70,70,70,70,70,70,72,74,76,78,78,80,80,80,80,80,82,84,86,86,88,90,90,92,94,96,96],"card_choices":[{"not_picked":["Dagger Throw","Slice"],"picked":"Leg Sweep","floor":1},{"not_picked":["Outmaneuver","Finisher"],"picked":"Bouncing Flask","floor":3},{"not_picked":["Bane","Distraction","Cloak And Dagger"],"picked":"SKIP","floor":4},{"not_picked":["Flying Knee","Dodge and Roll"],"picked":"Skewer","floor":5},{"not_picked":["Concentrate","Slice"],"picked":"Quick Slash","floor":11},{"not_picked":["Choke","Dagger Spray"],"picked":"PiercingWail","floor":14},{"not_picked":["Backflip","Underhanded Strike"],"picked":"Terror","floor":15},{"not_picked":["Unload","A Thousand Cuts"],"picked":"Tools of the Trade","floor":16},{"not_picked":["Acrobatics","Reflex+1"],"picked":"Leg Sweep","floor":18},{"not_picked":["Sucker Punch","Dagger Spray"],"picked":"Crippling Poison","floor":20},{"not_picked":["Outmaneuver","Choke","Well Laid Plans"],"picked":"SKIP","floor":21},{"not_picked":["Backstab","Slice+1","Setup"],"picked":"SKIP","floor":24},{"not_picked":["Prepared","Bane"],"picked":"Well Laid Plans+1","floor":25},{"not_picked":["Slice+1","Underhanded Strike"],"picked":"Bouncing Flask","floor":28},{"not_picked":["Dagger Spray","Poisoned Stab+1"],"picked":"Dash+1","floor":29},{"not_picked":["Outmaneuver","Prepared+1","Setup"],"picked":"Singing Bowl","floor":30},{"not_picked":["Predator","Setup","Sucker Punch"],"picked":"Singing Bowl","floor":31},{"not_picked":["After Image","Heel Hook+1","Flying Knee"],"picked":"Singing Bowl","floor":32},{"not_picked":["Venomology","Tools of the Trade","Glass Knife"],"picked":"Singing Bowl","floor":33},{"not_picked":["Endless Agony","Underhanded Strike","Cloak And Dagger+1"],"picked":"Singing Bowl","floor":35},{"not_picked":["Bane","Flying Knee"],"picked":"Acrobatics+1","floor":36},{"not_picked":["Dagger Spray","Underhanded Strike"],"picked":"Deadly Poison+1","floor":39},{"not_picked":["Backflip","Slice","Prepared+1"],"picked":"Singing Bowl","floor":40},{"not_picked":["Dodge and Roll","Calculated Gamble","Noxious Fumes"],"picked":"Singing Bowl","floor":41},{"not_picked":["Reflex+1","PiercingWail","Dodge and Roll"],"picked":"Singing Bowl","floor":42},{"not_picked":["Deflect","Caltrops+1","Flying Knee"],"picked":"Singing Bowl","floor":44},{"not_picked":["All Out Attack","Choke+1","Endless Agony+1"],"picked":"Singing Bowl","floor":45},{"not_picked":["Acrobatics+1","All Out Attack"],"picked":"Adrenaline","floor":46},{"not_picked":["Flying Knee+1","Deflect+1","Predator"],"picked":"Singing Bowl","floor":47},{"not_picked":["Slice+1","Prepared+1","Endless Agony+1"],"picked":"Singing Bowl","floor":48},{"not_picked":["Outmaneuver","Infinite Blades+1","Caltrops"],"picked":"Singing Bowl","floor":49}],"player_experience":509061,"relics_obtained":[{"floor":9,"key":"Dream Catcher"},{"floor":11,"key":"Orichalcum"},{"floor":13,"key":"Odd Mushroom"},{"floor":26,"key":"Mummified Hand"},{"floor":29,"key":"Singing Bowl"},{"floor":41,"key":"Sundial"},{"floor":43,"key":"Tingsha"}],"event_choices":[{"event_name":"Mushrooms","player_choice":"Fought Mushrooms","floor":13,"damage_taken":0},{"event_name":"Ghosts","player_choice":"Ignored","floor":22,"damage_taken":0},{"event_name":"Addict","player_choice":"Obtained Relic","floor":27,"damage_taken":0},{"event_name":"Transmorgrifier","player_choice":"Transform","floor":37,"damage_taken":0},{"event_name":"Bonfire Elementals","player_choice":"UNCOMMON","floor":38,"damage_taken":0}],"boss_relics":[{"not_picked":["Philosopher\u0027s Stone","Pandora\u0027s Box"],"picked":"Velvet Choker"},{"not_picked":["Runic Dome","Orrery"],"picked":"Fusion Hammer"}],"items_purged_floors":[2],"is_endless":false,"potions_floor_spawned":[4,5,11,14,18,25,28,33,35,36,47,48],"killed_by":"Awakened One","ascension_level":7}