{"gold_per_floor":[118,118,131,131,131,161,161,161,161,448,476,488,534,563,575,587],"floor_reached":16,"playtime":359,"items_purged":[],"score":246,"play_id":"9693c508-5e9b-4142-b5ec-69253c7097ab","local_time":"20190703022842","is_ascension_mode":true,"campfire_choices":[{"data":"Bash","floor":7,"key":"SMITH"},{"data":"Second Wind","floor":12,"key":"SMITH"},{"data":"Sentinel","floor":15,"key":"SMITH"}],"neow_cost":"NONE","seed_source_timestamp":1304489054371900,"circlet_count":0,"master_deck":["AscendersBane","Strike_R","Strike_R","Strike_R","Strike_R","Defend_R","Defend_R","Defend_R","Defend_R","Bash+1","Anger","Second Wind+1","Sentinel+1","Anger","Regret","Headbutt","Shrug It Off","Heavy Blade"],"relics":["Burning Blood","NeowsBlessing","Pantograph","MawBank","Mango"],"potions_floor_usage":[13,13,16],"damage_taken":[{"damage":0,"enemies":"Cultist","floor":1,"turns":1},{"damage":0,"enemies":"Small Slimes","floor":3,"turns":1},{"damage":0,"enemies":"3 Sentries","floor":6,"turns":1},{"damage":17,"enemies":"2 Louse","floor":11,"turns":3},{"damage":31,"enemies":"Lagavulin","floor":13,"turns":5},{"damage":16,"enemies":"Blue Slaver","floor":14,"turns":3},{"damage":73,"enemies":"Hexaghost","floor":16,"turns":10}],"seed_played":"1923249277596598786","potions_obtained":[{"floor":3,"key":"LiquidBronze"},{"floor":6,"key":"SkillPotion"},{"floor":13,"key":"FearPotion"}],"is_trial":false,"path_per_floor":["M","$","M","$","?","E","R","?","T","?","M","R","E","M","R","B"],"character_chosen":"IRONCLAD","items_purchased":[],"campfire_rested":0,"item_purchase_floors":[],"current_hp_per_floor":[74,74,75,75,75,75,75,80,80,80,69,69,58,48,48,0],"gold":587,"neow_bonus":"THREE_ENEMY_KILL","is_prod":false,"is_daily":false,"chose_seed":false,"campfire_upgraded":3,"win_rate":0,"timestamp":1562113722,"path_taken":["M","$","M","$","?","E","R","?","T","?","M","R","E","M","R","BOSS"],"build_version":"2019-07-01","purchased_purges":0,"victory":false,"max_hp_per_floor":[75,75,75,75,75,75,75,80,80,80,80,80,94,94,94,94],"card_choices":[{"not_picked":["Armaments","Heavy Blade"],"picked":"Anger","floor":1},{"not_picked":["Body Slam","Warcry"],"picked":"Second Wind","floor":3},{"not_picked":["Brutality","Havoc"],"picked":"Anger","floor":6},{"not_picked":["Rage","True Grit"],"picked":"Headbutt","floor":11},{"not_picked":["Clothesline","Heavy Blade"],"picked":"Shrug It Off","floor":13},{"not_picked":["Thunderclap","Twin Strike"],"picked":"Heavy Blade","floor":14}],"player_experience":1562400,"relics_obtained":[{"floor":6,"key":"Pantograph"},{"floor":9,"key":"MawBank"},{"floor":13,"key":"Mango"}],"event_choices":[{"damage_healed":0,"gold_gain":0,"cards_transformed":["Strike_R"],"player_choice":"Change","damage_taken":0,"max_hp_gain":0,"max_hp_loss":0,"event_name":"Living Wall","floor":5,"gold_loss":0,"cards_obtained":["Sentinel"]},{"damage_healed":0,"gold_gain":0,"player_choice":"Donut","damage_taken":0,"max_hp_gain":5,"max_hp_loss":0,"event_name":"Big Fish","floor":8,"gold_loss":0},{"damage_healed":0,"gold_gain":275,"player_choice":"Desecrate","damage_taken":0,"max_hp_gain":0,"max_hp_loss":0,"event_name":"Golden Shrine","floor":10,"gold_loss":0,"cards_obtained":["Regret"]}],"is_beta":false,"boss_relics":[],"items_purged_floors":[],"is_endless":false,"potions_floor_spawned":[3,6,13],"killed_by":"Hexaghost","ascension_level":17}