{"gold_per_floor":[116,83,102,102,120,451,451,470,546,546,579,579],"floor_reached":12,"playtime":691,"items_purged":[],"score":97,"play_id":"24210ccb-d3fc-4d82-b49d-6947aad447b1","local_time":"20190802192228","is_ascension_mode":true,"campfire_choices":[{"floor":7.0,"key":"REST"},{"floor":10.0,"key":"REST"}],"neow_cost":"NONE","seed_source_timestamp":0,"circlet_count":0,"master_deck":["Strike_G","Strike_G+1","Strike_G","Strike_G","Strike_G","Defend_G","Defend_G","Defend_G","Defend_G","Defend_G","Survivor","Neutralize+1","Envenom","Crippling Poison","PiercingWail","PiercingWail","Escape Plan","Catalyst","Backflip"],"special_seed":0,"relics":["Ring of the Snake","Old Coin","Pantograph","Omamori"],"potions_floor_usage":[12],"damage_taken":[{"damage":2.0,"enemies":"2 Louse","floor":1.0,"turns":2.0},{"damage":0.0,"enemies":"Small Slimes","floor":3.0,"turns":3.0},{"damage":6.0,"enemies":"Jaw Worm","floor":5.0,"turns":4.0},{"damage":43.0,"enemies":"Gremlin Nob","floor":6.0,"turns":8.0},{"damage":5.0,"enemies":"Looter","floor":8.0,"turns":4.0},{"damage":40.0,"enemies":"3 Sentries","floor":11.0,"turns":16.0},{"damage":4,"enemies":"Large Slime","floor":12,"turns":4}],"seed_played":"-6982227058416685523","potions_obtained":[{"floor":1.0,"key":"Dexterity Potion"},{"floor":5.0,"key":"Ancient Potion"},{"floor":8.0,"key":"EssenceOfSteel"}],"is_trial":false,"path_per_floor":["M","?","M","?","M","E","R","M","T","R","E","M"],"character_chosen":"THE_SILENT","items_purchased":[],"campfire_rested":2,"item_purchase_floors":[],"current_hp_per_floor":[68,68,68,54,48,5,26,21,21,42,2,0],"gold":579,"neow_bonus":"ONE_RANDOM_RARE_CARD","is_prod":false,"is_daily":false,"chose_seed":false,"campfire_upgraded":0,"win_rate":0,"timestamp":1564788148,"path_taken":["M","?","M","?","M","E","R","M","T","R","E","M"],"build_version":"2019-07-17","purchased_purges":0,"victory":false,"max_hp_per_floor":[70,70,70,70,70,70,70,70,70,70,70,70],"card_choices":[{"not_picked":["Reflex","Slice"],"picked":"Crippling Poison","floor":1.0},{"not_picked":["Underhanded Strike","Quick Slash"],"picked":"PiercingWail","floor":3.0},{"not_picked":["Slice","Blade Dance"],"picked":"PiercingWail","floor":5.0},{"not_picked":["Expertise","Underhanded Strike"],"picked":"Escape Plan","floor":6.0},{"not_picked":["Backstab","Slice"],"picked":"Catalyst","floor":8.0},{"not_picked":["Dagger Throw","Cloak And Dagger"],"picked":"Backflip","floor":11}],"player_experience":327634,"relics_obtained":[{"floor":6.0,"key":"Old Coin"},{"floor":9.0,"key":"Pantograph"},{"floor":11,"key":"Omamori"}],"event_choices":[{"damage_healed":0.0,"max_hp_gain":0.0,"max_hp_loss":0.0,"gold_gain":0.0,"event_name":"World of Goop","player_choice":"Left Gold","floor":2.0,"gold_loss":33.0,"damage_taken":0.0},{"damage_healed":0.0,"max_hp_gain":0.0,"max_hp_loss":0.0,"gold_gain":0.0,"event_name":"Shining Light","player_choice":"Entered Light","floor":4.0,"gold_loss":0.0,"damage_taken":14.0,"cards_upgraded":["Strike_G","Neutralize"]}],"is_beta":false,"boss_relics":[],"items_purged_floors":[],"is_endless":false,"potions_floor_spawned":[1,5,8],"killed_by":"Large Slime","ascension_level":2}