{"gold_per_floor":[119,129,146,161,173,173,199,199,199,199,215,215,12,12],"floor_reached":14,"playtime":552,"items_purged":["Strike_G"],"score":166,"play_id":"35a69424-c672-4285-8455-2580b9331ed1","local_time":"20190624134945","is_ascension_mode":true,"campfire_choices":[{"data":"Crippling Poison","floor":6,"key":"SMITH"},{"data":"Neutralize","floor":8,"key":"SMITH"},{"data":"Dash","floor":10,"key":"SMITH"}],"neow_cost":"TEN_PERCENT_HP_LOSS","seed_source_timestamp":567538257909900,"circlet_count":0,"master_deck":["AscendersBane","Defend_G","Defend_G","Defend_G","Defend_G","Defend_G","Strike_G","Strike_G","Strike_G","Strike_G","Survivor","Neutralize+1","Dark Shackles","Finesse","Crippling Poison+1","Backflip","Distraction+1","Dash+1","Dagger Spray","Deadly Poison","Caltrops","Skewer","Catalyst"],"relics":["Ring of the Snake","Turnip","Pantograph"],"potions_floor_usage":[5,7,14],"damage_taken":[{"damage":0,"enemies":"Small Slimes","floor":1,"turns":3},{"damage":0,"enemies":"2 Louse","floor":2,"turns":3},{"damage":0,"enemies":"Jaw Worm","floor":3,"turns":5},{"damage":12,"enemies":"3 Louse","floor":4,"turns":4},{"damage":9,"enemies":"Exordium Wildlife","floor":5,"turns":8},{"damage":24,"enemies":"Lagavulin","floor":7,"turns":9},{"damage":3,"enemies":"Red Slaver","floor":11,"turns":6},{"damage":12,"enemies":"3 Sentries","floor":14,"turns":3}],"seed_played":"5582569792377676579","potions_obtained":[{"floor":4,"key":"Energy Potion"},{"floor":5,"key":"GhostInAJar"},{"floor":7,"key":"SkillPotion"}],"is_trial":false,"path_per_floor":["M","M","M","M","M","R","E","R","T","R","M","?","$","E"],"character_chosen":"THE_SILENT","items_purchased":["Skewer","Catalyst"],"campfire_rested":0,"item_purchase_floors":[13,13],"current_hp_per_floor":[59,59,59,47,38,38,14,14,14,14,11,11,11,0],"gold":12,"neow_bonus":"RANDOM_COLORLESS_2","is_prod":false,"is_daily":false,"chose_seed":false,"campfire_upgraded":3,"win_rate":0,"timestamp":1561376985,"path_taken":["M","M","M","M","M","R","E","R","T","R","M","?","$","E"],"build_version":"2019-01-23","purchased_purges":1,"victory":false,"max_hp_per_floor":[60,60,60,60,60,60,60,60,60,60,60,60,60,60],"card_choices":[{"not_picked":["Blade Dance","Flying Knee"],"picked":"Crippling Poison","floor":1},{"not_picked":["Bouncing Flask","Bane"],"picked":"Backflip","floor":2},{"not_picked":["Crippling Poison","Backflip"],"picked":"Distraction","floor":3},{"not_picked":["Outmaneuver","Dagger Throw"],"picked":"Dash","floor":4},{"not_picked":["Quick Slash","Dodge and Roll"],"picked":"Dagger Spray","floor":5},{"not_picked":["Bane","Deflect"],"picked":"Deadly Poison","floor":7},{"not_picked":["Calculated Gamble","Quick Slash"],"picked":"Caltrops","floor":11}],"player_experience":1470918,"relics_obtained":[{"floor":7,"key":"Turnip"},{"floor":9,"key":"Pantograph"}],"event_choices":[{"damage_healed":0,"gold_gain":0,"player_choice":"Grow","damage_taken":0,"max_hp_gain":0,"max_hp_loss":0,"event_name":"Living Wall","floor":12,"gold_loss":0,"cards_upgraded":["Distraction"]}],"is_beta":false,"boss_relics":[],"items_purged_floors":[13],"is_endless":false,"potions_floor_spawned":[4,5,7],"killed_by":"3 Sentries","ascension_level":16}