{"gold_per_floor":[12,26,26,56,131,131,148,148,148,163,191,205,216,42,42,119,119,139,157,176,176,11,11,38,38,62,2,2],"floor_reached":28,"playtime":1029,"items_purged":["Strike_R","Shame"],"score":440,"play_id":"a05c0d54-f3cb-4ee0-bbfb-ea0789629bd2","local_time":"20190701084857","is_ascension_mode":true,"campfire_choices":[{"data":"Seeing Red","floor":6,"key":"SMITH"},{"data":"Infernal Blade","floor":8,"key":"SMITH"},{"data":"Limit Break","floor":15,"key":"SMITH"},{"floor":23,"key":"REST"}],"neow_cost":"NO_GOLD","seed_source_timestamp":1153827354132400,"circlet_count":0,"master_deck":["AscendersBane","Strike_R+1","Strike_R","Strike_R","Defend_R","Defend_R","Defend_R","Defend_R","Bash","The Bomb","Madness","Seeing Red+1","Battle Trance","Limit Break+1","Infernal Blade+1","Metallicize","Anger","Inflame","Inflame","Shrug It Off","Reaper+1","Heavy Blade","Clash","Body Slam","Heavy Blade","True Grit","Exhume","Ghostly","Ghostly","Ghostly","Feel No Pain"],"relics":["Burning Blood","Tiny Chest","Pear","Vajra","Sozu","The Courier","Whetstone","Omamori"],"potions_floor_usage":[11,12,18],"damage_taken":[{"damage":12,"enemies":"Cultist","floor":1,"turns":4},{"damage":14,"enemies":"Jaw Worm","floor":2,"turns":4},{"damage":5,"enemies":"Small Slimes","floor":7,"turns":4},{"damage":2,"enemies":"2 Fungi Beasts","floor":10,"turns":3},{"damage":14,"enemies":"Lagavulin","floor":11,"turns":7},{"damage":14,"enemies":"Exordium Wildlife","floor":12,"turns":4},{"damage":26,"enemies":"Lots of Slimes","floor":13,"turns":3},{"damage":22,"enemies":"Slime Boss","floor":16,"turns":4},{"damage":4,"enemies":"3 Byrds","floor":18,"turns":3},{"damage":34,"enemies":"2 Thieves","floor":19,"turns":3},{"damage":21,"enemies":"Sentry and Sphere","floor":20,"turns":4},{"damage":67,"enemies":"Slavers","floor":24,"turns":5},{"damage":24,"enemies":"Book of Stabbing","floor":28,"turns":1}],"seed_played":"-9158335463513995644","potions_obtained":[{"floor":2,"key":"LiquidBronze"},{"floor":10,"key":"Regen Potion"},{"floor":11,"key":"SpeedPotion"}],"is_trial":false,"path_per_floor":["M","M","?","?","?","R","M","R","T","M","E","M","M","$","R","B",null,"M","M","M","?","$","R","E","?","T","$","E"],"character_chosen":"IRONCLAD","items_purchased":["Inflame","Shrug It Off","Heavy Blade","True Grit","Feel No Pain"],"campfire_rested":1,"item_purchase_floors":[14,14,22,22,27],"current_hp_per_floor":[62,54,54,43,32,32,33,33,43,47,54,46,26,26,26,10,66,68,40,25,25,25,50,10,10,10,10,0],"gold":2,"neow_bonus":"RANDOM_COLORLESS_2","is_prod":false,"is_daily":false,"chose_seed":false,"campfire_upgraded":3,"win_rate":0,"timestamp":1561963737,"path_taken":["M","?","?","?","?","R","M","R","T","M","E","M","?","$","R","BOSS","M","M","?","?","$","R","E","?","T","$","E"],"build_version":"2019-01-23","purchased_purges":2,"victory":false,"max_hp_per_floor":[75,75,75,75,75,75,75,75,85,85,85,85,85,85,85,85,85,85,85,85,85,85,85,85,42,42,42,42],"card_choices":[{"not_picked":["Sword Boomerang","Entrench"],"picked":"Seeing Red","floor":1},{"not_picked":["Burning Pact","Perfected Strike"],"picked":"Battle Trance","floor":2},{"not_picked":["Evolve","Warcry"],"picked":"Infernal Blade","floor":7},{"not_picked":["Entrench","Uppercut"],"picked":"Metallicize","floor":10},{"not_picked":["Clash","Perfected Strike","Searing Blow"],"picked":"SKIP","floor":11},{"not_picked":["Clothesline","Havoc"],"picked":"Anger","floor":12},{"not_picked":["Warcry","Wild Strike"],"picked":"Inflame","floor":13},{"not_picked":["Bludgeon","Fiend Fire"],"picked":"Reaper","floor":16},{"not_picked":["Inflame","Burning Pact"],"picked":"Heavy Blade","floor":18},{"not_picked":["Infernal Blade","Disarm"],"picked":"Clash","floor":19},{"not_picked":["Perfected Strike","Sword Boomerang"],"picked":"Body Slam","floor":20},{"not_picked":["Wild Strike","Bloodletting"],"picked":"Exhume","floor":24}],"player_experience":1533968,"relics_obtained":[{"floor":9,"key":"Pear"},{"floor":11,"key":"Vajra"},{"floor":24,"key":"Whetstone"},{"floor":26,"key":"Omamori"}],"event_choices":[{"damage_healed":0,"gold_gain":0,"cards_transformed":["Strike_R"],"player_choice":"Change","damage_taken":0,"max_hp_gain":0,"max_hp_loss":0,"event_name":"Living Wall","floor":3,"gold_loss":0,"cards_obtained":["Limit Break"]},{"damage_healed":0,"gold_gain":0,"player_choice":"Success","damage_taken":11,"relics_obtained":["Tiny Chest"],"max_hp_gain":0,"max_hp_loss":0,"event_name":"Scrap Ooze","floor":4,"gold_loss":0},{"damage_healed":0,"gold_gain":75,"player_choice":"Gather Gold","damage_taken":11,"max_hp_gain":0,"max_hp_loss":0,"event_name":"World of Goop","floor":5,"gold_loss":0},{"damage_healed":0,"gold_gain":0,"player_choice":"Stole Relic","damage_taken":0,"relics_obtained":["The Courier"],"max_hp_gain":0,"max_hp_loss":0,"event_name":"Addict","floor":21,"gold_loss":0,"cards_obtained":["Shame"]},{"damage_healed":0,"gold_gain":0,"player_choice":"Became a Ghost","damage_taken":0,"max_hp_gain":0,"max_hp_loss":43,"event_name":"Ghosts","floor":25,"gold_loss":0,"cards_obtained":["Ghostly","Ghostly","Ghostly"]}],"is_beta":false,"boss_relics":[{"not_picked":["Busted Crown","Runic Cube"],"picked":"Sozu"}],"items_purged_floors":[14,22],"is_endless":false,"potions_floor_spawned":[2,10,11,18,19,24],"killed_by":"Book of Stabbing","ascension_level":17}