{"gold_per_floor":[118,135,135,210,228,262,262,262,317,346,371,371,371,383,383,462,512,529,545,545,557,567,567,567],"floor_reached":24,"playtime":930,"items_purged":[],"score":461,"play_id":"e084d4d3-35f5-4e25-888d-7d3b03d6a166","local_time":"20190626200520","is_ascension_mode":true,"campfire_choices":[{"data":"Skewer","floor":7,"key":"SMITH"},{"data":"Neutralize","floor":12,"key":"SMITH"},{"data":"Noxious Fumes","floor":15,"key":"SMITH"},{"floor":23,"key":"REST"}],"neow_cost":"NONE","seed_source_timestamp":762495491670400,"circlet_count":0,"master_deck":["AscendersBane","Defend_G","Defend_G","Defend_G","Defend_G","Defend_G","Strike_G","Strike_G","Strike_G","Strike_G","Survivor","Neutralize+1","Noxious Fumes+1","Crippling Poison","Leg Sweep","Well Laid Plans+1","Skewer+1","Noxious Fumes","Footwork","Wraith Form v2","Flying Knee","Finisher+1","Bouncing Flask","Deadly Poison","PiercingWail"],"relics":["Ring of the Snake","NeowsBlessing","Pen Nib","Tiny Chest","Strawberry","Bag of Marbles","Question Card","Tiny House"],"potions_floor_usage":[10,14,18,21,22,22,24],"damage_taken":[{"damage":0,"enemies":"Small Slimes","floor":1,"turns":1},{"damage":0,"enemies":"Jaw Worm","floor":2,"turns":1},{"damage":0,"enemies":"2 Louse","floor":5,"turns":1},{"damage":24,"enemies":"Lagavulin","floor":6,"turns":10},{"damage":15,"enemies":"Gremlin Nob","floor":10,"turns":4},{"damage":0,"enemies":"Blue Slaver","floor":14,"turns":4},{"damage":0,"enemies":"The Guardian","floor":16,"turns":10},{"damage":2,"enemies":"Shell Parasite","floor":18,"turns":6},{"damage":5,"enemies":"3 Byrds","floor":19,"turns":5},{"damage":18,"enemies":"Snecko","floor":21,"turns":5},{"damage":15,"enemies":"Cultist and Chosen","floor":22,"turns":8},{"damage":48,"enemies":"Book of Stabbing","floor":24,"turns":6}],"seed_played":"-2727763892207386602","potions_obtained":[{"floor":1,"key":"SteroidPotion"},{"floor":2,"key":"Explosive Potion"},{"floor":10,"key":"Explosive Potion"},{"floor":17,"key":"FearPotion"},{"floor":19,"key":"Strength Potion"},{"floor":21,"key":"Block Potion"},{"floor":22,"key":"SpeedPotion"}],"is_trial":false,"path_per_floor":["M","M","?","?","M","E","R","?","T","E","T","R","T","M","R","B",null,"M","M","?","M","M","R","E"],"character_chosen":"THE_SILENT","items_purchased":[],"campfire_rested":1,"item_purchase_floors":[],"current_hp_per_floor":[59,59,59,48,48,24,24,46,46,38,38,38,38,38,38,38,69,67,62,58,40,25,48,0],"gold":567,"neow_bonus":"THREE_ENEMY_KILL","is_prod":false,"is_daily":false,"chose_seed":false,"campfire_upgraded":3,"win_rate":0,"timestamp":1561572320,"path_taken":["M","M","?","?","?","E","R","?","T","E","?","R","?","M","R","BOSS","M","M","?","M","?","R","E"],"build_version":"2019-01-23","purchased_purges":0,"victory":false,"max_hp_per_floor":[66,66,66,66,66,66,66,66,66,73,73,73,73,73,73,73,78,78,78,78,78,78,78,78],"card_choices":[{"not_picked":["PiercingWail","Tactician"],"picked":"Noxious Fumes","floor":1},{"not_picked":["Bouncing Flask","Blur"],"picked":"Crippling Poison","floor":2},{"not_picked":["Tactician","Flying Knee"],"picked":"Well Laid Plans","floor":5},{"not_picked":["Distraction","Unload"],"picked":"Skewer","floor":6},{"not_picked":["Acrobatics","Cloak And Dagger"],"picked":"Noxious Fumes","floor":10},{"not_picked":["PiercingWail","Acrobatics","Doppelganger"],"picked":"Footwork","floor":14},{"not_picked":["Unload","Storm of Steel","Grand Finale"],"picked":"Wraith Form v2","floor":16},{"not_picked":["Setup","Outmaneuver","Slice"],"picked":"Flying Knee","floor":17},{"not_picked":["Dodge and Roll","Poisoned Stab","Underhanded Strike"],"picked":"Finisher+1","floor":18},{"not_picked":["Well Laid Plans","Masterful Stab","Leg Sweep"],"picked":"Bouncing Flask","floor":19},{"not_picked":["Bane","Cloak And Dagger","Sucker Punch"],"picked":"Deadly Poison","floor":21},{"not_picked":["Dagger Spray","Acrobatics","Outmaneuver"],"picked":"PiercingWail","floor":22}],"player_experience":1494829,"relics_obtained":[{"floor":6,"key":"Pen Nib"},{"floor":9,"key":"Tiny Chest"},{"floor":10,"key":"Strawberry"},{"floor":11,"key":"Bag of Marbles"},{"floor":13,"key":"Question Card"}],"event_choices":[{"damage_healed":0,"gold_gain":0,"cards_transformed":["Strike_G"],"player_choice":"Change","damage_taken":0,"max_hp_gain":0,"max_hp_loss":0,"event_name":"Living Wall","floor":3,"gold_loss":0,"cards_obtained":["Leg Sweep"]},{"damage_healed":0,"gold_gain":75,"player_choice":"Gather Gold","damage_taken":11,"max_hp_gain":0,"max_hp_loss":0,"event_name":"World of Goop","floor":4,"gold_loss":0},{"damage_healed":22,"gold_gain":0,"player_choice":"Banana","damage_taken":0,"max_hp_gain":0,"max_hp_loss":0,"event_name":"Big Fish","floor":8,"gold_loss":0},{"damage_healed":0,"gold_gain":0,"player_choice":"Bought 0 Potions","damage_taken":0,"max_hp_gain":0,"max_hp_loss":0,"event_name":"The Woman in Blue","floor":20,"gold_loss":0}],"is_beta":false,"boss_relics":[{"not_picked":["Fusion Hammer","Orrery"],"picked":"Tiny House"}],"items_purged_floors":[],"is_endless":false,"potions_floor_spawned":[1,2,6,10,19,21,22],"killed_by":"Book of Stabbing","ascension_level":16}