{"gold_per_floor":[116,128,138,148,161,191,191,226,226,63,78,3,3,20,20,99,99,117,127,127,23,23,23,23],"floor_reached":24,"playtime":779,"items_purged":["Strike_R"],"score":385,"play_id":"db855827-a756-425e-9ccd-ee7ed63196e5","local_time":"20190706132134","is_ascension_mode":true,"campfire_choices":[{"data":"Bash","floor":7,"key":"SMITH"},{"data":"Flex","floor":13,"key":"SMITH"},{"data":"Flex","floor":15,"key":"SMITH"},{"data":"Ghostly","floor":23,"key":"SMITH"}],"neow_cost":"NONE","seed_source_timestamp":13750778250400,"circlet_count":0,"master_deck":["AscendersBane","Strike_R+1","Defend_R","Defend_R","Defend_R","Bash+1","Anger","Anger","Pommel Strike+1","Flex+1","Headbutt","Anger","Heavy Blade","Rage","Headbutt+1","Body Slam+1","Flex+1","Twin Strike+1","Offering","Infernal Blade+1","Body Slam+1","Limit Break","Hemokinesis+1","Feel No Pain","True Grit","Ghostly+1","Ghostly","Ghostly"],"relics":["Burning Blood","Centennial Puzzle","Whetstone","Happy Flower","Molten Egg 2","Empty Cage"],"potions_floor_usage":[4,6,6,16,19,24],"damage_taken":[{"damage":7,"enemies":"Cultist","floor":1,"turns":4},{"damage":6,"enemies":"Small Slimes","floor":2,"turns":3},{"damage":2,"enemies":"Jaw Worm","floor":3,"turns":3},{"damage":6,"enemies":"Exordium Thugs","floor":4,"turns":3},{"damage":12,"enemies":"Looter","floor":5,"turns":3},{"damage":12,"enemies":"3 Sentries","floor":6,"turns":6},{"damage":25,"enemies":"Lagavulin","floor":8,"turns":4},{"damage":13,"enemies":"Blue Slaver","floor":11,"turns":2},{"damage":0,"enemies":"2 Fungi Beasts","floor":14,"turns":3},{"damage":43,"enemies":"The Guardian","floor":16,"turns":8},{"damage":11,"enemies":"2 Thieves","floor":18,"turns":3},{"damage":18,"enemies":"Shell Parasite","floor":19,"turns":2},{"damage":43,"enemies":"Book of Stabbing","floor":24,"turns":5}],"seed_played":"6491913930037613023","potions_obtained":[{"floor":3,"key":"Explosive Potion"},{"floor":4,"key":"PowerPotion"},{"floor":5,"key":"Explosive Potion"},{"floor":11,"key":"BloodPotion"},{"floor":16,"key":"EssenceOfSteel"},{"floor":19,"key":"Swift Potion"}],"is_trial":false,"path_per_floor":["M","M","M","M","M","E","R","E","T","$","M","$","R","M","R","B",null,"M","M","?","$","?","R","E"],"character_chosen":"IRONCLAD","items_purchased":["Rage","Body Slam+1","Flex","Feel No Pain","True Grit"],"campfire_rested":0,"item_purchase_floors":[10,12,12,21,21],"current_hp_per_floor":[67,67,71,71,65,59,59,40,40,40,33,33,33,39,39,20,61,56,44,44,44,37,37,0],"gold":23,"neow_bonus":"RANDOM_COMMON_RELIC","is_prod":false,"is_daily":false,"chose_seed":false,"campfire_upgraded":4,"win_rate":0,"timestamp":1562412094,"path_taken":["M","?","M","M","M","E","R","E","T","$","M","?","R","?","R","BOSS","M","M","?","$","?","R","E"],"build_version":"2019-07-05","purchased_purges":1,"victory":false,"max_hp_per_floor":[75,75,75,75,75,75,75,75,75,75,75,75,75,75,75,75,75,75,75,75,75,37,37,37],"card_choices":[{"not_picked":["Wild Strike","Rupture"],"picked":"Anger","floor":1},{"not_picked":["Warcry","Clash"],"picked":"Anger","floor":2},{"not_picked":["Searing Blow","Twin Strike"],"picked":"Pommel Strike","floor":3},{"not_picked":["Uppercut","Havoc"],"picked":"Flex","floor":4},{"not_picked":["Dual Wield","Immolate"],"picked":"Headbutt","floor":5},{"not_picked":["Pummel","Limit Break"],"picked":"Anger","floor":6},{"not_picked":["Corruption","Flex"],"picked":"Heavy Blade","floor":8},{"not_picked":["Havoc","Cleave+1"],"picked":"Headbutt+1","floor":11},{"not_picked":["Warcry","Searing Blow+1"],"picked":"Twin Strike+1","floor":14},{"not_picked":["Dark Embrace","Impervious"],"picked":"Offering","floor":16},{"not_picked":["Fire Breathing","Clash+1"],"picked":"Infernal Blade+1","floor":18},{"not_picked":["Twin Strike+1","Pommel Strike+1"],"picked":"Body Slam+1","floor":19}],"player_experience":1614148,"relics_obtained":[{"floor":6,"key":"Whetstone"},{"floor":8,"key":"Happy Flower"},{"floor":9,"key":"Molten Egg 2"}],"event_choices":[{"damage_healed":0,"gold_gain":0,"cards_transformed":["Strike_R","Defend_R"],"player_choice":"Became Test Subject","damage_taken":0,"max_hp_gain":0,"max_hp_loss":0,"event_name":"Drug Dealer","floor":20,"gold_loss":0,"cards_obtained":["Limit Break","Hemokinesis"]},{"damage_healed":0,"gold_gain":0,"player_choice":"Became a Ghost","damage_taken":0,"max_hp_gain":0,"max_hp_loss":38,"event_name":"Ghosts","floor":22,"gold_loss":0,"cards_obtained":["Ghostly","Ghostly","Ghostly"]}],"is_beta":false,"boss_relics":[{"not_picked":["Orrery","Calling Bell"],"picked":"Empty Cage"}],"items_purged_floors":[10],"is_endless":false,"potions_floor_spawned":[3,4,5,11,16,19],"killed_by":"Book of Stabbing","ascension_level":17}