{"gold_per_floor":[111,111,126,301,318,347,360,360,360,360,44,54,54,88,88,193,193,193,193,93,93,93,93,93,93,93,93,93,93,0,0,0,0,0,0,0,0,0,0,0,0,0,0,0,0,0,0,0,0,0],"floor_reached":51,"playtime":1683,"items_purged":["Doubt","Strike_R"],"score":931,"play_id":"5fd342cb-5b7c-4d19-a9f2-0e91a79230ee","local_time":"20180627204534","is_ascension_mode":false,"campfire_choices":[{"data":"Bash","floor":8,"key":"SMITH"},{"data":"Evolve","floor":10,"key":"SMITH"},{"data":"Clothesline","floor":13,"key":"SMITH"},{"data":"Twin Strike","floor":15,"key":"SMITH"},{"data":"Ghostly Armor","floor":23,"key":"SMITH"},{"data":"Defend_R","floor":25,"key":"SMITH"},{"floor":29,"key":"REST"},{"data":"Defend_R","floor":32,"key":"SMITH"},{"data":"Defend_R","floor":40,"key":"SMITH"},{"data":"Strike_R","floor":42,"key":"SMITH"},{"floor":49,"key":"REST"}],"neow_cost":"NONE","seed_source_timestamp":233768985069216,"circlet_count":0,"master_deck":["Strike_R+1","Strike_R+1","Strike_R+1","Strike_R+1","Defend_R+1","Defend_R+1","Defend_R+1","Defend_R+1","Bash+1","Twin Strike+1","Clothesline+1","Offering","Uppercut+1","Evolve+1","Blood for Blood+1","Body Slam+1","Feed+1","Rampage+1","Ghostly Armor+1","Bludgeon+1","Fiend Fire+1","Ghostly Armor+1","Regret","Injury","Shockwave"],"relics":["Burning Blood","NeowsBlessing","Molten Egg 2","Bottled Tornado","Mercury Hourglass","Anchor","Ectoplasm","Singing Bowl","Happy Flower","Cursed Key","Darkstone Periapt","Whetstone","Bird Faced Urn"],"potions_floor_usage":[27,35,50,50],"damage_taken":[{"damage":0,"enemies":"2 Louse","floor":1,"turns":1},{"damage":0,"enemies":"Small Slimes","floor":3,"turns":1},{"damage":0,"enemies":"Cultist","floor":5,"turns":1},{"damage":20,"enemies":"Gremlin Nob","floor":6,"turns":4},{"damage":12,"enemies":"3 Louse","floor":7,"turns":3},{"damage":9,"enemies":"Blue Slaver","floor":12,"turns":3},{"damage":13,"enemies":"Lagavulin","floor":14,"turns":5},{"damage":10,"enemies":"Slime Boss","floor":16,"turns":6},{"damage":0,"enemies":"Chosen","floor":18,"turns":3},{"damage":4,"enemies":"Spheric Guardian","floor":19,"turns":3},{"damage":15,"enemies":"Snake Plant","floor":22,"turns":3},{"damage":4,"enemies":"Centurion and Healer","floor":24,"turns":4},{"damage":50,"enemies":"Gremlin Leader","floor":27,"turns":5},{"damage":4,"enemies":"Sentry and Sphere","floor":28,"turns":3},{"damage":4,"enemies":"Snake Plant","floor":31,"turns":2},{"damage":65,"enemies":"Collector","floor":33,"turns":8},{"damage":0,"enemies":"Orb Walker","floor":35,"turns":2},{"damage":0,"enemies":"3 Shapes","floor":36,"turns":3},{"damage":26,"enemies":"3 Darklings","floor":38,"turns":4},{"damage":7,"enemies":"Maw","floor":41,"turns":5},{"damage":11,"enemies":"4 Shapes","floor":44,"turns":4},{"damage":16,"floor":46,"turns":5},{"damage":4,"enemies":"Sphere and 2 Shapes","floor":47,"turns":3},{"damage":25,"enemies":"3 Darklings","floor":48,"turns":4},{"damage":68,"enemies":"Time Eater","floor":50,"turns":9}],"seed_played":"-4539451411796422679","potions_obtained":[{"floor":3,"key":"FearPotion"},{"floor":7,"key":"Energy Potion"},{"floor":14,"key":"Swift Potion"},{"floor":16,"key":"Strength Potion"},{"floor":18,"key":"AttackPotion"},{"floor":27,"key":"BloodPotion"},{"floor":33,"key":"SteroidPotion"},{"floor":36,"key":"SpeedPotion"},{"floor":37,"key":"EssenceOfSteel"},{"floor":38,"key":"Fire Potion"}],"is_trial":false,"path_per_floor":["M","?","M","?","M","E","M","R","T","R","$","M","R","E","R","B",null,"M","M","$","?","M","R","M","R","T","E","M","R","?","M","R","B",null,"M","M","?","M","$","R","M","R","T","M","T","?","M","M","R","B"],"character_chosen":"IRONCLAD","items_purchased":["Mercury Hourglass"],"campfire_rested":2,"item_purchase_floors":[11],"current_hp_per_floor":[80,64,70,70,76,62,56,56,56,56,56,53,53,46,46,42,80,84,84,84,84,75,75,81,81,81,39,47,75,75,79,79,20,98,100,104,104,86,86,86,87,87,87,88,94,84,94,79,117,57],"gold":0,"neow_bonus":"THREE_ENEMY_KILL","is_prod":false,"is_daily":false,"chose_seed":false,"campfire_upgraded":9,"win_rate":0,"timestamp":1530128734,"path_taken":["M","?","?","?","?","E","M","R","T","R","?","M","R","E","R","BOSS","M","M","?","?","M","R","M","R","T","E","M","R","?","?","R","BOSS","M","M","?","M","$","R","M","R","T","M","?","?","?","?","R","BOSS"],"build_version":"2018-06-21v2","purchased_purges":2,"victory":true,"max_hp_per_floor":[80,80,80,80,80,80,80,80,80,80,80,80,80,80,80,80,80,84,84,84,84,84,84,88,88,88,90,96,96,96,98,98,98,98,100,104,104,106,106,106,108,108,108,114,120,120,126,128,128,128],"card_choices":[{"not_picked":["Flex","Hemokinesis"],"picked":"Twin Strike","floor":1},{"not_picked":["Warcry","Blood for Blood"],"picked":"Clothesline","floor":3},{"not_picked":["Anger","Shrug It Off"],"picked":"Offering","floor":5},{"not_picked":["Disarm","Warcry"],"picked":"Uppercut","floor":6},{"not_picked":["Flex","Wild Strike+1"],"picked":"Evolve","floor":7},{"not_picked":["Twin Strike+1","Second Wind"],"picked":"Blood for Blood+1","floor":12},{"not_picked":["Uppercut+1","Bloodletting"],"picked":"Body Slam+1","floor":14},{"not_picked":["Juggernaut","Reaper+1"],"picked":"Feed+1","floor":16},{"not_picked":["Warcry+1","Shrug It Off"],"picked":"Rampage+1","floor":18},{"not_picked":["Anger+1","Perfected Strike+1"],"picked":"Ghostly Armor","floor":19},{"not_picked":["Anger+1","Iron Wave+1","Rupture"],"picked":"SKIP","floor":22},{"not_picked":["True Grit","Body Slam+1"],"picked":"Bludgeon+1","floor":24},{"not_picked":["Uppercut+1","Twin Strike+1","Juggernaut"],"picked":"Singing Bowl","floor":27},{"not_picked":["Flame Barrier+1","Havoc+1","Blood for Blood+1"],"picked":"Singing Bowl","floor":28},{"not_picked":["Headbutt+1","Dropkick+1","Cleave+1"],"picked":"Singing Bowl","floor":31},{"not_picked":["Double Tap","Brutality"],"picked":"Fiend Fire+1","floor":33},{"not_picked":["Rampage+1","Thunderclap+1","Carnage+1"],"picked":"Singing Bowl","floor":35},{"not_picked":["Perfected Strike+1","Heavy Blade+1"],"picked":"Ghostly Armor+1","floor":36},{"not_picked":["Pommel Strike+1","Anger+1","Armaments"],"picked":"Singing Bowl","floor":38},{"not_picked":["Anger+1","Sword Boomerang+1","Twin Strike+1"],"picked":"Singing Bowl","floor":41},{"not_picked":["Pommel Strike+1","Intimidate+1","True Grit"],"picked":"Singing Bowl","floor":44},{"not_picked":["Seeing Red","Feel No Pain"],"picked":"Shockwave","floor":46},{"not_picked":["Sword Boomerang+1","Pommel Strike+1","Shockwave+1"],"picked":"Singing Bowl","floor":47},{"not_picked":["Perfected Strike+1","Shrug It Off+1","Reckless Charge+1"],"picked":"Singing Bowl","floor":48}],"player_experience":500584,"relics_obtained":[{"floor":6,"key":"Molten Egg 2"},{"floor":9,"key":"Bottled Tornado"},{"floor":14,"key":"Anchor"},{"floor":26,"key":"Singing Bowl"},{"floor":27,"key":"Happy Flower"},{"floor":43,"key":"Darkstone Periapt"},{"floor":45,"key":"Whetstone"},{"floor":46,"key":"Bird Faced Urn"}],"event_choices":[{"event_name":"Shining Light","player_choice":"Entered Light","floor":2,"damage_taken":0},{"event_name":"Liars Game","player_choice":"agreed","floor":4,"damage_taken":0},{"event_name":"Ghosts","player_choice":"Ignored","floor":21,"damage_taken":0},{"event_name":"Masked Bandits","player_choice":"Paid Bandits 93 gold","floor":30,"damage_taken":0},{"event_name":"The Lab","player_choice":"Got Potions","floor":37,"damage_taken":0},{"event_name":"MindBloom","player_choice":"Fight","floor":46,"damage_taken":0}],"boss_relics":[{"not_picked":["Empty Cage","Eternal Feather"],"picked":"Ectoplasm"},{"not_picked":["Tiny House","Busted Crown"],"picked":"Cursed Key"}],"items_purged_floors":[11,20],"is_endless":false,"potions_floor_spawned":[3,7,14,16,18,22,27,33,36,38,44,46],"ascension_level":0}