{"gold_per_floor":[166,91,91,104,116,142,142,169,194,208,208,568,568,602,602,680,680,697,697,39,0,0,0,11,24,24,24,24,39,39,59,59,131,131,148,148,167,46,60,60,90,90,115,115,1,1,16,36,36,36],"floor_reached":50,"playtime":2216,"items_purged":["Strike_B","Strike_B"],"score":1126,"play_id":"edc78c6f-2be5-49bf-890a-4fda999f487a","local_time":"20181130000206","is_ascension_mode":true,"campfire_choices":[{"floor":7.0,"key":"REST"},{"floor":11.0,"key":"REST"},{"data":"Biased Cognition","floor":15.0,"key":"SMITH"},{"data":"Storm","floor":23.0,"key":"SMITH"},{"data":"Capacitor","floor":28.0,"key":"SMITH"},{"floor":30.0,"key":"REST"},{"floor":32.0,"key":"RECALL"},{"floor":40.0,"key":"REST"},{"floor":42.0,"key":"REST"},{"floor":44.0,"key":"REST"},{"floor":49.0,"key":"REST"}],"neow_cost":"NONE","seed_source_timestamp":0,"circlet_count":0,"master_deck":["AscendersBane","Dualcast","Conserve Battery","Steam","Biased Cognition+1","Storm+1","Undo","Recycle","Machine Learning","Go for the Eyes","Leap","Conserve Battery","Capacitor+1","Leap","Echo Form","Chill","Hello World","Coolheaded+1","Ball Lightning","Parasite","Regret","Shockwave+1","Footwork","Sweeping Beam+1","Tools of the Trade","Leap","Conserve Battery","Coolheaded","Cold Snap","Go for the Eyes","Ball Lightning","Consume","Writhe","Quick Slash+1","Doom and Gloom","Self Repair","Backflip","Machine Learning","Static Discharge","Burning Pact","Shame","Bandage Up","Hello World","Turbo","Scrape","Steam+1","Jack Of All Trades+1"],"special_seed":0,"relics":["Tiny House","Orichalcum","Blood Vial","Dream Catcher","Old Coin","Mango","Cursed Key","Tiny Chest","PrismaticShard","Art of War","Mercury Hourglass","Pandora\u0027s Box","Question Card","Mummified Hand","Ancient Tea Set"],"potions_floor_usage":[],"damage_taken":[{"damage":4.0,"enemies":"Jaw Worm","floor":1.0,"turns":4.0},{"damage":1.0,"enemies":"Cultist","floor":4.0,"turns":3.0},{"damage":1.0,"enemies":"Small Slimes","floor":5.0,"turns":5.0},{"damage":32.0,"enemies":"Gremlin Nob","floor":6.0,"turns":4.0},{"damage":41.0,"enemies":"Lagavulin","floor":8.0,"turns":7.0},{"damage":2.0,"enemies":"Red Slaver","floor":10.0,"turns":4.0},{"damage":17.0,"enemies":"3 Sentries","floor":12.0,"turns":6.0},{"damage":36.0,"enemies":"3 Sentries","floor":14.0,"turns":10.0},{"damage":33.0,"enemies":"Hexaghost","floor":16.0,"turns":9.0},{"damage":13.0,"enemies":"Spheric Guardian","floor":18.0,"turns":4.0},{"damage":6.0,"enemies":"3 Byrds","floor":24.0,"turns":5.0},{"damage":5.0,"enemies":"Snake Plant","floor":25.0,"turns":4.0},{"damage":24.0,"enemies":"3 Cultists","floor":29.0,"turns":5.0},{"damage":8.0,"enemies":"Snecko","floor":31.0,"turns":5.0},{"damage":47.0,"enemies":"Collector","floor":33.0,"turns":11.0},{"damage":4.0,"enemies":"3 Shapes","floor":35.0,"turns":4.0},{"damage":7.0,"enemies":"Orb Walker","floor":37.0,"turns":3.0},{"damage":33.0,"enemies":"Transient","floor":39.0,"turns":6.0},{"damage":48.0,"enemies":"Reptomancer","floor":41.0,"turns":5.0},{"damage":11.0,"enemies":"4 Shapes","floor":47.0,"turns":4.0},{"damage":67.0,"enemies":"Spire Growth","floor":48.0,"turns":4.0},{"damage":47,"enemies":"Time Eater","floor":50,"turns":5}],"seed_played":"-3960779692888318046","potions_obtained":[{"floor":0.0,"key":"Poison Potion"},{"floor":6.0,"key":"LiquidBronze"},{"floor":8.0,"key":"GamblersBrew"},{"floor":10.0,"key":"AttackPotion"},{"floor":14.0,"key":"LiquidBronze"},{"floor":24.0,"key":"GamblersBrew"},{"floor":25.0,"key":"AttackPotion"},{"floor":31.0,"key":"LiquidBronze"},{"floor":39.0,"key":"Energy Potion"},{"floor":47.0,"key":"Weak Potion"}],"is_trial":false,"path_per_floor":["M","$","?","M","M","E","R","E","T","M","R","?","?","E","R","B",null,"M","?","$","?","?","R","M","M","T","T","R","M","R","M","R","B",null,"M","T","M","$","M","R","E","R","T","R","$","?","M","M","R","B"],"character_chosen":"DEFECT","items_purchased":["Tiny Chest","PrismaticShard","Art of War","Hello World","Doom and Gloom","Self Repair","Hello World","Turbo"],"campfire_rested":7,"item_purchase_floors":[20,20,20,20,38,38,45,45],"current_hp_per_floor":[65,65,65,64,63,31,53,12,12,12,34,19,76,54,54,23,73,62,80,80,80,80,80,76,73,73,73,73,51,78,72,72,27,74,72,72,67,67,43,70,24,51,51,78,78,78,69,8,35,0],"gold":36,"neow_bonus":"BOSS_RELIC","is_prod":false,"is_daily":false,"chose_seed":false,"campfire_upgraded":3,"win_rate":0,"timestamp":1543532526,"path_taken":["M","$","?","?","M","E","R","E","T","M","R","?","?","E","R","BOSS","M","?","$","?","?","R","M","M","T","?","R","?","R","M","R","BOSS","M","?","M","$","M","R","E","R","T","R","?","?","?","M","R","BOSS"],"build_version":"2018-11-15","purchased_purges":2,"victory":false,"max_hp_per_floor":[76,76,76,76,76,76,76,76,76,76,76,76,76,90,90,90,90,90,90,90,90,90,90,90,90,90,90,90,90,90,90,90,90,90,90,90,90,90,90,90,90,90,90,90,90,90,90,90,90,90],"card_choices":[{"not_picked":["Compile Driver","Auto Shields"],"picked":"Conserve Battery","floor":0.0},{"not_picked":["Stack","Rebound"],"picked":"Steam","floor":1.0},{"not_picked":["Redo","Force Field"],"picked":"Undo","floor":4.0},{"not_picked":["Reboot","Scrape"],"picked":"Recycle","floor":5.0},{"not_picked":["Stack","Turbo"],"picked":"Machine Learning","floor":6.0},{"not_picked":["Melter","Compile Driver"],"picked":"Go for the Eyes","floor":8.0},{"not_picked":["Redo","Beam Cell"],"picked":"Leap","floor":10.0},{"not_picked":["Streamline","Meteor Strike"],"picked":"Conserve Battery","floor":11.0},{"not_picked":["Leap","Rebound"],"picked":"Capacitor","floor":12.0},{"not_picked":["Gash","Turbo"],"picked":"Leap","floor":14.0},{"not_picked":["Fission","Seek"],"picked":"Echo Form","floor":16.0},{"not_picked":["Steam","Go for the Eyes"],"picked":"Chill","floor":18.0},{"not_picked":["Steam Power","Reprogram"],"picked":"Coolheaded+1","floor":24.0},{"not_picked":["Scrape","Acrobatics"],"picked":"Ball Lightning","floor":25.0},{"not_picked":["Warcry","Wild Strike+1"],"picked":"Shockwave+1","floor":29.0},{"not_picked":["Twin Strike","Iron Wave"],"picked":"Footwork","floor":30.0},{"not_picked":["Underhanded Strike","Metamorphosis"],"picked":"Sweeping Beam+1","floor":31.0},{"not_picked":["Fission","Chrysalis"],"picked":"Tools of the Trade","floor":33.0},{"not_picked":["Outmaneuver","Blade Dance+1"],"picked":"Consume","floor":35.0},{"not_picked":["Madness","Gash","Quick Slash+1"],"picked":"Quick Slash+1","floor":37.0},{"not_picked":["Backstab+1","Blade Dance","Outmaneuver"],"picked":"Backflip","floor":39.0},{"not_picked":["Lockon","Tactician","Deflect+1"],"picked":"Machine Learning","floor":40.0},{"not_picked":["Dagger Spray","Prepared","Sever Soul+1"],"picked":"Static Discharge","floor":41.0},{"not_picked":["Havoc","Deflect+1","Hemokinesis"],"picked":"Burning Pact","floor":42.0},{"not_picked":["Unload","Flex","Streamline"],"picked":"Bandage Up","floor":44.0},{"not_picked":["Blade Dance","Ball Lightning","Go for the Eyes","Heel Hook"],"picked":"SKIP","floor":47.0},{"not_picked":["Flex","Shrug It Off","Power Through"],"picked":"Steam+1","floor":48.0},{"not_picked":["Blur","Cleave","Bouncing Flask"],"picked":"Jack Of All Trades+1","floor":49.0}],"player_experience":510342,"relics_obtained":[{"floor":6.0,"key":"Orichalcum"},{"floor":8.0,"key":"Blood Vial"},{"floor":9.0,"key":"Dream Catcher"},{"floor":12.0,"key":"Old Coin"},{"floor":14.0,"key":"Mango"},{"floor":27.0,"key":"Mercury Hourglass"},{"floor":36.0,"key":"Question Card"},{"floor":41.0,"key":"Mummified Hand"},{"floor":43.0,"key":"Ancient Tea Set"}],"event_choices":[{"damage_healed":0.0,"max_hp_gain":0.0,"max_hp_loss":0.0,"gold_gain":0.0,"event_name":"Match and Keep!","player_choice":"2 cards matched","floor":3.0,"gold_loss":0.0,"damage_taken":0.0,"cards_obtained":["Biased Cognition","Storm"]},{"damage_healed":0.0,"max_hp_gain":0.0,"max_hp_loss":0.0,"gold_gain":0.0,"event_name":"Dead Adventurer","player_choice":"Searched \u00272\u0027 times","floor":12.0,"gold_loss":0.0,"damage_taken":0.0},{"damage_healed":57.0,"max_hp_gain":0.0,"max_hp_loss":0.0,"gold_gain":0.0,"event_name":"Wheel of Change","player_choice":"Full Heal","floor":13.0,"gold_loss":0.0,"damage_taken":0.0},{"damage_healed":18.0,"max_hp_gain":0.0,"max_hp_loss":0.0,"gold_gain":0.0,"event_name":"The Library","player_choice":"Heal","floor":19.0,"gold_loss":0.0,"damage_taken":0.0},{"damage_healed":0.0,"max_hp_gain":0.0,"max_hp_loss":0.0,"gold_gain":0.0,"event_name":"Masked Bandits","player_choice":"Paid Fearfully","floor":21.0,"gold_loss":39.0,"damage_taken":0.0},{"damage_healed":0.0,"max_hp_gain":0.0,"max_hp_loss":0.0,"gold_gain":0.0,"event_name":"Cursed Tome","player_choice":"Ignored","floor":22.0,"gold_loss":0.0,"damage_taken":0.0},{"damage_healed":0.0,"max_hp_gain":0.0,"max_hp_loss":0.0,"gold_gain":0.0,"cards_transformed":["Zap"],"event_name":"Transmorgrifier","player_choice":"Transformed","floor":46.0,"gold_loss":0.0,"damage_taken":0.0,"cards_obtained":["Scrape"]}],"is_beta":false,"boss_relics":[{"not_picked":["Lizard Tail","Black Star"],"picked":"Cursed Key"},{"not_picked":["Sozu","Coffee Dripper"],"picked":"Pandora\u0027s Box"}],"items_purged_floors":[2,20],"is_endless":false,"potions_floor_spawned":[6,8,10,14,24,25,31,35,39,47],"killed_by":"Time Eater","ascension_level":20}