{"gold_per_floor":[119,119,119,129,54,54,86,96,119,131],"floor_reached":10,"playtime":429,"items_purged":[],"score":119,"play_id":"59ad6dfb-93fd-47bb-bb85-1c1a9a451f98","local_time":"20190617175504","is_ascension_mode":true,"campfire_choices":[{"data":"Neutralize","floor":6,"key":"SMITH"}],"neow_cost":"NONE","seed_source_timestamp":54426215431700,"circlet_count":0,"master_deck":["AscendersBane","Defend_G","Defend_G","Defend_G","Defend_G","Defend_G","Strike_G","Strike_G","Strike_G","Strike_G","Survivor","Neutralize+1","Flying Knee","Crippling Poison","Deadly Poison"],"relics":["Ring of the Snake","Boot","Singing Bowl","Girya","MawBank"],"potions_floor_usage":[8],"damage_taken":[{"damage":3,"enemies":"Jaw Worm","floor":1,"turns":6},{"damage":2,"enemies":"Cultist","floor":4,"turns":4},{"damage":37,"enemies":"3 Sentries","floor":7,"turns":13},{"damage":0,"enemies":"2 Louse","floor":8,"turns":1},{"damage":27,"enemies":"Gremlin Nob","floor":10,"turns":4}],"seed_played":"7542033793985047612","potions_obtained":[{"floor":7,"key":"Explosive Potion"}],"is_trial":false,"path_per_floor":["M","?","T","M","?","R","E","M","T","E"],"character_chosen":"THE_SILENT","items_purchased":[],"campfire_rested":0,"item_purchase_floors":[],"current_hp_per_floor":[56,61,61,61,61,61,24,24,24,0],"gold":131,"neow_bonus":"RANDOM_COMMON_RELIC","is_prod":false,"is_daily":false,"chose_seed":false,"campfire_upgraded":1,"win_rate":0,"timestamp":1560786904,"path_taken":["M","?","?","?","?","R","E","M","T","E"],"build_version":"2019-01-23","purchased_purges":0,"victory":false,"max_hp_per_floor":[66,71,71,73,73,73,73,73,73,73],"card_choices":[{"not_picked":["Quick Slash","Deadly Poison"],"picked":"Flying Knee","floor":1},{"not_picked":["Blade Dance","Cloak And Dagger","Underhanded Strike"],"picked":"Singing Bowl","floor":4},{"not_picked":["Dagger Throw","Blade Dance"],"picked":"Crippling Poison","floor":7},{"not_picked":["Cloak And Dagger","Calculated Gamble"],"picked":"Deadly Poison","floor":8}],"player_experience":1397622,"relics_obtained":[{"floor":3,"key":"Singing Bowl"},{"floor":7,"key":"Girya"},{"floor":9,"key":"MawBank"}],"event_choices":[{"damage_healed":0,"gold_gain":0,"player_choice":"Donut","damage_taken":0,"max_hp_gain":5,"max_hp_loss":0,"event_name":"Big Fish","floor":2,"gold_loss":0},{"cards_removed":["Strike_G"],"damage_healed":0,"gold_gain":0,"player_choice":"Card Removal","damage_taken":0,"max_hp_gain":0,"max_hp_loss":0,"event_name":"The Cleric","floor":5,"gold_loss":75}],"is_beta":false,"boss_relics":[],"items_purged_floors":[],"is_endless":false,"potions_floor_spawned":[7],"killed_by":"Gremlin Nob","ascension_level":16}