{"gold_per_floor":[113,113,11,186,204,204,220,220,271,283,306,348,370,402,414,525,537,569,39,39],"floor_reached":20,"playtime":411,"items_purged":["Strike_R"],"score":214,"play_id":"c90dfe4b-53fb-42ad-b421-7be528af3f32","local_time":"20181224095922","is_ascension_mode":false,"campfire_choices":[{"data":"Bash","floor":6,"key":"SMITH"},{"data":"Corruption","floor":8,"key":"SMITH"},{"data":"Pommel Strike","floor":10,"key":"SMITH"},{"data":"Armaments","floor":15,"key":"SMITH"}],"neow_cost":"NONE","seed_source_timestamp":175844273497898,"circlet_count":0,"master_deck":["Strike_R","Strike_R","Strike_R","Strike_R","Defend_R","Defend_R","Defend_R","Defend_R","Bash+1","Pommel Strike+1","Shrug It Off","Doubt","Fire Breathing","Corruption+1","Pummel","Cleave","Body Slam","Armaments+1","Demon Form","Clothesline","Juggernaut"],"relics":["Busted Crown","MawBank","Odd Mushroom","Eternal Feather","Ornamental Fan","Oddly Smooth Stone"],"potions_floor_usage":[20],"damage_taken":[{"damage":0,"enemies":"Small Slimes","floor":1,"turns":2},{"damage":2,"enemies":"2 Louse","floor":5,"turns":3},{"damage":11,"enemies":"Jaw Worm","floor":7,"turns":3},{"damage":6,"enemies":"2 Fungi Beasts","floor":11,"turns":3},{"damage":7,"enemies":"The Mushroom Lair","floor":12,"turns":4},{"damage":10,"enemies":"Looter","floor":13,"turns":2},{"damage":5,"enemies":"Red Slaver","floor":14,"turns":3},{"damage":0,"enemies":"Slime Boss","floor":16,"turns":9},{"damage":17,"enemies":"Spheric Guardian","floor":18,"turns":4},{"damage":21,"enemies":"Colosseum Slavers","floor":20,"turns":4},{"damage":47,"enemies":"Colosseum Nobs","floor":20,"turns":3}],"seed_played":"9035695037328553205","potions_obtained":[{"floor":7,"key":"Block Potion"},{"floor":13,"key":"Weak Potion"},{"floor":14,"key":"Swift Potion"}],"is_trial":false,"path_per_floor":["M","?","$","?","M","R","M","R","T","R","M","?","M","M","R","B",null,"M","$","?"],"character_chosen":"IRONCLAD","items_purchased":["Shrug It Off","Ornamental Fan","Oddly Smooth Stone","Juggernaut"],"campfire_rested":0,"item_purchase_floors":[3,19,19,19],"current_hp_per_floor":[80,85,85,85,83,83,72,72,72,72,66,59,49,44,44,44,85,68,68,0],"gold":39,"neow_bonus":"BOSS_RELIC","is_prod":false,"is_daily":false,"chose_seed":false,"campfire_upgraded":4,"win_rate":0,"timestamp":1545641962,"path_taken":["M","?","$","?","M","R","M","R","T","R","M","?","M","M","R","BOSS","M","$","?"],"build_version":"2018-12-20","purchased_purges":1,"victory":false,"max_hp_per_floor":[80,85,85,85,85,85,85,85,85,85,85,85,85,85,85,85,85,85,85,85],"card_choices":[{"not_picked":[],"picked":"Pommel Strike","floor":1},{"not_picked":[],"picked":"Fire Breathing","floor":5},{"not_picked":[],"picked":"Corruption","floor":7},{"not_picked":[],"picked":"Pummel","floor":11},{"not_picked":[],"picked":"Cleave","floor":12},{"not_picked":[],"picked":"Body Slam","floor":13},{"not_picked":[],"picked":"Armaments","floor":14},{"not_picked":[],"picked":"Demon Form","floor":16},{"not_picked":[],"picked":"Clothesline","floor":18}],"player_experience":537669,"relics_obtained":[{"floor":9,"key":"MawBank"},{"floor":12,"key":"Odd Mushroom"}],"event_choices":[{"damage_healed":0,"gold_gain":0,"player_choice":"Donut","damage_taken":0,"max_hp_gain":5,"max_hp_loss":0,"event_name":"Big Fish","floor":2,"gold_loss":0},{"damage_healed":0,"gold_gain":175,"player_choice":"AGREE","damage_taken":0,"max_hp_gain":0,"max_hp_loss":0,"event_name":"Liars Game","floor":4,"gold_loss":0,"cards_obtained":["Doubt"]},{"damage_healed":0,"gold_gain":0,"player_choice":"Fought Mushrooms","damage_taken":0,"max_hp_gain":0,"max_hp_loss":0,"event_name":"Mushrooms","floor":12,"gold_loss":0},{"damage_healed":0,"gold_gain":0,"player_choice":"Fight","damage_taken":0,"max_hp_gain":0,"max_hp_loss":0,"event_name":"Colosseum","floor":20,"gold_loss":0},{"damage_healed":0,"gold_gain":0,"player_choice":"Fought Nobs","damage_taken":0,"max_hp_gain":0,"max_hp_loss":0,"event_name":"Colosseum","floor":20,"gold_loss":0}],"is_beta":false,"boss_relics":[{"not_picked":["Tiny House","Velvet Choker"],"picked":"Eternal Feather"}],"items_purged_floors":[3],"is_endless":false,"potions_floor_spawned":[7,13,14,20],"killed_by":"Colosseum Nobs","ascension_level":0}