{"gold_per_floor":[114,131,131,131,281,319,335,360,360,4,39,52,93,114,114,207,207,222,272,296,315,315],"floor_reached":22,"playtime":963,"items_purged":["Doubt"],"score":566,"play_id":"f4fc1978-5dff-4507-8af9-5aa974e3ac62","local_time":"20190610153123","is_ascension_mode":true,"campfire_choices":[{"data":"Capacitor","floor":15,"key":"SMITH"}],"neow_cost":"NONE","seed_source_timestamp":506339627720038,"circlet_count":0,"master_deck":["AscendersBane","Strike_B","Strike_B","Strike_B","Strike_B","Defend_B","Defend_B","Defend_B","Defend_B","Zap","Dualcast","Compile Driver","Ball Lightning","Barrage","Streamline","BootSequence","Leap","Cold Snap","Seek","Capacitor+1","Creative AI","Barrage+1","Ball Lightning","Conserve Battery"],"special_seed":0,"relics":["Cracked Core","NeowsBlessing","Mango","Golden Idol","FossilizedHelix","Turnip","Sling","Oddly Smooth Stone","Singing Bowl","Sozu"],"potions_floor_usage":[11,21],"damage_taken":[{"damage":0.0,"enemies":"Jaw Worm","floor":1.0,"turns":1.0},{"damage":0.0,"enemies":"2 Louse","floor":2.0,"turns":1.0},{"damage":0.0,"enemies":"Gremlin Nob","floor":6.0,"turns":1.0},{"damage":0.0,"enemies":"Small Slimes","floor":7.0,"turns":3.0},{"damage":0.0,"enemies":"Looter","floor":8.0,"turns":2.0},{"damage":0,"enemies":"3 Sentries","floor":11,"turns":6},{"damage":0,"enemies":"Blue Slaver","floor":12,"turns":3},{"damage":0,"enemies":"Lagavulin","floor":13,"turns":6},{"damage":12,"enemies":"Large Slime","floor":14,"turns":5},{"damage":44,"enemies":"Slime Boss","floor":16,"turns":10},{"damage":11,"enemies":"Spheric Guardian","floor":18,"turns":4},{"damage":11,"enemies":"2 Thieves","floor":20,"turns":3},{"damage":21,"enemies":"Centurion and Healer","floor":21,"turns":6},{"damage":16,"enemies":"Snake Plant","floor":22,"turns":2}],"seed_played":"7590731144620130287","potions_obtained":[{"floor":6.0,"key":"AttackPotion"},{"floor":11,"key":"Energy Potion"},{"floor":12,"key":"Weak Potion"}],"is_trial":false,"path_per_floor":["M","M","?","?","?","E","M","M","T","$","E","M","E","M","R","B",null,"M","?","M","M","M"],"character_chosen":"DEFECT","items_purchased":["Sling","Leap"],"campfire_rested":0,"item_purchase_floors":[10,10],"current_hp_per_floor":[64,64,60,60,60,60,60,60,60,60,60,60,60,48,48,4,59,48,48,37,16,0],"gold":315,"neow_bonus":"THREE_ENEMY_KILL","is_prod":false,"is_daily":false,"chose_seed":false,"campfire_upgraded":1,"win_rate":0,"timestamp":1560173483,"path_taken":["M","M","?","?","?","E","M","M","T","?","E","M","E","M","R","BOSS","M","?","M","M","M"],"build_version":"2019-01-23","purchased_purges":1,"victory":false,"max_hp_per_floor":[71,71,85,77,77,77,77,77,77,77,77,77,77,77,77,77,77,77,77,77,77,77],"card_choices":[{"not_picked":["Recycle","Go for the Eyes"],"picked":"Compile Driver","floor":1.0},{"not_picked":["Compile Driver","Genetic Algorithm"],"picked":"Ball Lightning","floor":2.0},{"not_picked":["BootSequence","Leap"],"picked":"Barrage","floor":6.0},{"not_picked":["Turbo","Steam"],"picked":"Streamline","floor":7.0},{"not_picked":["Go for the Eyes","Doom and Gloom"],"picked":"BootSequence","floor":8.0},{"not_picked":["Redo","Rip and Tear","Blizzard"],"picked":"SKIP","floor":11},{"not_picked":["Leap","Scrape"],"picked":"Cold Snap","floor":12},{"not_picked":["Rebound","Lockon"],"picked":"Seek","floor":13},{"not_picked":["Ball Lightning","Stack"],"picked":"Capacitor","floor":14},{"not_picked":["Fission","Thunder Strike"],"picked":"Creative AI","floor":16},{"not_picked":["Steam","Beam Cell"],"picked":"Barrage+1","floor":18},{"not_picked":["Leap","Turbo"],"picked":"Ball Lightning","floor":20},{"not_picked":["Reprogram","Storm+1"],"picked":"Conserve Battery","floor":21}],"player_experience":829152,"relics_obtained":[{"floor":6.0,"key":"FossilizedHelix"},{"floor":9.0,"key":"Turnip"},{"floor":11,"key":"Oddly Smooth Stone"},{"floor":13,"key":"Singing Bowl"}],"event_choices":[{"damage_healed":0.0,"max_hp_gain":0.0,"max_hp_loss":0.0,"gold_gain":0.0,"event_name":"Scrap Ooze","player_choice":"Success","floor":3.0,"gold_loss":0.0,"damage_taken":18.0,"relics_obtained":["Mango"]},{"damage_healed":0.0,"max_hp_gain":0.0,"max_hp_loss":8.0,"gold_gain":0.0,"event_name":"Golden Idol","player_choice":"Lose Max HP","floor":4.0,"gold_loss":0.0,"damage_taken":0.0,"relics_obtained":["Golden Idol"]},{"damage_healed":0.0,"max_hp_gain":0.0,"max_hp_loss":0.0,"gold_gain":150.0,"event_name":"Liars Game","player_choice":"AGREE","floor":5.0,"gold_loss":0.0,"damage_taken":0.0,"cards_obtained":["Doubt"]},{"damage_healed":0,"gold_gain":50,"player_choice":"Stole From Cult","damage_taken":0,"max_hp_gain":0,"max_hp_loss":0,"event_name":"Nest","floor":19,"gold_loss":0}],"is_beta":false,"boss_relics":[{"not_picked":["Ectoplasm","Coffee Dripper"],"picked":"Sozu"}],"items_purged_floors":[10],"is_endless":false,"potions_floor_spawned":[6,11,12,14],"killed_by":"Snake Plant","ascension_level":20}