{"gold_per_floor":[119,134,146,113,21,21,21,21,48,48,48,68,82,106,106,226,226,250,152,152,177,177,177,201,225,251,282,307,407,407,427,427,551,551,572,593,618,222,271,271,173,191,191,204,204,219,237,278,278,278],"floor_reached":50,"playtime":8159,"items_purged":["Strike_R","Flex"],"score":490,"play_id":"fa72187e-649a-43a8-8315-67f30bb58aed","local_time":"20191013231014","is_ascension_mode":false,"campfire_choices":[{"data":"Metallicize","floor":6,"key":"SMITH"},{"data":"Armaments","floor":15,"key":"SMITH"},{"floor":23,"key":"REST"},{"floor":30,"key":"REST"},{"floor":32,"key":"REST"},{"floor":40,"key":"REST"},{"floor":49,"key":"REST"}],"neow_cost":"","seed_source_timestamp":22385538768300,"circlet_count":0,"master_deck":["Strike_R","Strike_R","Strike_R+1","Strike_R","Defend_R","Defend_R","Defend_R","Defend_R","Bash","Pommel Strike","True Grit","Seeing Red","Fire Breathing","Armaments+1","Metallicize+1","Carnage","Headbutt+1","Perfected Strike","Shrug It Off","Anger+1","Reaper","Body Slam","Blood for Blood","Metallicize","Berserk","Clothesline","Juggernaut","Carnage","Mind Blast","Carnage+1"],"relics":["Burning Blood","Golden Idol","Bag of Preparation","Snecko Eye","Nloth\u0027s Gift","Enchiridion","Whetstone","PreservedInsect","Fusion Hammer","Orichalcum","Oddly Smooth Stone","Anchor","Lantern","Gremlin Horn"],"potions_floor_usage":[16,27,33,50],"damage_taken":[{"damage":5,"enemies":"Cultist","floor":1,"turns":4},{"damage":5,"enemies":"Small Slimes","floor":2,"turns":4},{"damage":3,"enemies":"2 Louse","floor":3,"turns":3},{"damage":12,"enemies":"Exordium Thugs","floor":4,"turns":5},{"damage":2,"enemies":"Red Slaver","floor":12,"turns":6},{"damage":8,"enemies":"Lots of Slimes","floor":13,"turns":5},{"damage":8,"enemies":"3 Louse","floor":14,"turns":3},{"damage":9,"enemies":"The Guardian","floor":16,"turns":10},{"damage":31,"enemies":"Shell Parasite","floor":18,"turns":8},{"damage":12,"enemies":"3 Byrds","floor":21,"turns":5},{"damage":10,"enemies":"Sentry and Sphere","floor":24,"turns":5},{"damage":0,"enemies":"3 Cultists","floor":25,"turns":4},{"damage":55,"enemies":"Book of Stabbing","floor":27,"turns":6},{"damage":15,"enemies":"Centurion and Healer","floor":28,"turns":4},{"damage":8,"enemies":"Snake Plant","floor":31,"turns":3},{"damage":74,"enemies":"Champ","floor":33,"turns":15},{"damage":24,"enemies":"3 Darklings","floor":35,"turns":5},{"damage":12,"enemies":"3 Shapes","floor":36,"turns":4},{"damage":7,"enemies":"Jaw Worm Horde","floor":37,"turns":3},{"damage":7,"enemies":"Spire Growth","floor":42,"turns":3},{"damage":8,"enemies":"4 Shapes","floor":44,"turns":3},{"damage":4,"enemies":"Transient","floor":46,"turns":5},{"damage":35,"enemies":"Writhing Mass","floor":47,"turns":6},{"damage":22,"enemies":"Reptomancer","floor":48,"turns":3},{"damage":79,"enemies":"Awakened One","floor":50,"turns":8}],"seed_played":"-2430231701868652228","potions_obtained":[{"floor":2,"key":"SteroidPotion"},{"floor":3,"key":"Block Potion"},{"floor":13,"key":"Dexterity Potion"},{"floor":16,"key":"Regen Potion"},{"floor":18,"key":"AttackPotion"},{"floor":24,"key":"GamblersBrew"},{"floor":33,"key":"Strength Potion"},{"floor":35,"key":"Explosive Potion"},{"floor":44,"key":"Energy Potion"},{"floor":46,"key":"Swift Potion"}],"is_trial":false,"path_per_floor":["M","M","M","M","$","R","$","?","T","?","?","M","M","M","R","B",null,"M","$","?","M","?","R","M","M","T","E","M","?","R","M","R","B",null,"M","M","M","$","T","R","$","M","T","M","?","M","M","E","R","B"],"character_chosen":"IRONCLAD","items_purchased":["Armaments","Metallicize","Shrug It Off","Orichalcum","Oddly Smooth Stone","Mind Blast"],"campfire_rested":5,"item_purchase_floors":[5,5,19,38,38,41],"current_hp_per_floor":[80,80,80,74,74,74,74,79,79,79,79,79,77,75,75,72,79,54,54,54,48,32,55,51,57,57,27,30,30,53,51,74,11,79,77,71,75,75,75,79,79,78,78,79,79,79,50,34,57,0],"gold":278,"neow_bonus":"","is_prod":false,"is_daily":false,"chose_seed":false,"campfire_upgraded":2,"win_rate":0.0,"timestamp":1571029814,"path_taken":["M","M","M","M","$","R","$","?","T","?","?","?","M","M","R","BOSS","M","$","?","?","?","R","M","M","T","E","M","?","R","M","R","BOSS","M","M","M","$","?","R","$","M","T","M","?","M","?","E","R","BOSS"],"build_version":"2019-07-17","purchased_purges":2,"victory":false,"max_hp_per_floor":[80,80,80,80,80,80,80,85,85,79,79,79,79,79,79,79,79,79,79,79,79,79,79,79,79,79,79,79,79,79,79,79,79,79,79,79,79,79,79,79,79,79,79,79,79,79,79,79,79,79],"card_choices":[{"not_picked":["Sword Boomerang","Sever Soul"],"picked":"Pommel Strike","floor":1},{"not_picked":["Clash","Disarm"],"picked":"True Grit","floor":2},{"not_picked":["True Grit","Shockwave"],"picked":"Seeing Red","floor":3},{"not_picked":["Entrench","Dual Wield"],"picked":"Fire Breathing","floor":4},{"not_picked":["Iron Wave","Blood for Blood"],"picked":"Carnage","floor":12},{"not_picked":["Carnage","Sword Boomerang"],"picked":"Headbutt","floor":13},{"not_picked":["Offering","True Grit"],"picked":"Flex","floor":14},{"not_picked":["Entrench","True Grit"],"picked":"Perfected Strike","floor":18},{"not_picked":["Infernal Blade","Rupture"],"picked":"Anger+1","floor":21},{"not_picked":["Hemokinesis","Thunderclap"],"picked":"Flex","floor":24},{"not_picked":["Dropkick","Twin Strike"],"picked":"Reaper","floor":25},{"not_picked":["Iron Wave","Pommel Strike"],"picked":"Body Slam","floor":27},{"not_picked":["Cleave","Thunderclap"],"picked":"Blood for Blood","floor":28},{"not_picked":["Flex+1","Anger"],"picked":"Metallicize","floor":31},{"not_picked":["Impervious","Demon Form"],"picked":"Berserk","floor":33},{"not_picked":["Headbutt","Clash"],"picked":"Clothesline","floor":35},{"not_picked":["Corruption","Armaments+1"],"picked":"Juggernaut","floor":36},{"not_picked":["Pommel Strike+1","Corruption"],"picked":"Carnage","floor":37},{"not_picked":["Armaments","Rampage","Dropkick+1"],"picked":"SKIP","floor":42},{"not_picked":["Anger","Flex+1","Fiend Fire"],"picked":"SKIP","floor":44},{"not_picked":["Metallicize","Headbutt+1","True Grit"],"picked":"SKIP","floor":46},{"not_picked":["Thunderclap+1","Cleave+1"],"picked":"Carnage+1","floor":47},{"not_picked":["Berserk","Intimidate+1","Warcry+1"],"picked":"SKIP","floor":48}],"player_experience":0,"relics_obtained":[{"floor":9,"key":"Ancient Tea Set"},{"floor":22,"key":"Enchiridion"},{"floor":26,"key":"Whetstone"},{"floor":27,"key":"PreservedInsect"},{"floor":39,"key":"Anchor"},{"floor":43,"key":"Lantern"},{"floor":48,"key":"Gremlin Horn"}],"event_choices":[{"damage_healed":0,"gold_gain":0,"player_choice":"Donut","damage_taken":0,"max_hp_gain":5,"max_hp_loss":0,"event_name":"Big Fish","floor":8,"gold_loss":0},{"damage_healed":0,"gold_gain":0,"player_choice":"Lose Max HP","damage_taken":0,"relics_obtained":["Golden Idol"],"max_hp_gain":0,"max_hp_loss":6,"event_name":"Golden Idol","floor":10,"gold_loss":0},{"damage_healed":0,"gold_gain":0,"player_choice":"Gave Potion","damage_taken":0,"relics_obtained":["Bag of Preparation"],"max_hp_gain":0,"max_hp_loss":0,"event_name":"WeMeetAgain","floor":11,"gold_loss":0},{"damage_healed":0,"gold_gain":0,"player_choice":"Traded Relic","damage_taken":0,"relics_obtained":["Nloth\u0027s Gift"],"max_hp_gain":0,"max_hp_loss":0,"event_name":"N\u0027loth","floor":20,"relics_lost":["Ancient Tea Set"],"gold_loss":0},{"damage_healed":0,"gold_gain":0,"player_choice":"Obtained Book","damage_taken":16,"max_hp_gain":0,"max_hp_loss":0,"event_name":"Cursed Tome","floor":22,"gold_loss":0},{"damage_healed":0,"gold_gain":100,"player_choice":"Pray","damage_taken":0,"max_hp_gain":0,"max_hp_loss":0,"event_name":"Golden Shrine","floor":29,"gold_loss":0},{"cards_removed":["Flex"],"damage_healed":0,"gold_gain":0,"player_choice":"Purged","damage_taken":0,"max_hp_gain":0,"max_hp_loss":0,"event_name":"Purifier","floor":45,"gold_loss":0}],"is_beta":false,"boss_relics":[{"not_picked":["Runic Pyramid","Calling Bell"],"picked":"Snecko Eye"},{"not_picked":["White Beast Statue","Lizard Tail"],"picked":"Fusion Hammer"}],"items_purged_floors":[19,38],"is_endless":false,"potions_floor_spawned":[2,3,13,16,18,24,33,35,44,46],"killed_by":"Awakened One","ascension_level":0}