{"gold_per_floor":[110,127,138,138,148,175,175,175,175,186,34,53,53,82,82,154,154,168,27,127,177,188,188,221,221,221,96,123,140,140,154,154,230,230,248,248,268,105,105,105],"floor_reached":40,"playtime":2137,"items_purged":["Strike_R","Strike_R","Strike_R"],"score":848,"play_id":"2c739239-0821-4080-973a-f0cf3f562ae5","local_time":"20190529211403","is_ascension_mode":true,"campfire_choices":[{"floor":7,"key":"REST"},{"data":"Inflame","floor":13,"key":"SMITH"},{"data":"Bash","floor":15,"key":"SMITH"},{"data":"Whirlwind","floor":23,"key":"SMITH"},{"floor":30,"key":"REST"},{"floor":32,"key":"REST"}],"neow_cost":"NONE","seed_source_timestamp":230188502097958,"circlet_count":0,"master_deck":["AscendersBane","Defend_R","Defend_R","Defend_R","Defend_R","Bash+1","Impervious","Pommel Strike","Feel No Pain","Pummel","Cleave","Feel No Pain","Inflame+1","Twin Strike","Sword Boomerang","Inflame+1","Double Tap","Pummel","Whirlwind+1","Shrug It Off","Heavy Blade+1","Pommel Strike+1","Sword Boomerang+1","Limit Break","Sword Boomerang+1","Clothesline+1"],"relics":["Burning Blood","Mercury Hourglass","Shuriken","Odd Mushroom","Philosopher\u0027s Stone","Molten Egg 2","Torii","Incense Burner","Calipers","Pear","Busted Crown","Du-Vu Doll","Vajra"],"potions_floor_usage":[6,14,16,16,18,24,28,37],"damage_taken":[{"damage":14,"enemies":"Jaw Worm","floor":1,"turns":5},{"damage":11,"enemies":"Cultist","floor":2,"turns":4},{"damage":0,"enemies":"Small Slimes","floor":3,"turns":4},{"damage":15,"enemies":"3 Louse","floor":5,"turns":5},{"damage":31,"enemies":"Gremlin Nob","floor":6,"turns":4},{"damage":17,"enemies":"Large Slime","floor":10,"turns":5},{"damage":0,"enemies":"Exordium Wildlife","floor":12,"turns":3},{"damage":9,"enemies":"The Mushroom Lair","floor":14,"turns":3},{"damage":12,"enemies":"The Guardian","floor":16,"turns":8},{"damage":1,"enemies":"Spheric Guardian","floor":18,"turns":4},{"damage":30,"enemies":"Colosseum Slavers","floor":20,"turns":4},{"damage":11,"enemies":"Colosseum Nobs","floor":20,"turns":3},{"damage":0,"enemies":"3 Byrds","floor":22,"turns":3},{"damage":29,"enemies":"Slavers","floor":24,"turns":5},{"damage":25,"enemies":"Book of Stabbing","floor":28,"turns":4},{"damage":2,"enemies":"3 Cultists","floor":29,"turns":3},{"damage":26,"enemies":"Shelled Parasite and Fungi","floor":31,"turns":3},{"damage":58,"enemies":"Champ","floor":33,"turns":8},{"damage":0,"enemies":"Orb Walker","floor":35,"turns":3},{"damage":26,"enemies":"3 Darklings","floor":37,"turns":3},{"damage":57,"enemies":"Nemesis","floor":40,"turns":3}],"seed_played":"-692943091155131795","potions_obtained":[{"floor":3,"key":"Strength Potion"},{"floor":10,"key":"Regen Potion"},{"floor":12,"key":"EssenceOfSteel"},{"floor":14,"key":"EssenceOfSteel"},{"floor":18,"key":"Fruit Juice"},{"floor":20,"key":"Swift Potion"},{"floor":22,"key":"FearPotion"},{"floor":33,"key":"AttackPotion"}],"is_trial":false,"path_per_floor":["M","M","M","?","M","E","R","?","T","M","$","M","R","?","R","B",null,"M","$","?","?","M","R","E","?","T","$","E","M","R","M","R","B",null,"M","?","M","$","?","E"],"character_chosen":"IRONCLAD","items_purchased":["Twin Strike","Sword Boomerang","Whirlwind","Vajra"],"campfire_rested":3,"item_purchase_floors":[11,11,19,38],"current_hp_per_floor":[60,55,61,61,52,27,49,49,49,38,38,44,44,41,41,50,69,79,79,50,50,56,56,33,33,33,33,24,28,55,35,62,10,70,76,76,56,56,56,0],"gold":105,"neow_bonus":"TRANSFORM_CARD","is_prod":false,"is_daily":false,"chose_seed":false,"campfire_upgraded":3,"win_rate":0,"timestamp":1559160843,"path_taken":["M","M","M","?","?","E","R","?","T","M","$","M","R","?","R","BOSS","M","$","?","?","?","R","E","?","T","$","E","M","R","M","R","BOSS","M","?","?","$","?","E"],"build_version":"2019-01-23","purchased_purges":3,"victory":false,"max_hp_per_floor":[75,75,75,75,75,75,75,75,75,75,75,75,75,75,75,75,75,80,80,80,80,80,80,80,80,80,80,90,90,90,90,90,90,90,90,90,90,90,85,85],"card_choices":[{"not_picked":["Flex","Bloodletting"],"picked":"Pommel Strike","floor":1},{"not_picked":["Body Slam","Flex"],"picked":"Feel No Pain","floor":2},{"not_picked":["Wild Strike","Warcry"],"picked":"Pummel","floor":3},{"not_picked":["Wild Strike","Heavy Blade"],"picked":"Cleave","floor":5},{"not_picked":["Flex","Sever Soul"],"picked":"Feel No Pain","floor":6},{"not_picked":["Hemokinesis","Twin Strike"],"picked":"Inflame","floor":10},{"not_picked":["Iron Wave","Body Slam"],"picked":"Inflame","floor":12},{"not_picked":["Bludgeon","Impervious"],"picked":"Double Tap","floor":16},{"not_picked":["Twin Strike","Combust"],"picked":"Pummel","floor":18},{"not_picked":["Armaments","True Grit"],"picked":"Shrug It Off","floor":20},{"not_picked":["Sword Boomerang+1","Battle Trance"],"picked":"Heavy Blade+1","floor":22},{"not_picked":["Wild Strike+1","Sever Soul+1"],"picked":"Pommel Strike+1","floor":24},{"not_picked":["Dropkick+1","Armaments+1"],"picked":"Sword Boomerang+1","floor":28},{"not_picked":["Perfected Strike+1","Rupture"],"picked":"Seeing Red","floor":29},{"not_picked":["Seeing Red","Rupture","Dual Wield"],"picked":"SKIP","floor":31},{"not_picked":["Demon Form","Immolate+1"],"picked":"Limit Break","floor":33},{"not_picked":[],"picked":"Sword Boomerang+1","floor":35},{"not_picked":[],"picked":"Clothesline+1","floor":37}],"player_experience":1059417,"relics_obtained":[{"floor":6,"key":"Mercury Hourglass"},{"floor":9,"key":"Shuriken"},{"floor":14,"key":"Odd Mushroom"},{"floor":20,"key":"Molten Egg 2"},{"floor":20,"key":"Torii"},{"floor":24,"key":"Incense Burner"},{"floor":26,"key":"Calipers"},{"floor":28,"key":"Pear"}],"event_choices":[{"cards_removed":["Strike_R"],"damage_healed":0,"gold_gain":0,"player_choice":"Offered Basic","damage_taken":0,"max_hp_gain":0,"max_hp_loss":0,"event_name":"Bonfire Elementals","floor":4,"gold_loss":0},{"damage_healed":0,"gold_gain":0,"player_choice":"Searched \u00271\u0027 times","damage_taken":0,"max_hp_gain":0,"max_hp_loss":0,"event_name":"Dead Adventurer","floor":8,"gold_loss":0},{"damage_healed":0,"gold_gain":0,"player_choice":"Fought Mushrooms","damage_taken":0,"max_hp_gain":0,"max_hp_loss":0,"event_name":"Mushrooms","floor":14,"gold_loss":0},{"damage_healed":0,"gold_gain":0,"player_choice":"Fight","damage_taken":0,"max_hp_gain":0,"max_hp_loss":0,"event_name":"Colosseum","floor":20,"gold_loss":0},{"damage_healed":0,"gold_gain":0,"player_choice":"Fought Nobs","damage_taken":0,"max_hp_gain":0,"max_hp_loss":0,"event_name":"Colosseum","floor":20,"gold_loss":0},{"damage_healed":0,"gold_gain":50,"player_choice":"Stole From Cult","damage_taken":0,"max_hp_gain":0,"max_hp_loss":0,"event_name":"Nest","floor":21,"gold_loss":0},{"damage_healed":0,"gold_gain":0,"player_choice":"Forge","damage_taken":0,"max_hp_gain":0,"max_hp_loss":0,"event_name":"Accursed Blacksmith","floor":25,"gold_loss":0,"cards_upgraded":["Inflame"]},{"cards_removed":["Seeing Red"],"damage_healed":0,"gold_gain":0,"player_choice":"Gave Card","damage_taken":0,"relics_obtained":["Du-Vu Doll"],"max_hp_gain":0,"max_hp_loss":0,"event_name":"WeMeetAgain","floor":36,"gold_loss":0},{"damage_healed":0,"gold_gain":0,"player_choice":"Max HP","damage_taken":0,"max_hp_gain":0,"max_hp_loss":5,"event_name":"Winding Halls","floor":39,"gold_loss":0}],"is_beta":false,"boss_relics":[{"not_picked":["Calling Bell","Black Blood"],"picked":"Philosopher\u0027s Stone"},{"not_picked":["Empty Cage","Snecko Eye"],"picked":"Busted Crown"}],"items_purged_floors":[11,19,27],"is_endless":false,"potions_floor_spawned":[3,10,12,14,18,20,22,33],"killed_by":"Nemesis","ascension_level":20}