{"gold_per_floor":[114,114,9,9,23,58,58,89,89,89,108,183,148,45,45,122,122,133,148,148,163,163,198,198,229,229,229,229,22,22,52,52,126,126,138,138,138,88,108,108,108,108,108,108,133,185,285,295,295,295,295],"floor_reached":52,"playtime":2832,"items_purged":["Strike_R","Strike_R","Decay","Anger"],"score":1861,"play_id":"7af37fb6-dd43-4922-b823-ee970bc303f8","local_time":"20190715230008","is_ascension_mode":true,"campfire_choices":[{"data":"1","floor":7,"key":"LIFT"},{"floor":10,"key":"REST"},{"data":"2","floor":15,"key":"LIFT"},{"data":"3","floor":24,"key":"LIFT"},{"data":"Infernal Blade","floor":27,"key":"SMITH"},{"data":"Flame Barrier","floor":30,"key":"SMITH"},{"data":"Feel No Pain","floor":32,"key":"SMITH"},{"data":"Limit Break","floor":40,"key":"SMITH"},{"data":"Shockwave","floor":44,"key":"SMITH"},{"data":"Disarm","floor":49,"key":"SMITH"}],"neow_cost":"NONE","seed_source_timestamp":434974785143520,"circlet_count":0,"master_deck":["AscendersBane","Strike_R+1","Strike_R+1","Strike_R+1","Defend_R+1","Defend_R+1","Defend_R+1","Bash","Dramatic Entrance","Ghostly Armor+1","Shockwave+1","Anger","Sword Boomerang","Reaper","Thunderclap","Headbutt","RitualDagger","Feel No Pain+1","Flame Barrier+1","Infernal Blade+1","Whirlwind+1","Limit Break+1","Pummel+1","Twin Strike+1","Disarm+1","Armaments+1","Sword Boomerang+1","Reaper+1","Power Through+1","Shrug It Off+1"],"relics":["Burning Blood","Girya","Smiling Mask","Lantern","Champion Belt","Coffee Dripper","Question Card","Meat on the Bone","Molten Egg 2","Red Skull","Happy Flower","Orrery","Sundial","Ice Cream","Dead Branch","Charon\u0027s Ashes"],"potions_floor_usage":[18,23,33,42,50],"damage_taken":[{"damage":1,"enemies":"Cultist","floor":1,"turns":3},{"damage":0,"enemies":"Small Slimes","floor":5,"turns":3},{"damage":12,"enemies":"Lagavulin","floor":6,"turns":7},{"damage":32,"enemies":"3 Sentries","floor":8,"turns":11},{"damage":4,"enemies":"Jaw Worm","floor":11,"turns":3},{"damage":19,"enemies":"The Guardian","floor":16,"turns":12},{"damage":17,"enemies":"Shell Parasite","floor":18,"turns":4},{"damage":7,"enemies":"Chosen","floor":19,"turns":5},{"damage":15,"enemies":"Snake Plant","floor":21,"turns":4},{"damage":31,"enemies":"Book of Stabbing","floor":23,"turns":6},{"damage":24,"enemies":"Gremlin Leader","floor":25,"turns":4},{"damage":10,"enemies":"Slavers","floor":31,"turns":4},{"damage":34,"enemies":"Collector","floor":33,"turns":9},{"damage":0,"enemies":"Orb Walker","floor":35,"turns":2},{"damage":20,"enemies":"3 Darklings","floor":39,"turns":2},{"damage":0,"enemies":"Nemesis","floor":42,"turns":3},{"damage":41,"enemies":"Reptomancer","floor":45,"turns":6},{"damage":16,"enemies":"2 Orb Walkers","floor":46,"turns":2},{"damage":3,"enemies":"Mind Bloom Boss Battle","floor":47,"turns":3},{"damage":17,"enemies":"4 Shapes","floor":48,"turns":3},{"damage":47,"enemies":"Time Eater","floor":50,"turns":8},{"damage":59,"enemies":"Awakened One","floor":51,"turns":10}],"seed_played":"-2877179434545548537","potions_obtained":[{"floor":8,"key":"Weak Potion"},{"floor":16,"key":"FearPotion"},{"floor":23,"key":"SmokeBomb"},{"floor":25,"key":"Weak Potion"},{"floor":33,"key":"LiquidBronze"},{"floor":46,"key":"SteroidPotion"}],"is_trial":false,"path_per_floor":["M","?","$","?","M","E","R","E","T","R","M","?","?","$","R","B",null,"M","M","?","M","?","E","R","E","T","R","?","$","R","E","R","B",null,"M","?","?","$","M","R","$","E","T","R","E","?","?","M","R","B","B",null],"character_chosen":"IRONCLAD","items_purchased":["Anger","Sword Boomerang","Red Skull"],"campfire_rested":1,"item_purchase_floors":[3,14,29],"current_hp_per_floor":[73,50,50,39,45,39,39,13,13,35,37,26,44,44,44,31,64,62,70,64,64,64,48,48,40,40,40,40,40,40,48,48,53,70,75,75,75,75,61,61,61,75,75,75,52,72,75,64,64,70,52],"gold":295,"neow_bonus":"RANDOM_COLORLESS","is_prod":false,"is_daily":false,"chose_seed":false,"campfire_upgraded":6,"win_rate":0,"timestamp":1563228008,"path_taken":["M","?","$","?","M","E","R","E","T","R","M","?","?","$","R","BOSS","M","M","?","M","?","E","R","E","T","R","?","$","R","E","R","BOSS","M","?","?","$","M","R","?","E","T","R","E","?","?","M","R","BOSS","BOSS"],"build_version":"2019-07-05","purchased_purges":4,"victory":true,"max_hp_per_floor":[75,75,75,75,75,75,75,75,75,75,75,75,75,75,75,75,75,75,75,75,75,75,75,75,75,75,75,75,75,75,75,75,75,75,75,75,75,75,75,75,75,75,75,75,75,75,75,75,75,75,75],"card_choices":[{"not_picked":["Havoc","Body Slam"],"picked":"Ghostly Armor","floor":1},{"not_picked":["Wild Strike","Havoc"],"picked":"Shockwave","floor":5},{"not_picked":["Warcry","Sentinel","Flex"],"picked":"SKIP","floor":6},{"not_picked":["Rampage","Sentinel","Body Slam"],"picked":"SKIP","floor":8},{"not_picked":["Burning Pact","Entrench"],"picked":"Anger","floor":11},{"not_picked":["Exhume","Impervious"],"picked":"Reaper","floor":16},{"not_picked":["Pummel","Anger+1"],"picked":"Thunderclap","floor":18},{"not_picked":["Rupture","Sword Boomerang"],"picked":"Headbutt","floor":19},{"not_picked":["Pommel Strike","Thunderclap+1"],"picked":"Feel No Pain","floor":21},{"not_picked":["Sever Soul","Thunderclap"],"picked":"Flame Barrier","floor":23},{"not_picked":["Intimidate","Blood for Blood","Warcry"],"picked":"Infernal Blade","floor":25},{"not_picked":["Warcry","Reckless Charge+1","Rage"],"picked":"Whirlwind+1","floor":31},{"not_picked":["Immolate+1","Bludgeon+1","Demon Form"],"picked":"Limit Break","floor":33},{"not_picked":["Wild Strike+1","Body Slam+1","Thunderclap+1"],"picked":"Pummel+1","floor":34},{"not_picked":["True Grit","Iron Wave+1","Headbutt+1"],"picked":"Twin Strike+1","floor":34},{"not_picked":["Intimidate","Second Wind","Carnage+1"],"picked":"Disarm","floor":34},{"not_picked":["Thunderclap+1","Sword Boomerang+1","Wild Strike+1"],"picked":"Armaments+1","floor":34},{"not_picked":["Perfected Strike+1","Combust","Body Slam+1"],"picked":"Sword Boomerang+1","floor":35},{"not_picked":["Cleave+1","Iron Wave+1","Searing Blow+1","Rupture"],"picked":"SKIP","floor":39},{"not_picked":["Warcry","Battle Trance","Whirlwind+1"],"picked":"Reaper+1","floor":45},{"not_picked":["Inflame","Carnage+1","Thunderclap+1"],"picked":"Power Through+1","floor":46},{"not_picked":["Bloodletting+1","Perfected Strike+1","Cleave+1"],"picked":"Shrug It Off+1","floor":47},{"not_picked":["Cleave+1","Pommel Strike+1","Armaments+1","Flex"],"picked":"SKIP","floor":48}],"player_experience":1172790,"relics_obtained":[{"floor":6,"key":"Smiling Mask"},{"floor":8,"key":"Lantern"},{"floor":9,"key":"Champion Belt"},{"floor":23,"key":"Question Card"},{"floor":25,"key":"Meat on the Bone"},{"floor":26,"key":"Molten Egg 2"},{"floor":31,"key":"Happy Flower"},{"floor":43,"key":"Sundial"},{"floor":45,"key":"Ice Cream"},{"floor":46,"key":"Dead Branch"},{"floor":47,"key":"Charon\u0027s Ashes"}],"event_choices":[{"damage_healed":0,"gold_gain":0,"player_choice":"Entered Light","damage_taken":23,"max_hp_gain":0,"max_hp_loss":0,"event_name":"Shining Light","floor":2,"gold_loss":0,"cards_upgraded":["Defend_R","Ghostly Armor"]},{"damage_healed":0,"gold_gain":0,"player_choice":"Success","damage_taken":11,"relics_obtained":["Girya"],"max_hp_gain":0,"max_hp_loss":0,"event_name":"Scrap Ooze","floor":4,"gold_loss":0},{"damage_healed":0,"gold_gain":75,"player_choice":"Gather Gold","damage_taken":11,"max_hp_gain":0,"max_hp_loss":0,"event_name":"World of Goop","floor":12,"gold_loss":0},{"damage_healed":18,"gold_gain":0,"player_choice":"Healed","damage_taken":0,"max_hp_gain":0,"max_hp_loss":0,"event_name":"The Cleric","floor":13,"gold_loss":35},{"damage_healed":0,"gold_gain":0,"player_choice":"Joined the Cult","damage_taken":6,"max_hp_gain":0,"max_hp_loss":0,"event_name":"Nest","floor":20,"gold_loss":0,"cards_obtained":["RitualDagger"]},{"damage_healed":0,"gold_gain":0,"player_choice":"Simplicity","damage_taken":0,"max_hp_gain":0,"max_hp_loss":0,"event_name":"Back to Basics","floor":22,"gold_loss":0,"cards_upgraded":["Strike_R","Strike_R","Strike_R","Defend_R","Defend_R","Defend_R"]},{"damage_healed":0,"gold_gain":0,"player_choice":"Smashed Altar","damage_taken":0,"max_hp_gain":0,"max_hp_loss":0,"event_name":"Forgotten Altar","floor":28,"gold_loss":0,"cards_obtained":["Decay"]},{"damage_healed":0,"gold_gain":0,"player_choice":"Ignored","damage_taken":0,"max_hp_gain":0,"max_hp_loss":0,"event_name":"Tomb of Lord Red Mask","floor":36,"gold_loss":0},{"cards_removed":["Defend_R"],"damage_healed":0,"gold_gain":0,"player_choice":"Removed Skill","damage_taken":0,"max_hp_gain":0,"max_hp_loss":0,"event_name":"Falling","floor":37,"gold_loss":0},{"damage_healed":0,"gold_gain":0,"player_choice":"Fight","damage_taken":0,"max_hp_gain":0,"max_hp_loss":0,"event_name":"Mysterious Sphere","floor":46,"gold_loss":0},{"damage_healed":0,"gold_gain":0,"player_choice":"Fight","damage_taken":0,"max_hp_gain":0,"max_hp_loss":0,"event_name":"MindBloom","floor":47,"gold_loss":0}],"is_beta":false,"boss_relics":[{"not_picked":["Velvet Choker","Runic Pyramid"],"picked":"Coffee Dripper"},{"not_picked":["Runic Cube","Snecko Eye"],"picked":"Orrery"}],"items_purged_floors":[3,14,29,38],"is_endless":false,"potions_floor_spawned":[8,16,23,25,31,33,35,42,46],"ascension_level":20}