{"gold_per_floor":[110,123,139,155,168,168,203,203,203,378,378,378],"floor_reached":12,"playtime":296,"items_purged":[],"score":128,"play_id":"cef47af2-fbe3-43e2-9e40-2d23e89d2e07","local_time":"20190226162526","is_ascension_mode":true,"campfire_choices":[{"data":"Fission","floor":6,"key":"SMITH"},{"data":"Zap","floor":8,"key":"SMITH"}],"neow_cost":"NONE","seed_source_timestamp":564509781694000,"circlet_count":0,"master_deck":["AscendersBane","Strike_B+1","Strike_B","Strike_B+1","Strike_B","Defend_B","Defend_B","Defend_B","Defend_B","Zap+1","Dualcast","Conserve Battery","Capacitor","Melter","Fission+1","Consume","Core Surge","Doubt"],"relics":["Cracked Core","Toxic Egg 2","Shuriken"],"potions_floor_usage":[],"damage_taken":[{"damage":2,"enemies":"Jaw Worm","floor":1,"turns":3},{"damage":0,"enemies":"Small Slimes","floor":2,"turns":2},{"damage":3,"enemies":"2 Louse","floor":3,"turns":2},{"damage":4,"enemies":"Blue Slaver","floor":4,"turns":4},{"damage":9,"enemies":"3 Louse","floor":5,"turns":4},{"damage":30,"enemies":"Lagavulin","floor":7,"turns":6},{"damage":12,"enemies":"Lots of Slimes","floor":12,"turns":1}],"seed_played":"1112228965723073993","potions_obtained":[{"floor":1,"key":"Ancient Potion"}],"is_trial":false,"path_per_floor":["M","M","M","M","M","R","E","R","T","?","?","M"],"character_chosen":"DEFECT","items_purchased":[],"campfire_rested":0,"item_purchase_floors":[],"current_hp_per_floor":[73,73,70,66,57,57,27,27,27,27,11,0],"gold":378,"neow_bonus":"TEN_PERCENT_HP_BONUS","is_prod":false,"is_daily":false,"chose_seed":false,"campfire_upgraded":2,"win_rate":0,"timestamp":1551194726,"path_taken":["M","M","M","M","M","R","E","R","T","?","?","M"],"build_version":"2019-01-23","purchased_purges":0,"victory":false,"max_hp_per_floor":[82,82,82,82,82,82,82,82,82,82,82,82],"card_choices":[{"not_picked":["Go for the Eyes","Redo"],"picked":"Conserve Battery","floor":1},{"not_picked":["Skim","Gash"],"picked":"Capacitor","floor":2},{"not_picked":["Beam Cell","Sweeping Beam"],"picked":"Melter","floor":3},{"not_picked":["Blizzard","Hologram"],"picked":"Fission","floor":4},{"not_picked":["BootSequence","Hologram"],"picked":"Consume","floor":5},{"not_picked":["Beam Cell","Tempest"],"picked":"Core Surge","floor":7}],"player_experience":863561,"relics_obtained":[{"floor":7,"key":"Toxic Egg 2"},{"floor":9,"key":"Shuriken"}],"event_choices":[{"damage_healed":0,"gold_gain":175,"player_choice":"AGREE","damage_taken":0,"max_hp_gain":0,"max_hp_loss":0,"event_name":"Liars Game","floor":10,"gold_loss":0,"cards_obtained":["Doubt"]},{"damage_healed":0,"gold_gain":0,"player_choice":"Entered Light","damage_taken":16,"max_hp_gain":0,"max_hp_loss":0,"event_name":"Shining Light","floor":11,"gold_loss":0,"cards_upgraded":["Strike_B","Strike_B"]}],"is_beta":false,"boss_relics":[],"items_purged_floors":[],"is_endless":false,"potions_floor_spawned":[1],"killed_by":"Lots of Slimes","ascension_level":12}