{"gold_per_floor":[114,114,114,135,135,135,173,197,221,221,60,40,40,40,40,136,136,161,211,234,259,159,159,177,177],"floor_reached":25,"playtime":1169,"items_purged":["Strike_B","Strike_B"],"score":418,"play_id":"f87408cd-947a-49cf-a4c0-f085b96a5a2f","local_time":"20190706110702","is_ascension_mode":true,"campfire_choices":[{"floor":6,"key":"REST"},{"floor":15,"key":"REST"},{"data":"Coolheaded","floor":23,"key":"SMITH"}],"neow_cost":"NONE","seed_source_timestamp":749130002325880,"circlet_count":0,"master_deck":["AscendersBane","Strike_B+1","Defend_B","Defend_B","Defend_B","Defend_B+1","Zap","Dualcast","Chaos","Barrage","Coolheaded+1","Sweeping Beam","Defragment+1","Core Surge","Biased Cognition","Barrage+1","White Noise","Doom and Gloom","Reinforced Body"],"relics":["Cracked Core","Golden Idol","Juzu Bracelet","FossilizedHelix","Oddly Smooth Stone","Snecko Eye"],"potions_floor_usage":[10,16,21,24,25],"damage_taken":[{"damage":0,"enemies":"2 Louse","floor":1,"turns":2},{"damage":1,"enemies":"Cultist","floor":4,"turns":3},{"damage":27,"enemies":"3 Sentries","floor":7,"turns":8},{"damage":0,"enemies":"Jaw Worm","floor":8,"turns":3},{"damage":0,"enemies":"Gremlin Nob","floor":10,"turns":1},{"damage":3,"enemies":"The Guardian","floor":16,"turns":11},{"damage":7,"enemies":"3 Byrds","floor":18,"turns":5},{"damage":2,"enemies":"Spheric Guardian","floor":20,"turns":4},{"damage":22,"enemies":"3 Cultists","floor":21,"turns":5},{"damage":16,"enemies":"Snake Plant","floor":24,"turns":3},{"damage":15,"enemies":"Book of Stabbing","floor":25,"turns":4}],"seed_played":"-5449093311869184469","potions_obtained":[{"floor":7,"key":"Ancient Potion"},{"floor":8,"key":"SmokeBomb"},{"floor":12,"key":"Poison Potion"},{"floor":16,"key":"SmokeBomb"},{"floor":20,"key":"AttackPotion"},{"floor":21,"key":"SneckoOil"}],"is_trial":false,"path_per_floor":["M","?","?","M","?","R","E","M","T","E","$","?","?","$","R","B",null,"M","?","M","M","$","R","M","E"],"character_chosen":"DEFECT","items_purchased":["Core Surge"],"campfire_rested":2,"item_purchase_floors":[11],"current_hp_per_floor":[64,40,40,39,18,39,12,12,12,12,12,12,12,12,33,30,61,54,54,52,30,30,30,14,0],"gold":177,"neow_bonus":"TRANSFORM_CARD","is_prod":false,"is_daily":false,"chose_seed":false,"campfire_upgraded":1,"win_rate":0,"timestamp":1562407622,"path_taken":["M","?","?","M","?","R","E","M","T","E","$","?","?","?","R","BOSS","M","?","M","M","$","R","M","E"],"build_version":"2019-07-05","purchased_purges":2,"victory":false,"max_hp_per_floor":[71,71,71,71,71,71,71,71,71,71,71,71,71,71,71,71,71,71,71,71,71,71,71,71,71],"card_choices":[{"not_picked":["Leap","Darkness"],"picked":"Barrage","floor":1},{"not_picked":["Gash","Rip and Tear"],"picked":"Coolheaded","floor":4},{"not_picked":["Cold Snap","Gash"],"picked":"Sweeping Beam","floor":7},{"not_picked":["Force Field","FTL"],"picked":"Defragment","floor":8},{"not_picked":["Core Surge","Seek"],"picked":"Biased Cognition","floor":16},{"not_picked":["Beam Cell","Steam Power"],"picked":"Barrage+1","floor":18},{"not_picked":["Rebound+1","Conserve Battery"],"picked":"White Noise","floor":20},{"not_picked":["Coolheaded","Static Discharge"],"picked":"Doom and Gloom","floor":21},{"not_picked":["Steam","Go for the Eyes"],"picked":"Reinforced Body","floor":24}],"player_experience":1134240,"relics_obtained":[{"floor":3,"key":"Juzu Bracelet"},{"floor":7,"key":"FossilizedHelix"},{"floor":9,"key":"Oddly Smooth Stone"}],"event_choices":[{"damage_healed":0,"gold_gain":0,"player_choice":"Take Damage","damage_taken":24,"relics_obtained":["Golden Idol"],"max_hp_gain":0,"max_hp_loss":0,"event_name":"Golden Idol","floor":2,"gold_loss":0},{"damage_healed":0,"gold_gain":0,"player_choice":"Relic","damage_taken":0,"max_hp_gain":0,"max_hp_loss":0,"event_name":"Wheel of Change","floor":3,"gold_loss":0},{"damage_healed":0,"gold_gain":0,"player_choice":"Entered Light","damage_taken":21,"max_hp_gain":0,"max_hp_loss":0,"event_name":"Shining Light","floor":5,"gold_loss":0,"cards_upgraded":["Strike_B","Defend_B"]},{"damage_healed":0,"gold_gain":0,"player_choice":"Bought 1 Potion","damage_taken":0,"max_hp_gain":0,"max_hp_loss":0,"event_name":"The Woman in Blue","floor":12,"gold_loss":0},{"damage_healed":0,"gold_gain":0,"player_choice":"Forge","damage_taken":0,"max_hp_gain":0,"max_hp_loss":0,"event_name":"Accursed Blacksmith","floor":13,"gold_loss":0,"cards_upgraded":["Defragment"]},{"damage_healed":0,"gold_gain":50,"player_choice":"Stole From Cult","damage_taken":0,"max_hp_gain":0,"max_hp_loss":0,"event_name":"Nest","floor":19,"gold_loss":0}],"is_beta":false,"boss_relics":[{"not_picked":["Sozu","Busted Crown"],"picked":"Snecko Eye"}],"items_purged_floors":[11,22],"is_endless":false,"potions_floor_spawned":[7,8,16,20,21],"killed_by":"Book of Stabbing","ascension_level":20}