{"gold_per_floor":[116,266,266,277,277,277,311,386,386,405,405,19,19,39,39,112,112,125,140,189,199,214,214,214],"floor_reached":24,"playtime":469,"items_purged":["Strike_B"],"score":442,"play_id":"24fc37f8-54e4-4002-a7d3-3ad1ca037a99","local_time":"20190623193723","is_ascension_mode":true,"campfire_choices":[{"floor":6,"key":"REST"},{"data":"Lockon","floor":11,"key":"SMITH"},{"floor":15,"key":"REST"},{"floor":23,"key":"REST"}],"neow_cost":"NONE","seed_source_timestamp":867237443962778,"circlet_count":0,"master_deck":["AscendersBane","Strike_B","Strike_B","Strike_B","Defend_B","Defend_B","Defend_B","Defend_B","Zap+1","Dualcast","Compile Driver","Capacitor+1","Lockon+1","Ball Lightning","Capacitor","Conserve Battery","Consume","The Bomb","Electrodynamics","White Noise","Barrage+1","Go for the Eyes","Glacier"],"relics":["Cracked Core","NeowsBlessing","Potion Belt","The Courier","Sundial","Sozu","Bag of Marbles"],"potions_floor_usage":[14],"damage_taken":[{"damage":0,"enemies":"2 Louse","floor":1,"turns":1},{"damage":0,"enemies":"Small Slimes","floor":4,"turns":1},{"damage":0,"enemies":"Gremlin Nob","floor":7,"turns":1},{"damage":1,"enemies":"Cultist","floor":10,"turns":3},{"damage":27,"enemies":"Exordium Thugs","floor":14,"turns":4},{"damage":38,"enemies":"Slime Boss","floor":16,"turns":6},{"damage":8,"enemies":"Chosen","floor":18,"turns":4},{"damage":0,"enemies":"Spheric Guardian","floor":19,"turns":3},{"damage":22,"enemies":"Centurion and Healer","floor":21,"turns":3},{"damage":18,"enemies":"Sentry and Sphere","floor":22,"turns":3},{"damage":42,"enemies":"Book of Stabbing","floor":24,"turns":3}],"seed_played":"-2621895101989733405","potions_obtained":[{"floor":4,"key":"FairyPotion"},{"floor":10,"key":"Poison Potion"}],"is_trial":false,"path_per_floor":["M","?","?","M","?","R","E","?","T","M","R","$","?","M","R","B",null,"M","M","T","M","M","R","E"],"character_chosen":"DEFECT","items_purchased":["Capacitor","Conserve Battery","Consume","The Bomb"],"campfire_rested":3,"item_purchase_floors":[12,12,12,12],"current_hp_per_floor":[64,64,57,57,36,57,57,46,46,45,45,45,45,18,39,1,54,46,46,46,24,6,27,0],"gold":214,"neow_bonus":"THREE_ENEMY_KILL","is_prod":false,"is_daily":false,"chose_seed":false,"campfire_upgraded":1,"win_rate":0,"timestamp":1561311443,"path_taken":["M","?","?","M","?","R","E","?","T","M","R","$","?","M","R","BOSS","M","M","?","M","M","R","E"],"build_version":"2019-01-23","purchased_purges":1,"victory":false,"max_hp_per_floor":[71,71,71,71,71,71,71,71,71,71,71,71,71,71,71,71,71,71,71,71,71,71,71,71],"card_choices":[{"not_picked":["Barrage","Darkness"],"picked":"Compile Driver","floor":1},{"not_picked":["Undo","Tempest"],"picked":"Capacitor","floor":4},{"not_picked":["Storm","Coolheaded"],"picked":"Lockon","floor":7},{"not_picked":["Hologram","Cold Snap"],"picked":"Ball Lightning","floor":10},{"not_picked":["Rebound","Beam Cell","Compile Driver"],"picked":"SKIP","floor":14},{"not_picked":["Multi-Cast","Amplify"],"picked":"Electrodynamics","floor":16},{"not_picked":["Consume","Gash"],"picked":"White Noise","floor":18},{"not_picked":["Static Discharge","Streamline"],"picked":"Barrage+1","floor":19},{"not_picked":["Sweeping Beam","Compile Driver"],"picked":"Go for the Eyes","floor":21},{"not_picked":["Coolheaded","Cold Snap"],"picked":"Glacier","floor":22}],"player_experience":850896,"relics_obtained":[{"floor":7,"key":"Potion Belt"},{"floor":9,"key":"The Courier"},{"floor":20,"key":"Bag of Marbles"}],"event_choices":[{"damage_healed":0,"gold_gain":150,"player_choice":"AGREE","damage_taken":0,"max_hp_gain":0,"max_hp_loss":0,"event_name":"Liars Game","floor":2,"gold_loss":0,"cards_obtained":["Doubt"]},{"cards_removed":["Doubt"],"damage_healed":0,"gold_gain":0,"player_choice":"Card Removal","damage_taken":7,"max_hp_gain":0,"max_hp_loss":0,"event_name":"Golden Wing","floor":3,"gold_loss":0},{"damage_healed":0,"gold_gain":0,"player_choice":"Entered Light","damage_taken":21,"max_hp_gain":0,"max_hp_loss":0,"event_name":"Shining Light","floor":5,"gold_loss":0,"cards_upgraded":["Capacitor","Zap"]},{"damage_healed":0,"gold_gain":75,"player_choice":"Gather Gold","damage_taken":11,"max_hp_gain":0,"max_hp_loss":0,"event_name":"World of Goop","floor":8,"gold_loss":0},{"damage_healed":0,"gold_gain":0,"player_choice":"Gave Potion","damage_taken":0,"relics_obtained":["Sundial"],"max_hp_gain":0,"max_hp_loss":0,"event_name":"WeMeetAgain","floor":13,"gold_loss":0}],"is_beta":false,"boss_relics":[{"not_picked":["Coffee Dripper","Lizard Tail"],"picked":"Sozu"}],"items_purged_floors":[12],"is_endless":false,"potions_floor_spawned":[4,10,19],"killed_by":"Book of Stabbing","ascension_level":20}