{"gold_per_floor":[112,112,128,7,30,30,71,89,144,18,18],"floor_reached":11,"playtime":388,"items_purged":["Strike_G"],"score":113,"play_id":"84098e26-e6b4-4272-9871-911efdd80253","local_time":"20181025202946","is_ascension_mode":true,"campfire_choices":[{"data":"Sucker Punch","floor":6,"key":"SMITH"}],"neow_cost":"NONE","seed_source_timestamp":319185382629748,"circlet_count":0,"master_deck":["Defend_G+1","Defend_G","Defend_G","Defend_G+1","Defend_G","Strike_G","Strike_G","Strike_G","Strike_G","Survivor","Neutralize","AscendersBane","Sucker Punch+1","Poisoned Stab","Noxious Fumes","Cloak And Dagger","Corpse Explosion","Backflip","Poisoned Stab"],"relics":["Eternal Feather","Golden Idol","War Paint","Tiny Chest"],"potions_floor_usage":[7,11,11,11,11],"damage_taken":[{"damage":3,"enemies":"2 Louse","floor":1,"turns":4},{"damage":1,"enemies":"Small Slimes","floor":3,"turns":4},{"damage":0,"enemies":"Cultist","floor":5,"turns":3},{"damage":39,"enemies":"Lagavulin","floor":7,"turns":6},{"damage":8,"enemies":"Looter","floor":8,"turns":3},{"damage":19,"enemies":"Gremlin Nob","floor":11,"turns":3}],"seed_played":"-170828448504864132","potions_obtained":[{"floor":5,"key":"EntropicBrew"},{"floor":7,"key":"Energy Potion"}],"is_trial":false,"path_per_floor":["M","?","M","$","M","R","E","M","T","$"],"character_chosen":"THE_SILENT","items_purchased":["Noxious Fumes","Strength Potion","Poisoned Stab"],"campfire_rested":0,"item_purchase_floors":[4,4,10],"current_hp_per_floor":[60,60,59,59,59,65,26,18,18,18,0],"gold":18,"neow_bonus":"BOSS_RELIC","is_prod":false,"is_daily":false,"chose_seed":false,"campfire_upgraded":1,"win_rate":0,"timestamp":1540495786,"path_taken":["M","?","M","$","M","R","E","M","T","$","E"],"build_version":"2018-10-18","purchased_purges":1,"victory":false,"max_hp_per_floor":[70,65,65,65,65,65,65,65,65,65,65],"card_choices":[{"not_picked":["Bane","Slice"],"picked":"Sucker Punch","floor":1},{"not_picked":["Deflect","Bane"],"picked":"Poisoned Stab","floor":3},{"not_picked":["Acrobatics","Flying Knee"],"picked":"Cloak And Dagger","floor":5},{"not_picked":["Calculated Gamble","Underhanded Strike"],"picked":"Corpse Explosion","floor":7},{"not_picked":["Choke","Infinite Blades"],"picked":"Backflip","floor":8}],"player_experience":907856,"relics_obtained":[{"floor":7,"key":"War Paint"},{"floor":9,"key":"Tiny Chest"}],"event_choices":[{"damage_healed":0,"gold_gain":0,"player_choice":"Lose Max HP","damage_taken":0,"relics_obtained":["Golden Idol"],"max_hp_gain":0,"max_hp_loss":5,"event_name":"Golden Idol","floor":2,"gold_loss":0}],"is_beta":false,"boss_relics":[],"items_purged_floors":[10],"is_endless":false,"potions_floor_spawned":[5,7,8],"killed_by":"Gremlin Nob","ascension_level":11}