{"gold_per_floor":[116,116,391,29,45,79,79,97,122,153,167,67,67,100,100,100],"floor_reached":16,"playtime":578,"items_purged":["Regret","Strike_B"],"score":286,"play_id":"a8c76294-17f0-4512-96c6-1c1db134cd86","local_time":"20190708232247","is_ascension_mode":true,"campfire_choices":[{"data":"Capacitor","floor":7,"key":"SMITH"},{"data":"Fission","floor":15,"key":"SMITH"}],"neow_cost":"NONE","seed_source_timestamp":966676228814811,"circlet_count":0,"master_deck":["AscendersBane","Strike_B","Strike_B","Strike_B","Defend_B","Defend_B","Defend_B+1","Defend_B","Zap","Dualcast","Go for the Eyes","Beam Cell","Streamline","Capacitor+1","Consume+1","Hologram","Turbo","Fission+1","Sunder","Lockon","Double Energy"],"relics":["Cracked Core","NeowsBlessing","Strawberry","War Paint","Bag of Preparation","Nunchaku","Bottled Lightning"],"potions_floor_usage":[10,14,14],"damage_taken":[{"damage":0,"enemies":"Small Slimes","floor":1,"turns":1},{"damage":0,"enemies":"Jaw Worm","floor":5,"turns":1},{"damage":0,"enemies":"Gremlin Nob","floor":6,"turns":1},{"damage":0,"enemies":"Cultist","floor":8,"turns":3},{"damage":28,"enemies":"Lagavulin","floor":10,"turns":7},{"damage":1,"enemies":"Exordium Thugs","floor":11,"turns":4},{"damage":4,"enemies":"Gremlin Nob","floor":14,"turns":3},{"damage":34,"enemies":"The Guardian","floor":16,"turns":5}],"seed_played":"-3778267266463247361","potions_obtained":[{"floor":1,"key":"SkillPotion"},{"floor":5,"key":"EssenceOfSteel"},{"floor":11,"key":"Regen Potion"}],"is_trial":false,"path_per_floor":["M","?","?","$","M","E","R","M","T","E","M","$","$","E","R","B"],"character_chosen":"DEFECT","items_purchased":["Beam Cell","Streamline","Capacitor","Consume","Hologram"],"campfire_rested":0,"item_purchase_floors":[4,4,4,4,4],"current_hp_per_floor":[64,53,53,53,53,53,53,53,53,25,24,24,24,29,29,0],"gold":100,"neow_bonus":"THREE_ENEMY_KILL","is_prod":false,"is_daily":false,"chose_seed":false,"campfire_upgraded":2,"win_rate":0,"timestamp":1562624567,"path_taken":["M","?","?","$","M","E","R","M","T","E","?","?","$","E","R","BOSS"],"build_version":"2019-07-05","purchased_purges":2,"victory":false,"max_hp_per_floor":[71,78,78,78,78,78,78,78,78,78,78,78,78,78,78,78],"card_choices":[{"not_picked":["Reinforced Body","Consume"],"picked":"Go for the Eyes","floor":1},{"not_picked":["Redo","Steam Power"],"picked":"Turbo","floor":5},{"not_picked":["BootSequence","Auto Shields","Streamline"],"picked":"SKIP","floor":6},{"not_picked":["Barrage","Leap"],"picked":"Fission","floor":8},{"not_picked":["Ball Lightning","Go for the Eyes"],"picked":"Sunder","floor":10},{"not_picked":["Fusion","Stack"],"picked":"Lockon","floor":11},{"not_picked":["Redo","Meteor Strike"],"picked":"Double Energy","floor":14}],"player_experience":1155533,"relics_obtained":[{"floor":6,"key":"War Paint"},{"floor":9,"key":"Bag of Preparation"},{"floor":10,"key":"Nunchaku"},{"floor":14,"key":"Bottled Lightning"}],"event_choices":[{"damage_healed":0,"gold_gain":0,"player_choice":"Success","damage_taken":18,"relics_obtained":["Strawberry"],"max_hp_gain":0,"max_hp_loss":0,"event_name":"Scrap Ooze","floor":2,"gold_loss":0},{"damage_healed":0,"gold_gain":275,"player_choice":"Desecrate","damage_taken":0,"max_hp_gain":0,"max_hp_loss":0,"event_name":"Golden Shrine","floor":3,"gold_loss":0,"cards_obtained":["Regret"]}],"is_beta":false,"boss_relics":[],"items_purged_floors":[4,12],"is_endless":false,"potions_floor_spawned":[1,5,11],"killed_by":"The Guardian","ascension_level":20}