{"gold_per_floor":[110,110,120,120,136,136,168,184,230,5,20,20,55,73,73,146,146,160,230,230,130,140,140,15,15,40,59,69,69,97,115,115,115],"floor_reached":33,"playtime":1362,"items_purged":["Strike_R","Shame","Writhe"],"score":471,"play_id":"bafd3100-dade-4d65-a16c-37ebb88bc126","local_time":"20180907212522","is_ascension_mode":true,"campfire_choices":[{"data":"Whirlwind","floor":6,"key":"SMITH"},{"data":"True Grit","floor":12,"key":"SMITH"},{"floor":15,"key":"REST"},{"data":"True Grit","floor":23,"key":"SMITH"},{"data":"Uppercut","floor":29,"key":"SMITH"},{"data":"Rage","floor":32,"key":"SMITH"}],"neow_cost":"NONE","seed_source_timestamp":1765245535049723,"circlet_count":0,"master_deck":["Strike_R","Strike_R","Strike_R","Defend_R","Defend_R","Defend_R","Defend_R","Bash","AscendersBane","Sword Boomerang","Infernal Blade","Whirlwind+1","Disarm","Anger","Rage+1","True Grit+1","Inflame","Feel No Pain","Juggernaut","Pommel Strike","True Grit+1","Shame","Clothesline+1","Uppercut+1","Inflame","Pummel"],"relics":["Burning Blood","Gremlin Horn","Art of War","Vajra","Bag of Preparation","Cursed Key","Dodecahedron","MutagenicStrength","Lantern","Strawberry"],"potions_floor_usage":[7,33,33],"damage_taken":[{"damage":4,"enemies":"Jaw Worm","floor":1,"turns":5},{"damage":4,"enemies":"Cultist","floor":3,"turns":4},{"damage":8,"enemies":"Small Slimes","floor":5,"turns":5},{"damage":16,"enemies":"Gremlin Nob","floor":7,"turns":3},{"damage":6,"enemies":"2 Fungi Beasts","floor":8,"turns":3},{"damage":12,"enemies":"Exordium Wildlife","floor":11,"turns":3},{"damage":16,"enemies":"3 Sentries","floor":13,"turns":6},{"damage":3,"enemies":"Red Slaver","floor":14,"turns":3},{"damage":18,"enemies":"The Guardian","floor":16,"turns":11},{"damage":13,"enemies":"Spheric Guardian","floor":18,"turns":4},{"damage":14,"enemies":"2 Thieves","floor":22,"turns":4},{"damage":0,"enemies":"3 Cultists","floor":27,"turns":1},{"damage":6,"enemies":"Snake Plant","floor":28,"turns":4},{"damage":28,"enemies":"Book of Stabbing","floor":30,"turns":5},{"damage":0,"enemies":"Chosen and Byrds","floor":31,"turns":4},{"damage":87,"enemies":"Automaton","floor":33,"turns":6}],"seed_played":"5124872933263002654","potions_obtained":[{"floor":1,"key":"AttackPotion"},{"floor":8,"key":"Dexterity Potion"},{"floor":13,"key":"Energy Potion"},{"floor":14,"key":"Energy Potion"}],"is_trial":false,"path_per_floor":["M","?","M","?","M","R","E","M","T","$","M","R","E","M","R","B",null,"M","T","?","$","M","R","$","?","T","M","M","R","E","M","R"],"character_chosen":"IRONCLAD","items_purchased":["Vajra"],"campfire_rested":1,"item_purchase_floors":[10],"current_hp_per_floor":[70,70,72,72,70,70,60,60,60,60,54,54,44,47,69,57,71,64,64,64,64,56,56,56,56,56,62,67,67,52,58,58,0],"gold":115,"neow_bonus":"TRANSFORM_CARD","is_prod":false,"is_daily":false,"chose_seed":false,"campfire_upgraded":5,"win_rate":0,"timestamp":1536351922,"path_taken":["M","?","M","?","M","R","E","M","T","$","M","R","E","?","R","BOSS","M","?","?","$","M","R","$","?","T","M","M","R","E","M","R","BOSS"],"build_version":"2018-09-06","purchased_purges":3,"victory":false,"max_hp_per_floor":[75,75,75,75,75,75,75,75,75,75,75,75,75,75,75,75,75,75,75,75,75,75,75,75,75,75,75,75,75,82,82,82,82],"card_choices":[{"not_picked":["Sentinel","Cleave"],"picked":"Infernal Blade","floor":1},{"not_picked":["Seeing Red","Infernal Blade"],"picked":"Whirlwind","floor":3},{"not_picked":["Burning Pact","Flex"],"picked":"Disarm","floor":5},{"not_picked":["Metallicize","Hemokinesis"],"picked":"Anger","floor":7},{"not_picked":["Twin Strike","Heavy Blade"],"picked":"Rage","floor":8},{"not_picked":["Corruption","Blood for Blood"],"picked":"True Grit","floor":11},{"not_picked":["Dropkick","Flame Barrier"],"picked":"Inflame","floor":13},{"not_picked":["Shockwave","Rupture"],"picked":"Feel No Pain","floor":14},{"not_picked":["Bludgeon","Fiend Fire"],"picked":"Juggernaut","floor":16},{"not_picked":["Rage","True Grit"],"picked":"Pommel Strike","floor":18},{"not_picked":["Bloodletting","Clash","True Grit"],"picked":"SKIP","floor":22},{"not_picked":["Bloodletting","Clash"],"picked":"True Grit","floor":22},{"not_picked":["Heavy Blade","Hemokinesis"],"picked":"Clothesline+1","floor":27},{"not_picked":["Entrench","True Grit"],"picked":"Uppercut","floor":28},{"not_picked":["Shrug It Off","Entrench"],"picked":"Inflame","floor":30},{"not_picked":["Body Slam","Reaper"],"picked":"Pummel","floor":31}],"player_experience":672102,"relics_obtained":[{"floor":7,"key":"Gremlin Horn"},{"floor":9,"key":"Art of War"},{"floor":13,"key":"Bag of Preparation"},{"floor":19,"key":"Dodecahedron"},{"floor":26,"key":"Lantern"},{"floor":30,"key":"Strawberry"}],"event_choices":[{"event_name":"Match and Keep!","player_choice":"1 cards matched","floor":2,"damage_taken":0},{"event_name":"Transmorgrifier","player_choice":"Transform","floor":4,"damage_taken":0},{"event_name":"Drug Dealer","player_choice":"Inject Mutagens","floor":20,"damage_taken":0},{"event_name":"Ghosts","player_choice":"Ignored","floor":25,"damage_taken":0}],"is_beta":false,"boss_relics":[{"not_picked":["Fusion Hammer","Coffee Dripper"],"picked":"Cursed Key"}],"items_purged_floors":[10,21,24],"is_endless":false,"potions_floor_spawned":[1,8,13,14,22,28,30],"killed_by":"Automaton","ascension_level":14}