{"gold_per_floor":[117,117,138,152,8,51,51,51,51,51,90,90,111,125,125,125],"floor_reached":16,"playtime":781,"items_purged":[],"score":110,"play_id":"d5cd71d8-b814-42d0-8a84-a6f236197bad","local_time":"20190625221549","is_ascension_mode":false,"campfire_choices":[{"data":"Catalyst","floor":7,"key":"SMITH"},{"data":"Catalyst","floor":12,"key":"SMITH"},{"floor":15,"key":"REST"}],"neow_cost":"NONE","seed_source_timestamp":1146089775586122,"circlet_count":0,"master_deck":["Defend_G","Defend_G","Defend_G","Defend_G","Defend_G","Strike_G","Strike_G","Strike_G","Survivor","Neutralize","Noxious Fumes","Catalyst+1","PiercingWail","Catalyst+1","PiercingWail","Footwork"],"relics":["Ring of the Snake","Golden Idol","Bag of Marbles","Ornamental Fan","Incense Burner","Boot"],"potions_floor_usage":[6,6,11],"damage_taken":[{"damage":1,"enemies":"Jaw Worm","floor":1,"turns":6},{"damage":2,"enemies":"Small Slimes","floor":3,"turns":6},{"damage":4,"enemies":"2 Louse","floor":4,"turns":4},{"damage":15,"enemies":"Lagavulin","floor":6,"turns":6},{"damage":31,"enemies":"Gremlin Nob","floor":11,"turns":7},{"damage":10,"enemies":"Lots of Slimes","floor":13,"turns":5},{"damage":0,"enemies":"Gremlin Gang","floor":14,"turns":5},{"damage":28,"enemies":"Slime Boss","floor":16,"turns":3}],"seed_played":"-7039541882509889873","potions_obtained":[{"floor":1,"key":"Poison Potion"},{"floor":3,"key":"Regen Potion"},{"floor":6,"key":"SkillPotion"}],"is_trial":false,"path_per_floor":["M","?","M","M","$","E","R","?","T","?","E","R","M","M","R","B"],"character_chosen":"THE_SILENT","items_purchased":["Bag of Marbles"],"campfire_rested":1,"item_purchase_floors":[5],"current_hp_per_floor":[69,52,50,46,46,45,45,45,45,45,14,14,4,4,25,0],"gold":125,"neow_bonus":"REMOVE_CARD","is_prod":false,"is_daily":false,"chose_seed":false,"campfire_upgraded":2,"win_rate":0,"timestamp":1561515349,"path_taken":["M","?","M","M","$","E","R","?","T","?","E","R","?","M","R","BOSS"],"build_version":"2019-01-23","purchased_purges":0,"victory":false,"max_hp_per_floor":[70,70,70,70,70,70,70,70,70,70,70,70,70,70,70,70],"card_choices":[{"not_picked":["Flying Knee","Quick Slash"],"picked":"Noxious Fumes","floor":1},{"not_picked":["Prepared","Acrobatics"],"picked":"Catalyst","floor":3},{"not_picked":["Heel Hook","Dagger Spray"],"picked":"PiercingWail","floor":4},{"not_picked":["Finisher","Blur","Eviscerate"],"picked":"SKIP","floor":6},{"not_picked":["Bouncing Flask","Doppelganger"],"picked":"Catalyst","floor":11},{"not_picked":["Leg Sweep","Backflip"],"picked":"PiercingWail","floor":13},{"not_picked":["Dagger Throw","Outmaneuver"],"picked":"Footwork","floor":14}],"player_experience":253898,"relics_obtained":[{"floor":6,"key":"Ornamental Fan"},{"floor":9,"key":"Incense Burner"},{"floor":11,"key":"Boot"}],"event_choices":[{"damage_healed":0,"gold_gain":0,"player_choice":"Take Damage","damage_taken":17,"relics_obtained":["Golden Idol"],"max_hp_gain":0,"max_hp_loss":0,"event_name":"Golden Idol","floor":2,"gold_loss":0},{"cards_removed":["Strike_G"],"damage_healed":0,"gold_gain":0,"player_choice":"Forget","damage_taken":0,"max_hp_gain":0,"max_hp_loss":0,"event_name":"Living Wall","floor":8,"gold_loss":0},{"damage_healed":0,"gold_gain":0,"player_choice":"Ignored","damage_taken":0,"max_hp_gain":0,"max_hp_loss":0,"event_name":"NoteForYourself","floor":10,"gold_loss":0}],"is_beta":false,"boss_relics":[],"items_purged_floors":[],"is_endless":false,"potions_floor_spawned":[1,3,6],"killed_by":"Slime Boss","ascension_level":0}