{"gold_per_floor":[110,126,301,11,11,11,40,56,56,84,121,164,176,206,218,328,340,364,389,41,41,55,88,104,104,181,196,230,230],"floor_reached":29,"playtime":946,"items_purged":["Doubt","Strike_R"],"score":350,"play_id":"331e3b35-3199-4a28-9a2e-cb995e021f8f","local_time":"20181116231254","is_ascension_mode":false,"campfire_choices":[{"data":"Bash","floor":6.0,"key":"SMITH"},{"data":"Uppercut","floor":13.0,"key":"SMITH"},{"floor":15.0,"key":"REST"},{"floor":25.0,"key":"REST"}],"neow_cost":"NONE","seed_source_timestamp":188379379893185,"circlet_count":0,"master_deck":["Strike_R","Strike_R","Strike_R+1","Strike_R+1","Defend_R","Defend_R","Defend_R","Defend_R","Bash+1","Pommel Strike","Burning Pact","Evolve","Uppercut+1","Iron Wave","Corruption","Iron Wave","Feed","Thunderclap+1","Inflame","Spot Weakness","Uppercut+1","Evolve+1","Iron Wave","Disarm","Uppercut+1"],"special_seed":0,"relics":["Burning Blood","NeowsBlessing","Whetstone","Pear","Singing Bowl","MawBank","Odd Mushroom","Kunai","Mark of Pain","Potion Belt","Art of War","Blue Candle","Regal Pillow"],"potions_floor_usage":[29,29],"damage_taken":[{"damage":0.0,"enemies":"Small Slimes","floor":1.0,"turns":1.0},{"damage":0.0,"enemies":"Jaw Worm","floor":2.0,"turns":1.0},{"damage":0.0,"enemies":"Lagavulin","floor":7.0,"turns":1.0},{"damage":0.0,"enemies":"2 Louse","floor":8.0,"turns":2.0},{"damage":14.0,"enemies":"Looter","floor":10.0,"turns":4.0},{"damage":20.0,"enemies":"The Mushroom Lair","floor":11.0,"turns":4.0},{"damage":23.0,"enemies":"Gremlin Nob","floor":12.0,"turns":4.0},{"damage":17.0,"enemies":"Lots of Slimes","floor":14.0,"turns":6.0},{"damage":35.0,"enemies":"Slime Boss","floor":16.0,"turns":10.0},{"damage":2.0,"enemies":"Chosen","floor":18.0,"turns":4.0},{"damage":14.0,"enemies":"Shell Parasite","floor":19.0,"turns":6.0},{"damage":10.0,"enemies":"Snecko","floor":22.0,"turns":5.0},{"damage":39.0,"enemies":"Slavers","floor":23.0,"turns":5.0},{"damage":19.0,"enemies":"Shelled Parasite and Fungi","floor":24.0,"turns":5.0},{"damage":27.0,"enemies":"3 Cultists","floor":27.0,"turns":5.0},{"damage":49.0,"enemies":"Gremlin Leader","floor":28.0,"turns":8.0},{"damage":20,"enemies":"Sentry and Sphere","floor":29,"turns":5}],"seed_played":"-7473795415250138281","potions_obtained":[{"floor":1.0,"key":"AttackPotion"},{"floor":2.0,"key":"Strength Potion"},{"floor":14.0,"key":"LiquidBronze"},{"floor":18.0,"key":"Fire Potion"},{"floor":27.0,"key":"EssenceOfSteel"},{"floor":28.0,"key":"LiquidBronze"}],"is_trial":false,"path_per_floor":["M","M","?","$","?","R","E","M","T","M","?","E","R","M","R","B",null,"M","M","$","?","M","E","M","R","T","M","E","M"],"character_chosen":"IRONCLAD","items_purchased":["Whetstone","Evolve","Inflame","Spot Weakness","Potion Belt"],"campfire_rested":2,"item_purchase_floors":[4,4,20,20,20],"current_hp_per_floor":[80,80,80,80,72,72,78,86,86,80,66,49,49,38,66,37,94,94,88,88,88,84,56,46,77,77,59,19,0],"gold":230,"neow_bonus":"THREE_ENEMY_KILL","is_prod":false,"is_daily":false,"chose_seed":false,"campfire_upgraded":2,"win_rate":0,"timestamp":1542406374,"path_taken":["M","M","?","$","?","R","E","M","T","M","?","E","R","M","R","BOSS","M","M","$","?","?","E","M","R","T","M","E","M"],"build_version":"2018-11-15","purchased_purges":2,"victory":false,"max_hp_per_floor":[80,80,80,80,90,90,90,92,92,94,94,94,94,94,94,94,94,94,96,96,96,96,101,104,104,104,107,110,110],"card_choices":[{"not_picked":["Infernal Blade","Feel No Pain"],"picked":"Pommel Strike","floor":1.0},{"not_picked":["Power Through","Battle Trance"],"picked":"Burning Pact","floor":2.0},{"not_picked":["True Grit","Sword Boomerang"],"picked":"Uppercut","floor":7.0},{"not_picked":["Heavy Blade","Anger","Pommel Strike"],"picked":"Singing Bowl","floor":8.0},{"not_picked":["Wild Strike","Rampage","Perfected Strike"],"picked":"Singing Bowl","floor":10.0},{"not_picked":["Cleave","Anger"],"picked":"Iron Wave","floor":11.0},{"not_picked":["Rupture","Pommel Strike"],"picked":"Corruption","floor":12.0},{"not_picked":["Cleave","Sword Boomerang"],"picked":"Iron Wave","floor":14.0},{"not_picked":["Impervious","Exhume"],"picked":"Feed","floor":16.0},{"not_picked":["Wild Strike+1","Anger"],"picked":"Thunderclap+1","floor":18.0},{"not_picked":["Armaments","Body Slam","Cleave"],"picked":"Singing Bowl","floor":19.0},{"not_picked":["Combust","Reckless Charge"],"picked":"Evolve+1","floor":22.0},{"not_picked":["Rupture+1","Warcry","Clash+1"],"picked":"Singing Bowl","floor":23.0},{"not_picked":["Warcry","Armaments"],"picked":"Iron Wave","floor":24.0},{"not_picked":["Heavy Blade","Perfected Strike"],"picked":"Disarm","floor":27.0},{"not_picked":["Clash","Anger"],"picked":"Uppercut+1","floor":28.0}],"player_experience":495814,"relics_obtained":[{"floor":7.0,"key":"Singing Bowl"},{"floor":9.0,"key":"MawBank"},{"floor":11.0,"key":"Odd Mushroom"},{"floor":12.0,"key":"Kunai"},{"floor":23.0,"key":"Art of War"},{"floor":26.0,"key":"Blue Candle"},{"floor":28.0,"key":"Regal Pillow"}],"event_choices":[{"damage_healed":0.0,"max_hp_gain":0.0,"max_hp_loss":0.0,"gold_gain":175.0,"event_name":"Liars Game","player_choice":"AGREE","floor":3.0,"gold_loss":0.0,"damage_taken":0.0,"cards_obtained":["Doubt"]},{"damage_healed":0.0,"max_hp_gain":0.0,"max_hp_loss":0.0,"gold_gain":0.0,"event_name":"Scrap Ooze","player_choice":"Success","floor":5.0,"gold_loss":0.0,"damage_taken":18.0,"relics_obtained":["Pear"]},{"damage_healed":0.0,"max_hp_gain":0.0,"max_hp_loss":0.0,"gold_gain":0.0,"event_name":"Mushrooms","player_choice":"Fought Mushrooms","floor":11.0,"gold_loss":0.0,"damage_taken":0.0},{"damage_healed":0.0,"max_hp_gain":0.0,"max_hp_loss":0.0,"gold_gain":0.0,"event_name":"Duplicator","player_choice":"Copied","floor":21.0,"gold_loss":0.0,"damage_taken":0.0,"cards_obtained":["Uppercut"]}],"is_beta":false,"boss_relics":[{"not_picked":["Lizard Tail","Eternal Feather"],"picked":"Mark of Pain"}],"items_purged_floors":[4,20],"is_endless":false,"potions_floor_spawned":[1,2,14,18,27,28],"killed_by":"Sentry and Sphere","ascension_level":0}