{"gold_per_floor":[20,34,54,54,64,95,115,115,142,173,185,202,44,44,44,122,122,76,76,2,2,16,16,33,33,33,33],"floor_reached":27,"playtime":1039,"items_purged":["Strike_R"],"score":416,"play_id":"119c63e7-0998-4893-ac11-8713ee3092bc","local_time":"20190702202946","is_ascension_mode":true,"campfire_choices":[{"data":"Apotheosis","floor":8,"key":"SMITH"},{"floor":15,"key":"REST"},{"floor":23,"key":"REST"},{"floor":25,"key":"REST"}],"neow_cost":"NO_GOLD","seed_source_timestamp":1282269458592000,"circlet_count":0,"master_deck":["AscendersBane","Bash","Apotheosis+1","Panacea","Headbutt","Clothesline","Metallicize","True Grit","Uppercut","Shrug It Off","Infernal Blade","Spot Weakness","Metallicize","Double Tap","Berserk","Twin Strike","Carnage","Exhume","Pommel Strike","Twin Strike","Second Wind","Feel No Pain","Thunderclap+1","Corruption","Shrug It Off+1","Sword Boomerang+1"],"relics":["Burning Blood","Calipers","Red Skull","Whetstone","Pandora\u0027s Box","Nilry\u0027s Codex","Kunai"],"potions_floor_usage":[6,6,16,16,24],"damage_taken":[{"damage":11,"enemies":"Cultist","floor":1,"turns":5},{"damage":0,"enemies":"Small Slimes","floor":2,"turns":5},{"damage":7,"enemies":"2 Louse","floor":3,"turns":3},{"damage":9,"enemies":"Blue Slaver","floor":5,"turns":4},{"damage":12,"enemies":"Lagavulin","floor":6,"turns":9},{"damage":20,"enemies":"3 Louse","floor":7,"turns":5},{"damage":38,"enemies":"3 Sentries","floor":10,"turns":9},{"damage":6,"enemies":"Looter","floor":11,"turns":2},{"damage":4,"enemies":"Red Slaver","floor":12,"turns":3},{"damage":7,"enemies":"Slime Boss","floor":16,"turns":8},{"damage":43,"enemies":"2 Thieves","floor":18,"turns":5},{"damage":19,"enemies":"Shell Parasite","floor":22,"turns":5},{"damage":25,"enemies":"Centurion and Healer","floor":24,"turns":7},{"damage":36,"enemies":"Shelled Parasite and Fungi","floor":27,"turns":4}],"seed_played":"1543926557948020236","potions_obtained":[{"floor":2,"key":"Energy Potion"},{"floor":5,"key":"Ancient Potion"},{"floor":10,"key":"Ancient Potion"},{"floor":11,"key":"SkillPotion"},{"floor":12,"key":"Block Potion"},{"floor":22,"key":"Block Potion"}],"is_trial":false,"path_per_floor":["M","M","M","$","M","E","M","R","T","E","M","M","$","?","R","B",null,"M","?","$","?","M","R","M","R","T","M"],"character_chosen":"IRONCLAD","items_purchased":["Metallicize","Corruption"],"campfire_rested":3,"item_purchase_floors":[13,20],"current_hp_per_floor":[63,69,68,68,65,59,45,45,45,13,13,15,15,15,37,36,65,28,7,7,22,9,31,12,34,34,0],"gold":33,"neow_bonus":"RANDOM_COLORLESS_2","is_prod":false,"is_daily":false,"chose_seed":false,"campfire_upgraded":1,"win_rate":0,"timestamp":1562092186,"path_taken":["M","M","M","?","M","E","M","R","T","E","M","?","$","?","R","BOSS","M","?","$","?","M","R","M","R","T","M"],"build_version":"2019-07-01","purchased_purges":1,"victory":false,"max_hp_per_floor":[75,75,75,75,75,75,75,75,75,75,75,75,75,75,75,75,75,75,75,75,75,75,75,75,75,75,75],"card_choices":[{"not_picked":["Rupture","True Grit"],"picked":"Headbutt","floor":1},{"not_picked":["Sword Boomerang","Body Slam"],"picked":"Clothesline","floor":2},{"not_picked":["Twin Strike","Sentinel"],"picked":"Metallicize","floor":3},{"not_picked":["Thunderclap","Warcry"],"picked":"True Grit","floor":5},{"not_picked":["Perfected Strike","Uppercut","Warcry"],"picked":"SKIP","floor":6},{"not_picked":["Armaments","Hemokinesis"],"picked":"Uppercut","floor":7},{"not_picked":["Thunderclap","Berserk"],"picked":"Shrug It Off","floor":10},{"not_picked":["Searing Blow","Thunderclap"],"picked":"Infernal Blade","floor":11},{"not_picked":["Anger","Shockwave"],"picked":"Spot Weakness","floor":12},{"not_picked":["Bludgeon","Demon Form"],"picked":"Double Tap","floor":16},{"not_picked":["Evolve","Blood for Blood"],"picked":"Thunderclap+1","floor":18},{"not_picked":["Inflame","Reckless Charge"],"picked":"Shrug It Off+1","floor":22},{"not_picked":["True Grit","Dropkick+1"],"picked":"Sword Boomerang+1","floor":24}],"player_experience":1549667,"relics_obtained":[{"floor":6,"key":"Calipers"},{"floor":9,"key":"Red Skull"},{"floor":10,"key":"Whetstone"},{"floor":19,"key":"Nilry\u0027s Codex"},{"floor":26,"key":"Kunai"}],"event_choices":[{"damage_healed":0,"gold_gain":0,"player_choice":"Ignored","damage_taken":0,"max_hp_gain":0,"max_hp_loss":0,"event_name":"Liars Game","floor":14,"gold_loss":0},{"damage_healed":0,"gold_gain":0,"player_choice":"Obtained Book","damage_taken":21,"max_hp_gain":0,"max_hp_loss":0,"event_name":"Cursed Tome","floor":19,"gold_loss":0},{"damage_healed":15,"gold_gain":0,"player_choice":"Heal","damage_taken":0,"max_hp_gain":0,"max_hp_loss":0,"event_name":"The Library","floor":21,"gold_loss":0}],"is_beta":false,"boss_relics":[{"not_picked":["Coffee Dripper","Philosopher\u0027s Stone"],"picked":"Pandora\u0027s Box"}],"items_purged_floors":[13],"is_endless":false,"potions_floor_spawned":[2,5,10,11,12,22],"killed_by":"Shelled Parasite and Fungi","ascension_level":17}