{"gold_per_floor":[109,136,411,423,439,439,466,482,482,482,510,510,525,583,583,659,659,672,672,683,701,701,701,701,716,716,716,716,741,63,82,82,82],"floor_reached":33,"playtime":1277,"items_purged":["Regret"],"score":506,"play_id":"94ca351a-d688-4ab6-a5c0-f0052f87cab9","local_time":"20190514192959","is_ascension_mode":true,"campfire_choices":[{"data":"Bash","floor":6,"key":"SMITH"},{"data":"Shockwave","floor":10,"key":"SMITH"},{"floor":12,"key":"REST"},{"data":"True Grit","floor":15,"key":"SMITH"},{"data":"True Grit","floor":23,"key":"SMITH"},{"data":"Apotheosis","floor":32,"key":"SMITH"}],"neow_cost":"NONE","seed_source_timestamp":72321693814100,"circlet_count":0,"master_deck":["AscendersBane","Defend_R","Defend_R","Defend_R","Defend_R","Bash+1","Shockwave+1","Pommel Strike","Battle Trance","Inflame","Anger","Heavy Blade","Sword Boomerang","True Grit+1","Immolate","Headbutt+1","Hemokinesis+1","Reckless Charge+1","Spot Weakness","Bite","Bite","Bite","Bite","Bite","Heavy Blade","True Grit+1","Writhe","Shrug It Off","Armaments","Apotheosis+1","Dark Embrace","Flex"],"relics":["Burning Blood","Juzu Bracelet","PreservedInsect","Letter Opener","Pantograph","Meat on the Bone","Self Forming Clay","Astrolabe","Champion Belt","Anchor","Ornamental Fan","Gremlin Horn","Mercury Hourglass"],"potions_floor_usage":[7,16,18,29,33],"damage_taken":[{"damage":15,"enemies":"Cultist","floor":1,"turns":5},{"damage":4,"enemies":"2 Louse","floor":4,"turns":3},{"damage":16,"enemies":"Small Slimes","floor":5,"turns":4},{"damage":12,"enemies":"Gremlin Nob","floor":7,"turns":3},{"damage":20,"enemies":"Exordium Wildlife","floor":8,"turns":5},{"damage":28,"enemies":"3 Sentries","floor":11,"turns":5},{"damage":21,"enemies":"Blue Slaver","floor":13,"turns":4},{"damage":8,"enemies":"Gremlin Nob","floor":14,"turns":3},{"damage":36,"enemies":"The Guardian","floor":16,"turns":11},{"damage":9,"enemies":"Spheric Guardian","floor":18,"turns":3},{"damage":18,"enemies":"Shell Parasite","floor":20,"turns":4},{"damage":29,"enemies":"Snake Plant","floor":21,"turns":3},{"damage":25,"enemies":"Centurion and Healer","floor":25,"turns":5},{"damage":15,"enemies":"Slavers","floor":29,"turns":5},{"damage":22,"enemies":"Snecko","floor":31,"turns":5},{"damage":78,"enemies":"Automaton","floor":33,"turns":10}],"seed_played":"-3385000523658031272","potions_obtained":[{"floor":4,"key":"PowerPotion"},{"floor":14,"key":"Dexterity Potion"},{"floor":16,"key":"Fire Potion"},{"floor":18,"key":"FearPotion"},{"floor":31,"key":"FairyPotion"}],"is_trial":false,"path_per_floor":["M","T","?","M","M","R","E","M","T","R","E","R","M","?","R","B",null,"M","?","M","M","?","R","?","M","T","?","T","E","$","M","R","B"],"character_chosen":"IRONCLAD","items_purchased":["Apotheosis","Mercury Hourglass","PowerPotion","Dark Embrace"],"campfire_rested":1,"item_purchase_floors":[30,30,30,30],"current_hp_per_floor":[59,59,59,61,51,51,45,31,31,31,9,31,28,38,38,45,68,65,52,46,39,39,39,33,30,30,40,40,35,35,37,37,0],"gold":82,"neow_bonus":"RANDOM_COMMON_RELIC","is_prod":false,"is_daily":false,"chose_seed":false,"campfire_upgraded":5,"win_rate":0,"timestamp":1557854999,"path_taken":["M","?","?","M","M","R","E","M","T","R","E","R","M","?","R","BOSS","M","?","M","M","?","R","?","M","T","?","?","E","$","M","R","BOSS"],"build_version":"2019-01-23","purchased_purges":1,"victory":false,"max_hp_per_floor":[75,75,75,75,75,75,75,75,75,75,75,75,75,75,75,75,75,75,52,52,52,52,52,52,52,52,52,52,52,52,52,52,52],"card_choices":[{"not_picked":["True Grit","Perfected Strike"],"picked":"Shockwave","floor":1},{"not_picked":["Sword Boomerang","Entrench"],"picked":"Pommel Strike","floor":4},{"not_picked":["Cleave","Sword Boomerang"],"picked":"Battle Trance","floor":5},{"not_picked":["Searing Blow","Twin Strike"],"picked":"Inflame","floor":7},{"not_picked":["Pummel","Clash"],"picked":"Anger","floor":8},{"not_picked":["Bloodletting","Sentinel"],"picked":"Heavy Blade","floor":11},{"not_picked":["Fire Breathing","Havoc"],"picked":"Sword Boomerang","floor":13},{"not_picked":["Wild Strike","Havoc"],"picked":"True Grit","floor":14},{"not_picked":["Fiend Fire","Barricade"],"picked":"Immolate","floor":16},{"not_picked":["Metallicize","Twin Strike"],"picked":"Spot Weakness","floor":18},{"not_picked":["True Grit","Warcry"],"picked":"Heavy Blade","floor":20},{"not_picked":["Warcry","Sentinel"],"picked":"True Grit","floor":21},{"not_picked":["Cleave","Rage"],"picked":"Shrug It Off","floor":25},{"not_picked":["Clothesline+1","Warcry"],"picked":"Armaments","floor":29},{"not_picked":["Pommel Strike","Sentinel"],"picked":"Flex","floor":31}],"player_experience":1085991,"relics_obtained":[{"floor":2,"key":"PreservedInsect"},{"floor":7,"key":"Letter Opener"},{"floor":9,"key":"Pantograph"},{"floor":11,"key":"Meat on the Bone"},{"floor":14,"key":"Self Forming Clay"},{"floor":26,"key":"Anchor"},{"floor":28,"key":"Ornamental Fan"},{"floor":29,"key":"Gremlin Horn"}],"event_choices":[{"damage_healed":0,"gold_gain":275,"player_choice":"Desecrate","damage_taken":0,"max_hp_gain":0,"max_hp_loss":0,"event_name":"Golden Shrine","floor":3,"gold_loss":0,"cards_obtained":["Regret"]},{"damage_healed":0,"gold_gain":0,"player_choice":"Searched \u00272\u0027 times","damage_taken":0,"max_hp_gain":0,"max_hp_loss":0,"event_name":"Dead Adventurer","floor":14,"gold_loss":0},{"damage_healed":0,"gold_gain":0,"player_choice":"Became a vampire","damage_taken":0,"max_hp_gain":0,"max_hp_loss":23,"event_name":"Vampires","floor":19,"gold_loss":0,"cards_obtained":["Bite","Bite","Bite","Bite","Bite"]},{"damage_healed":0,"gold_gain":0,"player_choice":"Opened","damage_taken":0,"relics_obtained":["Champion Belt"],"max_hp_gain":0,"max_hp_loss":0,"event_name":"The Mausoleum","floor":22,"gold_loss":0,"cards_obtained":["Writhe"]},{"damage_healed":0,"gold_gain":0,"player_choice":"","damage_taken":6,"max_hp_gain":0,"max_hp_loss":0,"event_name":"Knowing Skull","floor":24,"potions_obtained":[],"gold_loss":0,"cards_obtained":[]},{"damage_healed":10,"gold_gain":0,"player_choice":"Heal","damage_taken":0,"max_hp_gain":0,"max_hp_loss":0,"event_name":"The Library","floor":27,"gold_loss":0}],"is_beta":false,"boss_relics":[{"not_picked":["Coffee Dripper","Snecko Eye"],"picked":"Astrolabe"}],"items_purged_floors":[30],"is_endless":false,"potions_floor_spawned":[4,14,16,18,31],"killed_by":"Automaton","ascension_level":15}