{"path_per_floor":["M","$","?","?","M","R","E","R","T","?","M","M","$","E","R","B",null,"M","$","M","?","?","E","R","M","T","M","?","R","E","M","R"],"character_chosen":"IRONCLAD","items_purchased":["Medical Kit","Deep Breath"],"gold_per_floor":[114,114,114,114,126,126,151,151,176,176,195,207,207,232,232,329,329,348,61,80,5,5,31,31,43,43,63,63,63,88,107,107,107],"floor_reached":33,"campfire_rested":1,"playtime":2718,"item_purchase_floors":[],"current_hp_per_floor":[80,80,64,57,63,63,69,69,69,69,75,80,80,80,80,66,80,67,67,57,57,42,10,35,33,33,31,31,31,28,25,25,0],"items_purged":[],"gold":107,"score":343,"play_id":"0a54530f-da6b-4e5f-b6d6-fdb45f89cf4e","local_time":"20180530223628","is_prod":false,"is_daily":false,"chose_seed":false,"is_ascension_mode":false,"campfire_upgraded":4,"win_rate":0,"timestamp":1527716188,"campfire_choices":[{"data":"Bash","floor":6.0,"key":"SMITH"},{"data":"Strike_R","floor":8.0,"key":"SMITH"},{"data":"Rampage","floor":15.0,"key":"SMITH"},{"floor":24.0,"key":"REST"},{"data":"Deep Breath","floor":29,"key":"SMITH"},{"data":"1","floor":32,"key":"LIFT"}],"path_taken":["M","$","?","?","M","R","E","R","T","?","M","M","$","E","R","BOSS","M","$","M","?","?","E","R","M","T","?","?","R","E","M","R","BOSS"],"build_version":"2018-05-24","seed_source_timestamp":0,"purchased_purges":0,"victory":false,"master_deck":["Strike_R+1","Strike_R+1","Defend_R+1","Defend_R+1","Bash+1","Battle Trance","Rampage+1","Brutality","Second Wind+1","Rupture+1","Blood for Blood+1","Pommel Strike","Deep Breath+1","Reckless Charge","Disarm","Ghostly","Ghostly","Ghostly","Ghostly","Ghostly","Shrug It Off+1"],"max_hp_per_floor":[80,80,80,80,80,80,80,80,80,80,80,80,80,80,80,80,80,80,80,80,80,85,85,85,85,85,85,42,42,42,42,42,42],"relics":["Burning Blood","NeowsBlessing","Dream Catcher","War Paint","Bottled Flame","Astrolabe","Medical Kit","Girya","Ornamental Fan","Toxic Egg 2"],"card_choices":[{"not_picked":["Clash","Rage","Second Wind"],"picked":"SKIP","floor":1.0},{"not_picked":["Combust","Iron Wave","Wild Strike"],"picked":"SKIP","floor":5.0},{"not_picked":["Sentinel","Bloodletting","Heavy Blade"],"picked":"SKIP","floor":7.0},{"not_picked":["Thunderclap","Sentinel"],"picked":"Rage","floor":11.0},{"not_picked":["Rage","Sentinel"],"picked":"Battle Trance","floor":12.0},{"not_picked":["Armaments","Clothesline"],"picked":"Rampage","floor":14.0},{"not_picked":["Impervious","Feed"],"picked":"Brutality","floor":16.0},{"not_picked":["Entrench","Hemokinesis"],"picked":"Pommel Strike","floor":18.0},{"not_picked":["Clothesline","Perfected Strike","Reckless Charge"],"picked":"SKIP","floor":20.0},{"not_picked":["Shockwave","Iron Wave","Clothesline+1"],"picked":"SKIP","floor":23.0},{"not_picked":["Reckless Charge","Fire Breathing","Cleave"],"picked":"SKIP","floor":25},{"not_picked":["Fire Breathing","Cleave"],"picked":"Reckless Charge","floor":25},{"not_picked":["Clash","Headbutt"],"picked":"Disarm","floor":27},{"not_picked":["Feel No Pain","Havoc+1","Iron Wave+1"],"picked":"SKIP","floor":30},{"not_picked":["Rupture","Twin Strike"],"picked":"Shrug It Off+1","floor":31}],"player_experience":401079,"potions_floor_usage":[27,27],"damage_taken":[{"damage":0.0,"enemies":"2 Louse","floor":1.0,"turns":1.0},{"damage":0.0,"enemies":"Jaw Worm","floor":5.0,"turns":1.0},{"damage":0.0,"enemies":"3 Sentries","floor":7.0,"turns":1.0},{"damage":0.0,"enemies":"Small Slimes","floor":11.0,"turns":3.0},{"damage":0.0,"enemies":"3 Louse","floor":12.0,"turns":4.0},{"damage":2.0,"enemies":"Lagavulin","floor":14.0,"turns":5.0},{"damage":20.0,"enemies":"The Guardian","floor":16.0,"turns":9.0},{"damage":19.0,"enemies":"Shell Parasite","floor":18.0,"turns":4.0},{"damage":16.0,"enemies":"2 Thieves","floor":20.0,"turns":3.0},{"damage":38.0,"enemies":"Book of Stabbing","floor":23.0,"turns":4.0},{"damage":8,"enemies":"Centurion and Healer","floor":25,"turns":5},{"damage":8,"enemies":"Snake Plant","floor":27,"turns":3},{"damage":9,"enemies":"Gremlin Leader","floor":30,"turns":6},{"damage":9,"enemies":"3 Cultists","floor":31,"turns":6},{"damage":54,"enemies":"Automaton","floor":33,"turns":6}],"relics_obtained":[{"floor":7.0,"key":"Dream Catcher"},{"floor":9.0,"key":"War Paint"},{"floor":14.0,"key":"Bottled Flame"},{"floor":23.0,"key":"Girya"},{"floor":26,"key":"Ornamental Fan"},{"floor":30,"key":"Toxic Egg 2"}],"event_choices":[{"event_name":"Shining Light","player_choice":"Entered Light","floor":3.0,"damage_taken":0.0},{"event_name":"Golden Wing","player_choice":"Card Removal","floor":4.0,"damage_taken":0.0},{"event_name":"Bonfire Elementals","player_choice":"BASIC","floor":10.0,"damage_taken":0.0},{"event_name":"Beggar","player_choice":"Gave Gold","floor":21.0,"damage_taken":0.0},{"event_name":"Forgotten Altar","player_choice":"Shed Blood","floor":22.0,"damage_taken":0.0},{"event_name":"Ghosts","player_choice":"Became a Ghost","floor":28,"damage_taken":0}],"boss_relics":[],"items_purged_floors":[],"potions_floor_spawned":[11,14,20,25],"seed_played":"1648104055445309158","killed_by":"Automaton","ascension_level":0,"potions_obtained":[{"floor":11.0,"key":"Energy Potion"},{"floor":14.0,"key":"Weak Potion"},{"floor":20.0,"key":"Dexterity Potion"},{"floor":25,"key":"Poison Potion"}],"is_trial":false}