{"gold_per_floor":[116,135,135,135,145,145,70,70,124,124,142,167,167,185,185,280,280,290,290,205,220,234,234,269,269,322,322,322,335,335,352,352,457,457,477,477,94,94,111,111,129,129,154,171,187,187,187,198,198,198],"floor_reached":51,"playtime":2807,"items_purged":["Strike_R","Strike_R"],"score":717,"play_id":"a5273dcb-3c57-4756-82a1-dd8e3332034d","local_time":"20191010202731","is_ascension_mode":false,"campfire_choices":[{"data":"Shockwave","floor":6.0,"key":"SMITH"},{"data":"Bash","floor":8.0,"key":"SMITH"},{"data":"Shrug It Off","floor":10.0,"key":"SMITH"},{"data":"Rampage","floor":15,"key":"SMITH"},{"data":"Cleave","floor":23,"key":"SMITH"},{"data":"Barricade","floor":25,"key":"SMITH"},{"data":"Defend_R","floor":27,"key":"SMITH"},{"data":"Entrench","floor":30,"key":"SMITH"},{"data":"Defend_R","floor":32,"key":"SMITH"},{"data":"Feel No Pain","floor":40,"key":"SMITH"},{"data":"Shrug It Off","floor":42,"key":"SMITH"},{"data":"Defend_R","floor":46,"key":"SMITH"},{"data":"Entrench","floor":49,"key":"SMITH"}],"neow_cost":"NONE","seed_source_timestamp":6887176381550,"circlet_count":0,"master_deck":["Strike_R","Defend_R","Defend_R+1","Defend_R+1","Defend_R+1","Bash+1","Shockwave+1","Shrug It Off+1","Reaper","Twin Strike","Rampage+1","Offering","True Grit+1","Cleave+1","Barricade+1","Entrench+1","Warcry+1","Feel No Pain+1","Shrug It Off+1","Entrench+1"],"special_seed":0,"relics":["Burning Blood","Oddly Smooth Stone","Boot","Letter Opener","Coffee Dripper","Bag of Marbles","Self Forming Clay","Regal Pillow","Empty Cage","HandDrill","Bronze Scales"],"potions_floor_usage":[16,50,50,50],"damage_taken":[{"damage":17.0,"enemies":"Jaw Worm","floor":1.0,"turns":5.0},{"damage":0.0,"enemies":"2 Louse","floor":2.0,"turns":5.0},{"damage":4.0,"enemies":"Cultist","floor":5.0,"turns":3.0},{"damage":0.0,"enemies":"Blue Slaver","floor":11.0,"turns":6.0},{"damage":30.0,"enemies":"Lagavulin","floor":12.0,"turns":8.0},{"damage":0,"enemies":"2 Fungi Beasts","floor":14,"turns":4},{"damage":48,"enemies":"Hexaghost","floor":16,"turns":11},{"damage":18,"enemies":"Spheric Guardian","floor":18,"turns":4},{"damage":3,"enemies":"3 Byrds","floor":21,"turns":7},{"damage":13,"enemies":"Snake Plant","floor":22,"turns":4},{"damage":6,"enemies":"Gremlin Leader","floor":24,"turns":6},{"damage":18,"enemies":"3 Cultists","floor":29,"turns":5},{"damage":6,"enemies":"Cultist and Chosen","floor":31,"turns":6},{"damage":10,"enemies":"Champ","floor":33,"turns":16},{"damage":17,"enemies":"Orb Walker","floor":35,"turns":5},{"damage":7,"enemies":"3 Shapes","floor":39,"turns":6},{"damage":11,"enemies":"Writhing Mass","floor":41,"turns":8},{"damage":6,"enemies":"4 Shapes","floor":44,"turns":6},{"damage":6,"enemies":"3 Darklings","floor":45,"turns":4},{"damage":14,"enemies":"Spire Growth","floor":48,"turns":9},{"damage":6,"enemies":"Donu and Deca","floor":50,"turns":17}],"seed_played":"-8981347356433735462","potions_obtained":[{"floor":1.0,"key":"Energy Potion"},{"floor":5.0,"key":"Dexterity Potion"},{"floor":11.0,"key":"EssenceOfSteel"},{"floor":16,"key":"EssenceOfSteel"}],"is_trial":false,"path_per_floor":["M","M","?","?","M","R","$","R","T","R","M","E","?","M","R","B",null,"M","?","?","M","M","R","E","R","T","R","?","M","R","M","R","B",null,"M","?","$","?","M","R","M","R","T","M","M","R","?","M","R","B",null],"character_chosen":"IRONCLAD","items_purchased":["Feel No Pain","HandDrill"],"campfire_rested":0,"item_purchase_floors":[37,37],"current_hp_per_floor":[69,75,75,80,82,82,82,82,82,82,85,67,67,79,79,37,85,73,57,57,75,68,68,84,84,84,84,84,72,72,84,84,85,90,85,85,85,85,90,90,85,85,85,90,90,90,90,88,88,90],"gold":198,"neow_bonus":"RANDOM_COMMON_RELIC","is_prod":false,"is_daily":false,"chose_seed":false,"campfire_upgraded":13,"win_rate":0,"timestamp":1570764451,"path_taken":["M","M","?","?","M","R","$","R","T","R","M","E","?","?","R","BOSS","M","?","?","M","M","R","E","R","T","R","?","M","R","M","R","BOSS","M","?","$","?","M","R","M","R","T","M","M","R","?","M","R","BOSS"],"build_version":"2019-07-17","purchased_purges":2,"victory":true,"max_hp_per_floor":[80,80,80,85,85,85,85,85,85,85,85,85,85,85,85,85,85,85,90,90,90,90,90,90,90,90,90,90,90,90,90,90,90,90,90,90,90,90,90,90,90,90,90,90,90,90,90,90,90,90],"card_choices":[{"not_picked":["Carnage","Anger"],"picked":"Shockwave","floor":1.0},{"not_picked":["Warcry","Havoc"],"picked":"Shrug It Off","floor":2.0},{"not_picked":["Perfected Strike","Havoc"],"picked":"Reaper","floor":5.0},{"not_picked":["Wild Strike","Anger","Sword Boomerang"],"picked":"SKIP","floor":11.0},{"not_picked":["Blood for Blood","Sword Boomerang"],"picked":"Twin Strike","floor":12.0},{"not_picked":["Blood for Blood","Wild Strike"],"picked":"Rampage","floor":14},{"not_picked":["Exhume","Bludgeon"],"picked":"Offering","floor":16},{"not_picked":["Shrug It Off","Warcry"],"picked":"True Grit+1","floor":18},{"not_picked":["Intimidate+1","Perfected Strike+1"],"picked":"Cleave","floor":21},{"not_picked":["Wild Strike","Carnage+1","Juggernaut"],"picked":"SKIP","floor":22},{"not_picked":["Headbutt","Feel No Pain"],"picked":"Barricade","floor":24},{"not_picked":["Carnage","Anger","Intimidate"],"picked":"SKIP","floor":29},{"not_picked":["Perfected Strike+1","Corruption+1","Sever Soul"],"picked":"SKIP","floor":31},{"not_picked":["Shockwave","Armaments+1"],"picked":"Warcry+1","floor":35},{"not_picked":["Anger","Iron Wave"],"picked":"Shrug It Off","floor":39},{"not_picked":["Thunderclap+1","Spot Weakness+1","Wild Strike"],"picked":"SKIP","floor":41},{"not_picked":["Berserk","Armaments","Clothesline"],"picked":"SKIP","floor":44},{"not_picked":["Infernal Blade+1","Twin Strike+1","Thunderclap"],"picked":"SKIP","floor":45},{"not_picked":["Twin Strike+1","Clothesline+1","Armaments+1"],"picked":"SKIP","floor":48}],"player_experience":395309,"relics_obtained":[{"floor":9.0,"key":"Boot"},{"floor":12.0,"key":"Letter Opener"},{"floor":24,"key":"Self Forming Clay"},{"floor":26,"key":"Regal Pillow"},{"floor":43,"key":"Bronze Scales"}],"event_choices":[{"damage_healed":0.0,"max_hp_gain":0.0,"max_hp_loss":0.0,"gold_gain":0.0,"event_name":"Liars Game","player_choice":"Ignored","floor":3.0,"gold_loss":0.0,"damage_taken":0.0},{"damage_healed":0.0,"max_hp_gain":5.0,"max_hp_loss":0.0,"gold_gain":0.0,"event_name":"Big Fish","player_choice":"Donut","floor":4.0,"gold_loss":0.0,"damage_taken":0.0},{"damage_healed":0,"gold_gain":0,"player_choice":"Ignored","damage_taken":0,"max_hp_gain":0,"max_hp_loss":0,"event_name":"WeMeetAgain","floor":13,"gold_loss":0},{"damage_healed":0,"gold_gain":0,"player_choice":"Shed Blood","damage_taken":21,"max_hp_gain":5,"max_hp_loss":0,"event_name":"Forgotten Altar","floor":19,"gold_loss":0},{"damage_healed":0,"gold_gain":0,"player_choice":"Obtained Relic","damage_taken":0,"relics_obtained":["Bag of Marbles"],"max_hp_gain":0,"max_hp_loss":0,"event_name":"Addict","floor":20,"gold_loss":85},{"damage_healed":0,"gold_gain":0,"player_choice":"Read","damage_taken":0,"max_hp_gain":0,"max_hp_loss":0,"event_name":"The Library","floor":28,"gold_loss":0,"cards_obtained":["Entrench"]},{"damage_healed":0,"gold_gain":0,"player_choice":"Memory 1","damage_taken":0,"max_hp_gain":0,"max_hp_loss":0,"event_name":"SensoryStone","floor":36,"gold_loss":0},{"damage_healed":0,"gold_gain":0,"player_choice":"Ignored","damage_taken":0,"max_hp_gain":0,"max_hp_loss":0,"event_name":"Mysterious Sphere","floor":38,"gold_loss":0}],"is_beta":false,"boss_relics":[{"not_picked":["Black Star","Tiny House"],"picked":"Coffee Dripper"},{"not_picked":["Runic Cube","Fusion Hammer"],"picked":"Empty Cage"}],"items_purged_floors":[7,37],"is_endless":false,"potions_floor_spawned":[1,5,11,16,18,22,31,35],"ascension_level":0}