{"gold_per_floor":[418,428,63,75,127,127,160,160,160,160,160,177,177,192,192,269,269,283,283,317,337,355,355,367,395,420,420,437,457,457,78,78,78],"floor_reached":33,"playtime":1639,"items_purged":[],"score":467,"play_id":"5da4cbee-c34c-4d16-8808-1b2c44cf6164","local_time":"20180929085505","is_ascension_mode":true,"campfire_choices":[{"data":"Doom and Gloom","floor":6,"key":"SMITH"},{"data":"Consume","floor":8,"key":"SMITH"},{"data":"Stack","floor":11,"key":"SMITH"},{"data":"Zap","floor":13,"key":"SMITH"},{"data":"Stack","floor":15,"key":"SMITH"},{"data":"Fission","floor":23,"key":"SMITH"},{"floor":27,"key":"REST"},{"floor":30,"key":"REST"},{"data":"Hologram","floor":32,"key":"SMITH"}],"neow_cost":"TEN_PERCENT_HP_LOSS","seed_source_timestamp":215186544604693,"circlet_count":0,"master_deck":["Strike_B+1","Strike_B+1","Strike_B+1","Defend_B+1","Defend_B+1","Defend_B+1","Defend_B+1","Zap+1","Dualcast","AscendersBane","Stack+1","Stack+1","Doom and Gloom+1","Ball Lightning","Consume+1","Steam","White Noise","Fission+1","Sweeping Beam+1","Beam Cell","Hologram+1","Steam","Steam+1","Echo Form","Loop+1","Coolheaded"],"relics":["Cracked Core","Old Coin","Kunai","Shuriken","Letter Opener","Sozu","Red Mask","Centennial Puzzle","Lantern","Membership Card","Frozen Egg 2"],"potions_floor_usage":[7,16,20,25],"damage_taken":[{"damage":1,"enemies":"Cultist","floor":1,"turns":3},{"damage":3,"enemies":"2 Louse","floor":2,"turns":2},{"damage":0,"enemies":"Small Slimes","floor":4,"turns":3},{"damage":30,"enemies":"Lagavulin","floor":7,"turns":5},{"damage":1,"enemies":"2 Fungi Beasts","floor":12,"turns":3},{"damage":3,"enemies":"Red Slaver","floor":14,"turns":3},{"damage":3,"enemies":"Hexaghost","floor":16,"turns":9},{"damage":17,"enemies":"Shell Parasite","floor":18,"turns":6},{"damage":10,"enemies":"Masked Bandits","floor":20,"turns":3},{"damage":0,"enemies":"3 Byrds","floor":21,"turns":3},{"damage":2,"enemies":"Cultist and Chosen","floor":22,"turns":5},{"damage":0,"enemies":"Snecko","floor":24,"turns":4},{"damage":15,"enemies":"Slavers","floor":25,"turns":4},{"damage":0,"enemies":"3 Cultists","floor":28,"turns":3},{"damage":0,"enemies":"Chosen and Byrds","floor":29,"turns":5},{"damage":66,"enemies":"Collector","floor":33,"turns":8}],"seed_played":"811791078823058212","potions_obtained":[{"floor":2,"key":"AttackPotion"},{"floor":14,"key":"SkillPotion"},{"floor":16,"key":"Energy Potion"}],"is_trial":false,"path_per_floor":["M","M","$","M","?","R","E","R","T","?","R","M","R","M","R","B",null,"M","?","?","M","M","R","M","E","T","R","M","M","R","$","R"],"character_chosen":"DEFECT","items_purchased":["Kunai","Doom and Gloom","Poison Potion","Membership Card","Frozen Egg 2","Loop+1","Coolheaded"],"campfire_rested":2,"item_purchase_floors":[3,3,3,31,31,31,31],"current_hp_per_floor":[63,60,60,60,60,60,30,30,30,30,30,29,29,26,26,23,54,37,37,27,27,25,25,25,10,10,29,29,29,48,48,48,0],"gold":78,"neow_bonus":"ONE_RARE_RELIC","is_prod":false,"is_daily":false,"chose_seed":false,"campfire_upgraded":7,"win_rate":0,"timestamp":1538207705,"path_taken":["M","M","$","M","?","R","E","R","T","?","R","M","R","M","R","BOSS","M","?","?","M","M","R","M","E","T","R","M","M","R","$","R","BOSS"],"build_version":"2018-09-27","purchased_purges":0,"victory":false,"max_hp_per_floor":[64,64,64,64,64,64,64,64,64,64,64,64,64,64,64,64,64,64,64,64,64,64,64,64,64,64,64,64,64,64,64,64,64],"card_choices":[{"not_picked":["Compile Driver","Redo"],"picked":"Stack","floor":1},{"not_picked":["Rebound","Double Energy"],"picked":"Stack","floor":2},{"not_picked":["Steam","Gash"],"picked":"Ball Lightning","floor":4},{"not_picked":["Seek","Hello World"],"picked":"Consume","floor":7},{"not_picked":["Go for the Eyes","Leap"],"picked":"Steam","floor":12},{"not_picked":["Ball Lightning","Skim"],"picked":"White Noise","floor":14},{"not_picked":["All For One","Amplify"],"picked":"Fission","floor":16},{"not_picked":["Ball Lightning","Barrage"],"picked":"Sweeping Beam+1","floor":18},{"not_picked":["Ball Lightning","Hello World"],"picked":"Beam Cell","floor":20},{"not_picked":["Rebound","Multi-Cast"],"picked":"Hologram","floor":21},{"not_picked":["Beam Cell","Barrage"],"picked":"Steam","floor":22},{"not_picked":["Aggregate","Rip and Tear","Genetic Algorithm"],"picked":"SKIP","floor":24},{"not_picked":["Hello World","Consume"],"picked":"Steam+1","floor":25},{"not_picked":["BootSequence","Hologram","Barrage+1"],"picked":"SKIP","floor":28},{"not_picked":["Auto Shields","Steam+1"],"picked":"Echo Form","floor":29}],"player_experience":779790,"relics_obtained":[{"floor":7,"key":"Shuriken"},{"floor":9,"key":"Letter Opener"},{"floor":20,"key":"Red Mask"},{"floor":25,"key":"Centennial Puzzle"},{"floor":26,"key":"Lantern"}],"event_choices":[{"event_name":"Golden Wing","player_choice":"Gained Gold","floor":5,"damage_taken":0},{"event_name":"Bonfire Elementals","player_choice":"BASIC","floor":10,"damage_taken":0},{"event_name":"Back to Basics","player_choice":"Simplicity","floor":19,"damage_taken":0},{"event_name":"Masked Bandits","player_choice":"Fought Bandits","floor":20,"damage_taken":0}],"is_beta":false,"boss_relics":[{"not_picked":["Lizard Tail","Nuclear Battery"],"picked":"Sozu"}],"items_purged_floors":[],"is_endless":false,"potions_floor_spawned":[2,14,16,20,22,28,29],"killed_by":"Collector","ascension_level":15}