{"gold_per_floor":[119,132,57,57,19,346,346,364,364,364,380,380,10,30,30,104,104,123,123,44,44,54,54,54],"floor_reached":24,"playtime":775,"items_purged":["Strike_B","Strike_B"],"score":340,"play_id":"1b78ce30-ed3b-4d92-883a-6e64b474db3b","local_time":"20190520002043","is_ascension_mode":true,"campfire_choices":[{"data":"Zap","floor":7,"key":"SMITH"},{"data":"Chaos","floor":12,"key":"SMITH"},{"floor":15,"key":"REST"},{"floor":23,"key":"REST"}],"neow_cost":"NONE","seed_source_timestamp":522280027771000,"circlet_count":0,"master_deck":["AscendersBane","Defend_B","Defend_B","Zap+1","Dualcast","Finesse","Static Discharge","Chill","Glacier","Sweeping Beam","Hologram","Chaos+1","All For One","Doom and Gloom","Darkness","Creative AI","Steam","Core Surge","Consume+1","Darkness+1","Thunder Strike+1","Leap+1","Ghostly","Ghostly","Ghostly","Defragment","Skim+1"],"relics":["Cracked Core","Old Coin","Nunchaku","Astrolabe"],"potions_floor_usage":[6,16],"damage_taken":[{"damage":0,"enemies":"Cultist","floor":1,"turns":3},{"damage":10,"enemies":"2 Louse","floor":2,"turns":3},{"damage":19,"enemies":"Lagavulin","floor":6,"turns":11},{"damage":7,"enemies":"Jaw Worm","floor":8,"turns":3},{"damage":16,"enemies":"3 Louse","floor":11,"turns":2},{"damage":0,"enemies":"2 Fungi Beasts","floor":14,"turns":3},{"damage":26,"enemies":"The Guardian","floor":16,"turns":11},{"damage":13,"enemies":"3 Byrds","floor":18,"turns":4},{"damage":6,"enemies":"Shell Parasite","floor":22,"turns":6},{"damage":40,"enemies":"Book of Stabbing","floor":24,"turns":7}],"seed_played":"8136800255114874778","potions_obtained":[{"floor":1,"key":"Dexterity Potion"},{"floor":6,"key":"Ancient Potion"},{"floor":14,"key":"Dexterity Potion"}],"is_trial":false,"path_per_floor":["M","M","$","?","$","E","R","M","T","?","M","R","$","M","R","B",null,"M","?","$","?","M","R","E"],"character_chosen":"DEFECT","items_purchased":["Glacier","Doom and Gloom","Darkness","Creative AI","Defragment"],"campfire_rested":2,"item_purchase_floors":[5,13,13,13,20],"current_hp_per_floor":[64,54,54,59,59,40,40,33,33,33,17,17,17,17,39,13,60,47,38,38,30,24,36,0],"gold":54,"neow_bonus":"RANDOM_COLORLESS","is_prod":false,"is_daily":false,"chose_seed":false,"campfire_upgraded":2,"win_rate":0,"timestamp":1558304443,"path_taken":["M","?","$","?","?","E","R","M","T","?","M","R","$","M","R","BOSS","M","?","$","?","M","R","E"],"build_version":"2019-01-23","purchased_purges":2,"victory":false,"max_hp_per_floor":[71,71,71,76,76,76,76,76,76,76,76,76,76,76,76,76,76,76,38,38,43,43,43,43],"card_choices":[{"not_picked":["Rebound","Stack"],"picked":"Static Discharge","floor":1},{"not_picked":["Streamline","Storm"],"picked":"Chill","floor":2},{"not_picked":["Heatsinks","Stack"],"picked":"Sweeping Beam","floor":6},{"not_picked":["Rebound","Streamline"],"picked":"Hologram","floor":8},{"not_picked":["Beam Cell","Go for the Eyes"],"picked":"All For One","floor":11},{"not_picked":["Sweeping Beam","Turbo"],"picked":"Steam","floor":14},{"not_picked":["Multi-Cast","Machine Learning"],"picked":"Core Surge","floor":16},{"not_picked":["Coolheaded","Stack"],"picked":"Leap+1","floor":18},{"not_picked":["Reprogram","Darkness"],"picked":"Skim+1","floor":22}],"player_experience":1158102,"relics_obtained":[{"floor":6,"key":"Old Coin"},{"floor":9,"key":"Nunchaku"}],"event_choices":[{"damage_healed":0,"gold_gain":0,"player_choice":"Donut","damage_taken":0,"max_hp_gain":5,"max_hp_loss":0,"event_name":"Big Fish","floor":4,"gold_loss":0},{"damage_healed":0,"gold_gain":0,"cards_transformed":["Strike_B"],"player_choice":"Change","damage_taken":0,"max_hp_gain":0,"max_hp_loss":0,"event_name":"Living Wall","floor":10,"gold_loss":0,"cards_obtained":["Chaos"]},{"damage_healed":0,"gold_gain":0,"player_choice":"Became a Ghost","damage_taken":0,"max_hp_gain":0,"max_hp_loss":38,"event_name":"Ghosts","floor":19,"gold_loss":0,"cards_obtained":["Ghostly","Ghostly","Ghostly"]},{"damage_healed":0,"gold_gain":0,"player_choice":"Shed Blood","damage_taken":13,"max_hp_gain":5,"max_hp_loss":0,"event_name":"Forgotten Altar","floor":21,"gold_loss":0}],"is_beta":false,"boss_relics":[{"not_picked":["Velvet Choker","Cursed Key"],"picked":"Astrolabe"}],"items_purged_floors":[3,13],"is_endless":false,"potions_floor_spawned":[1,6,14],"killed_by":"Book of Stabbing","ascension_level":15}