{"gold_per_floor":[112,112,126,2,22,22,22,22,46,95,428,444,477,161,161,285,285,308,328,140,140,155,176,176,199,224,224,224,224,265,88,88,218,218,243,130,130,130,143,143,156,156,179,214,214,63,86,102,102,102],"floor_reached":51,"playtime":4130,"items_purged":["Strike_B","Strike_B","Strike_B+1","Strike_B+1","Dualcast","Defend_B"],"score":753,"play_id":"34b154ab-1e55-45c4-829c-6bd91e8a7727","local_time":"20191009191736","is_ascension_mode":false,"campfire_choices":[{"data":"Hologram","floor":6.0,"key":"SMITH"},{"data":"Sweeping Beam","floor":8.0,"key":"SMITH"},{"data":"Rebound","floor":15.0,"key":"SMITH"},{"data":"Conserve Battery","floor":24.0,"key":"SMITH"},{"data":"Conserve Battery","floor":27.0,"key":"SMITH"},{"data":"Turbo","floor":29.0,"key":"SMITH"},{"data":"Steam","floor":32.0,"key":"SMITH"},{"data":"Go for the Eyes","floor":40.0,"key":"SMITH"},{"data":"Coolheaded","floor":42.0,"key":"SMITH"},{"data":"Defend_B","floor":45,"key":"SMITH"},{"data":"Coolheaded","floor":49,"key":"SMITH"}],"neow_cost":"NONE","seed_source_timestamp":273185190086068,"circlet_count":0,"master_deck":["Defend_B","Defend_B","Defend_B+1","Sweeping Beam+1","Steam+1","Conserve Battery+1","Hologram+1","Conserve Battery+1","Turbo+1","Rebound+1","Gash","Hologram+1","Gash","Gash","Go for the Eyes+1","Coolheaded+1","Hologram","Coolheaded+1","Gash"],"special_seed":0,"relics":["Cracked Core","Golden Idol","Whetstone","Bronze Scales","Old Coin","Cables","Membership Card","Ancient Tea Set","Coffee Dripper","Question Card","Vajra","Pen Nib","DataDisk","DollysMirror","White Beast Statue","Boot","PreservedInsect"],"potions_floor_usage":[44,48,50],"damage_taken":[{"damage":2.0,"enemies":"2 Louse","floor":1.0,"turns":3.0},{"damage":6.0,"enemies":"Jaw Worm","floor":3.0,"turns":3.0},{"damage":0.0,"enemies":"Small Slimes","floor":5.0,"turns":3.0},{"damage":23.0,"enemies":"Gremlin Nob","floor":11.0,"turns":4.0},{"damage":0.0,"enemies":"2 Fungi Beasts","floor":12.0,"turns":2.0},{"damage":10.0,"enemies":"3 Sentries","floor":13.0,"turns":6.0},{"damage":38.0,"enemies":"Slime Boss","floor":16.0,"turns":11.0},{"damage":2.0,"enemies":"Chosen","floor":18.0,"turns":5.0},{"damage":6.0,"enemies":"Shell Parasite","floor":19.0,"turns":4.0},{"damage":8.0,"enemies":"Snecko","floor":22.0,"turns":6.0},{"damage":8.0,"enemies":"3 Cultists","floor":23.0,"turns":5.0},{"damage":7.0,"enemies":"Snake Plant","floor":25.0,"turns":4.0},{"damage":12.0,"enemies":"Slavers","floor":30.0,"turns":5.0},{"damage":39.0,"enemies":"Champ","floor":33.0,"turns":11.0},{"damage":14.0,"enemies":"3 Darklings","floor":35.0,"turns":3.0},{"damage":0.0,"enemies":"Orb Walker","floor":39.0,"turns":3.0},{"damage":9.0,"enemies":"Maw","floor":41.0,"turns":7.0},{"damage":13,"enemies":"Reptomancer","floor":44,"turns":6},{"damage":0,"enemies":"Spire Growth","floor":47,"turns":5},{"damage":9,"enemies":"Sphere and 2 Shapes","floor":48,"turns":6},{"damage":29,"enemies":"Donu and Deca","floor":50,"turns":10}],"seed_played":"-5364039356332193966","potions_obtained":[{"floor":5.0,"key":"GamblersBrew"},{"floor":11.0,"key":"Energy Potion"},{"floor":12.0,"key":"Dexterity Potion"},{"floor":16.0,"key":"Regen Potion"},{"floor":25.0,"key":"FairyPotion"},{"floor":30.0,"key":"FearPotion"},{"floor":33.0,"key":"Energy Potion"},{"floor":35.0,"key":"Weak Potion"},{"floor":41.0,"key":"Energy Potion"},{"floor":44,"key":"Weak Potion"},{"floor":47,"key":"Explosive Potion"},{"floor":48,"key":"Ancient Potion"}],"is_trial":false,"path_per_floor":["M","?","M","$","M","R","?","R","T","T","E","M","E","$","R","B",null,"M","M","$","?","M","M","R","M","T","R","T","R","E","$","R","B",null,"M","$","?","?","M","R","M","R","T","E","R","$","M","M","R","B",null],"character_chosen":"DEFECT","items_purchased":["Conserve Battery","Membership Card","Ancient Tea Set","Question Card","DollysMirror","SkillPotion","Hologram","Coolheaded"],"campfire_rested":0,"item_purchase_floors":[4,14,14,20,31,36,46,46],"current_hp_per_floor":[80,80,74,74,74,74,74,74,74,74,51,51,41,41,41,3,76,74,68,68,68,60,52,52,45,45,45,45,45,33,33,33,9,76,62,62,62,62,62,62,53,53,53,40,40,40,40,31,31,2],"gold":102,"neow_bonus":"TEN_PERCENT_HP_BONUS","is_prod":false,"is_daily":false,"chose_seed":false,"campfire_upgraded":11,"win_rate":0,"timestamp":1570673856,"path_taken":["M","?","M","$","M","R","?","R","T","?","E","M","E","?","R","BOSS","M","M","$","?","M","M","R","M","T","R","?","R","E","$","R","BOSS","M","$","?","?","M","R","M","R","T","E","R","$","M","M","R","BOSS"],"build_version":"2019-07-17","purchased_purges":6,"victory":true,"max_hp_per_floor":[82,82,82,82,82,82,76,76,76,76,76,76,76,76,76,76,76,76,76,76,76,76,76,76,76,76,76,76,76,76,76,76,76,76,76,76,76,76,76,76,76,76,76,76,76,76,76,76,76,76],"card_choices":[{"not_picked":["Compile Driver","Rip and Tear"],"picked":"Sweeping Beam","floor":1.0},{"not_picked":["Recycle","Fusion"],"picked":"Steam","floor":3.0},{"not_picked":["Stack","Coolheaded"],"picked":"Hologram","floor":5.0},{"not_picked":["Steam","Capacitor"],"picked":"Conserve Battery","floor":11.0},{"not_picked":["Force Field","Multi-Cast"],"picked":"Turbo","floor":12.0},{"not_picked":["Reinforced Body","Loop"],"picked":"Rebound","floor":13.0},{"not_picked":["Steam","Ball Lightning"],"picked":"Gash","floor":18.0},{"not_picked":["Cold Snap+1","Barrage"],"picked":"Hologram+1","floor":19.0},{"not_picked":["Sweeping Beam+1","Turbo","Reinforced Body","Rebound"],"picked":"SKIP","floor":22.0},{"not_picked":["Tempest","Barrage+1","Ball Lightning+1","Streamline"],"picked":"SKIP","floor":23.0},{"not_picked":["Stack","Hologram","Redo","Leap"],"picked":"SKIP","floor":25.0},{"not_picked":["Echo Form","Rebound","Steam+1"],"picked":"Gash","floor":30.0},{"not_picked":["Conserve Battery","Compile Driver","Stack","Loop"],"picked":"SKIP","floor":35.0},{"not_picked":["Defragment+1","Force Field+1","Cold Snap+1"],"picked":"Go for the Eyes","floor":39.0},{"not_picked":["Self Repair+1","Beam Cell+1","Ball Lightning"],"picked":"Coolheaded","floor":41.0},{"not_picked":["Turbo+1","Fusion","Loop+1","Conserve Battery+1"],"picked":"SKIP","floor":44},{"not_picked":["Streamline","Conserve Battery+1","Barrage"],"picked":"Gash","floor":47},{"not_picked":["Biased Cognition","Streamline","Darkness","Chill+1"],"picked":"SKIP","floor":48}],"player_experience":371772,"relics_obtained":[{"floor":9.0,"key":"Whetstone"},{"floor":10.0,"key":"Bronze Scales"},{"floor":11.0,"key":"Old Coin"},{"floor":13.0,"key":"Cables"},{"floor":26.0,"key":"Vajra"},{"floor":28.0,"key":"Pen Nib"},{"floor":30.0,"key":"DataDisk"},{"floor":43.0,"key":"Boot"},{"floor":44,"key":"PreservedInsect"}],"event_choices":[{"damage_healed":0.0,"max_hp_gain":0.0,"max_hp_loss":0.0,"gold_gain":0.0,"event_name":"Liars Game","player_choice":"Ignored","floor":2.0,"gold_loss":0.0,"damage_taken":0.0},{"damage_healed":0.0,"max_hp_gain":0.0,"max_hp_loss":6.0,"gold_gain":0.0,"event_name":"Golden Idol","player_choice":"Lose Max HP","floor":7.0,"gold_loss":0.0,"damage_taken":0.0,"relics_obtained":["Golden Idol"]},{"damage_healed":0.0,"max_hp_gain":0.0,"max_hp_loss":0.0,"gold_gain":0.0,"event_name":"Cursed Tome","player_choice":"Ignored","floor":21.0,"gold_loss":0.0,"damage_taken":0.0},{"damage_healed":0.0,"max_hp_gain":0.0,"max_hp_loss":0.0,"gold_gain":0.0,"event_name":"Mysterious Sphere","player_choice":"Ignored","floor":37.0,"gold_loss":0.0,"damage_taken":0.0},{"cards_removed":["Zap"],"damage_healed":0.0,"max_hp_gain":0.0,"max_hp_loss":0.0,"gold_gain":0.0,"event_name":"Falling","player_choice":"Removed Skill","floor":38.0,"gold_loss":0.0,"damage_taken":0.0}],"is_beta":false,"boss_relics":[{"not_picked":["Runic Dome","Fusion Hammer"],"picked":"Coffee Dripper"},{"not_picked":["Black Star","Nuclear Battery"],"picked":"White Beast Statue"}],"items_purged_floors":[4,14,20,31,36,46],"is_endless":false,"potions_floor_spawned":[5,11,12,16,25,30,33,35,39,41,44,47,48],"ascension_level":0}