{"path_per_floor":["M","M","M","M","M","R","?","E","T","M","E","M","M","M","R","B",null,"M","M","M","$","M"],"character_chosen":"IRONCLAD","items_purchased":["Kunai"],"gold_per_floor":[117,136,147,160,174,174,174,217,217,240,276,291,310,329,329,459,459,484,498,512,272,295],"floor_reached":23,"campfire_rested":0,"playtime":1380,"current_hp_per_floor":[80,80,80,75,76,76,56,43,43,35,24,30,31,32,32,26,80,53,36,33,33,27],"items_purged":[],"gold":295,"score":211,"play_id":"4b8fb08b-17f7-40be-a413-6121f835c7a7","is_prod":false,"is_daily":false,"is_ascension_mode":false,"campfire_upgraded":2,"path_taken":["M","M","M","M","M","R","?","E","T","M","E","?","M","M","R","BOSS","M","?","M","$","M","E"],"build_version":"2018-02-15-PROD1","purchased_purges":1,"victory":false,"master_deck":["Strike_R","Strike_R","Strike_R","Strike_R","Strike_R","Defend_R","Defend_R","Defend_R","Defend_R","Bash+1","Intimidate","Thunderclap","Twin Strike","Offering","Disarm","Pommel Strike","Iron Wave","Twin Strike","Limit Break+1","Ghostly Armor","Demon Form","Spot Weakness","Shrug It Off","Twin Strike","Anger","Shrug It Off+1"],"max_hp_per_floor":[80,80,80,80,80,80,80,80,80,80,80,80,80,80,80,80,80,80,80,80,80,80],"relics":["Burning Blood","Golden Idol","Red Skull","Calipers","Smiling Mask","Orrery","Kunai"],"card_choices":[{"not_picked":["Twin Strike","Wild Strike"],"picked":"Intimidate"},{"not_picked":["Headbutt","Twin Strike"],"picked":"Thunderclap"},{"not_picked":["Havoc","Cleave"],"picked":"Twin Strike"},{"not_picked":["Clash","Thunderclap"],"picked":"Offering"},{"not_picked":["Iron Wave","Corruption"],"picked":"Disarm"},{"not_picked":["Searing Blow","Body Slam"],"picked":"Pommel Strike"},{"not_picked":["Sword Boomerang","Headbutt"],"picked":"Iron Wave"},{"not_picked":["Havoc","Clash"],"picked":"Twin Strike"},{"not_picked":["Wild Strike","Armaments"],"picked":"Limit Break"},{"not_picked":["Headbutt","Burning Pact"],"picked":"Ghostly Armor"},{"not_picked":["Fiend Fire","Feed"],"picked":"Demon Form"},{"not_picked":["Iron Wave","Blood for Blood"],"picked":"Spot Weakness"},{"not_picked":["Twin Strike","True Grit"],"picked":"Shrug It Off"},{"not_picked":["Body Slam","Pommel Strike"],"picked":"Twin Strike"},{"not_picked":["Flex","Sentinel"],"picked":"Anger"},{"not_picked":["Reckless Charge","Twin Strike"],"picked":"Shrug It Off"}],"player_experience":222932,"potions_floor_usage":[16,16,16,20,23],"damage_taken":[{"damage":6,"enemies":"Jaw Worm","floor":1,"turns":3},{"damage":4,"enemies":"2 Louse","floor":2,"turns":4},{"damage":1,"enemies":"Cultist","floor":3,"turns":4},{"damage":11,"enemies":"Gremlin Gang","floor":4,"turns":4},{"damage":5,"enemies":"Lots of Slimes","floor":5,"turns":4},{"damage":19,"enemies":"3 Sentries","floor":8,"turns":7},{"damage":14,"enemies":"Blue Slaver","floor":10,"turns":3},{"damage":17,"enemies":"Lagavulin","floor":11,"turns":3},{"damage":0,"enemies":"2 Fungi Beasts","floor":12,"turns":2},{"damage":5,"enemies":"Looter","floor":13,"turns":2},{"damage":5,"enemies":"Large Slime","floor":14,"turns":3},{"damage":12,"enemies":"Hexaghost","floor":16,"turns":6},{"damage":33,"enemies":"3 Byrds","floor":18,"turns":5},{"damage":23,"enemies":"2 Thieves","floor":19,"turns":4},{"damage":9,"enemies":"Snake Plant","floor":20,"turns":3},{"damage":12,"enemies":"Centurion and Healer","floor":22,"turns":5},{"damage":33,"enemies":"Gremlin Leader","floor":23,"turns":6}],"event_choices":[{"event_name":"Golden Idol","player_choice":"Take Damage","floor":7,"damage_taken":0}],"boss_relics":[{"not_picked":["Lizard Tail","Pandora\u0027s Box"],"picked":"Orrery"}],"potions_floor_spawned":[1,3,8,11,14,16,20],"seed_played":"1774478391191981421","killed_by":"Gremlin Leader","ascension_level":0,"is_trial":false}