{"gold_per_floor":[111,124,49,62,62,62,125,125,148,148,148,183,183,195,195,270,270,288,72,86,104,122,153,153,153,153,153,172,172,201,201,201,275,275,293,306,306,316,316,316,335,367,367,367,4,16,16,50,50,50],"floor_reached":50,"playtime":2889,"items_purged":["Strike_G","Writhe"],"score":959,"play_id":"3dd8a4ff-ad41-4f58-a537-2eba88ef98ec","local_time":"20190709184413","is_ascension_mode":true,"campfire_choices":[{"data":"Riddle With Holes","floor":6,"key":"SMITH"},{"data":"Neutralize","floor":8,"key":"SMITH"},{"floor":15,"key":"REST"},{"floor":24,"key":"REST"},{"floor":27,"key":"REST"},{"floor":29,"key":"REST"},{"floor":32,"key":"REST"},{"data":"Deflect","floor":40,"key":"PURGE"},{"floor":44,"key":"REST"},{"floor":49,"key":"REST"}],"neow_cost":"TEN_PERCENT_HP_LOSS","seed_source_timestamp":1034053806689332,"circlet_count":0,"master_deck":["AscendersBane","Strike_G+1","Strike_G+1","Strike_G+1","Defend_G","Defend_G","Defend_G","Defend_G","Defend_G","Survivor+1","Neutralize+1","Finisher","Flying Knee","Riddle With Holes+1","Riddle With Holes","Parasite","Leg Sweep","Dash","Corpse Explosion","Chrysalis","Cloak And Dagger","Flechettes","Backflip","Calculated Gamble","Cloak And Dagger+1","Dash","Footwork","Skewer+1","Dodge and Roll+1"],"relics":["Ring of the Snake","Du-Vu Doll","Tiny Chest","Bronze Scales","Whetstone","Fusion Hammer","Ninja Scroll","Art of War","Ancient Tea Set","Bottled Lightning","Nilry\u0027s Codex","Snecko Eye","Peace Pipe","Vajra","Ornamental Fan","Pen Nib","Pantograph","Mercury Hourglass"],"potions_floor_usage":[12,18,21,30,33,38,42,48,48],"damage_taken":[{"damage":0,"enemies":"2 Louse","floor":1,"turns":3},{"damage":1,"enemies":"Small Slimes","floor":2,"turns":4},{"damage":4,"enemies":"Jaw Worm","floor":4,"turns":3},{"damage":22,"enemies":"3 Sentries","floor":7,"turns":8},{"damage":12,"enemies":"Gremlin Nob","floor":12,"turns":3},{"damage":4,"enemies":"Red Slaver","floor":14,"turns":2},{"damage":1,"enemies":"The Guardian","floor":16,"turns":10},{"damage":9,"enemies":"2 Thieves","floor":18,"turns":2},{"damage":0,"enemies":"Shell Parasite","floor":20,"turns":5},{"damage":0,"enemies":"Shelled Parasite and Fungi","floor":21,"turns":3},{"damage":13,"enemies":"Cultist and Chosen","floor":22,"turns":5},{"damage":21,"enemies":"Slavers","floor":23,"turns":5},{"damage":0,"enemies":"3 Cultists","floor":28,"turns":1},{"damage":5,"enemies":"Book of Stabbing","floor":30,"turns":3},{"damage":39,"enemies":"Collector","floor":33,"turns":8},{"damage":0,"enemies":"3 Shapes","floor":35,"turns":2},{"damage":1,"enemies":"Orb Walker","floor":36,"turns":2},{"damage":0,"enemies":"3 Darklings","floor":38,"turns":2},{"damage":0,"enemies":"Jaw Worm Horde","floor":41,"turns":3},{"damage":36,"enemies":"Giant Head","floor":42,"turns":8},{"damage":0,"enemies":"Spire Growth","floor":46,"turns":3},{"damage":22,"enemies":"Nemesis","floor":48,"turns":5},{"damage":59,"enemies":"Time Eater","floor":50,"turns":8}],"seed_played":"-2090876286917286675","potions_obtained":[{"floor":1,"key":"FearPotion"},{"floor":2,"key":"AttackPotion"},{"floor":16,"key":"Block Potion"},{"floor":23,"key":"SteroidPotion"},{"floor":28,"key":"SkillPotion"},{"floor":30,"key":"Block Potion"},{"floor":33,"key":"Weak Potion"},{"floor":35,"key":"FearPotion"},{"floor":42,"key":"GhostInAJar"}],"is_trial":false,"path_per_floor":["M","M","$","M","?","R","E","R","T","?","?","E","?","M","R","B",null,"M","$","M","M","M","E","R","?","T","R","M","R","E","?","R","B",null,"M","M","?","M","T","R","M","E","T","R","$","M","T","E","R","B"],"character_chosen":"THE_SILENT","items_purchased":["Chrysalis","Cloak And Dagger","Pen Nib","Swift Potion","Footwork"],"campfire_rested":7,"item_purchase_floors":[19,19,45,45,45],"current_hp_per_floor":[59,58,58,54,54,54,32,32,32,14,29,17,17,13,31,30,53,44,44,44,44,31,10,28,28,28,46,46,60,55,34,52,13,48,48,47,47,47,47,47,47,11,11,28,28,28,28,6,23,0],"gold":50,"neow_bonus":"ONE_RARE_RELIC","is_prod":false,"is_daily":false,"chose_seed":false,"campfire_upgraded":2,"win_rate":0,"timestamp":1562694253,"path_taken":["M","M","$","M","?","R","E","R","T","?","?","E","?","?","R","BOSS","M","?","M","M","?","E","R","?","T","R","M","R","E","?","R","BOSS","M","M","?","M","?","R","M","E","T","R","$","?","?","E","R","BOSS"],"build_version":"2019-07-05","purchased_purges":2,"victory":false,"max_hp_per_floor":[60,60,60,60,60,60,60,60,60,60,60,60,60,60,60,60,60,60,60,60,60,60,60,60,60,60,60,60,60,60,60,60,60,60,60,60,57,57,57,57,57,57,57,57,57,57,57,57,57,57],"card_choices":[{"not_picked":["Infinite Blades","Prepared"],"picked":"Finisher","floor":1},{"not_picked":["Deflect","Finisher"],"picked":"Flying Knee","floor":2},{"not_picked":["Quick Slash","Backstab"],"picked":"Riddle With Holes","floor":4},{"not_picked":["Terror","Concentrate"],"picked":"Riddle With Holes","floor":7},{"not_picked":["Riddle With Holes","Endless Agony"],"picked":"Leg Sweep","floor":12},{"not_picked":["Backflip","Dagger Throw"],"picked":"Deflect","floor":14},{"not_picked":["Adrenaline","Phantasmal Killer"],"picked":"Corpse Explosion","floor":16},{"not_picked":["Outmaneuver","Expertise","Bane"],"picked":"SKIP","floor":18},{"not_picked":["Deadly Poison","Prepared+1","Caltrops"],"picked":"SKIP","floor":20},{"not_picked":["Dagger Throw","Dash"],"picked":"Flechettes","floor":21},{"not_picked":["Quick Slash","Underhanded Strike","Bullet Time"],"picked":"SKIP","floor":22},{"not_picked":["Catalyst","Calculated Gamble"],"picked":"Backflip","floor":23},{"not_picked":["Poisoned Stab","Dodge and Roll","Concentrate"],"picked":"SKIP","floor":28},{"not_picked":["Flying Knee","Noxious Fumes"],"picked":"Calculated Gamble","floor":30},{"not_picked":["Poisoned Stab","Bane","Prepared"],"picked":"SKIP","floor":35},{"not_picked":["Flechettes","Deflect"],"picked":"Cloak And Dagger+1","floor":36},{"not_picked":["Poisoned Stab","Blade Dance+1","Choke+1"],"picked":"SKIP","floor":38},{"not_picked":["Deflect","Noxious Fumes","Slice+1"],"picked":"SKIP","floor":41},{"not_picked":["Glass Knife","Cloak And Dagger"],"picked":"Dash","floor":42},{"not_picked":["Acrobatics+1","Blade Dance"],"picked":"Skewer+1","floor":46},{"not_picked":["Poisoned Stab","Deadly Poison"],"picked":"Dodge and Roll+1","floor":48}],"player_experience":1157480,"relics_obtained":[{"floor":7,"key":"Tiny Chest"},{"floor":9,"key":"Bronze Scales"},{"floor":12,"key":"Whetstone"},{"floor":23,"key":"Ninja Scroll"},{"floor":26,"key":"Ancient Tea Set"},{"floor":30,"key":"Bottled Lightning"},{"floor":31,"key":"Nilry\u0027s Codex"},{"floor":39,"key":"Peace Pipe"},{"floor":42,"key":"Vajra"},{"floor":43,"key":"Ornamental Fan"},{"floor":47,"key":"Pantograph"},{"floor":48,"key":"Mercury Hourglass"}],"event_choices":[{"damage_healed":0,"gold_gain":0,"player_choice":"Ignored","damage_taken":0,"max_hp_gain":0,"max_hp_loss":0,"event_name":"Liars Game","floor":5,"gold_loss":0},{"damage_healed":0,"gold_gain":0,"player_choice":"Entered Light","damage_taken":18,"max_hp_gain":0,"max_hp_loss":0,"event_name":"Shining Light","floor":10,"gold_loss":0,"cards_upgraded":["Survivor","Strike_G"]},{"damage_healed":15,"gold_gain":0,"player_choice":"Healed and dodged fight","damage_taken":0,"max_hp_gain":0,"max_hp_loss":0,"event_name":"Mushrooms","floor":11,"gold_loss":0,"cards_obtained":["Parasite"]},{"damage_healed":0,"gold_gain":0,"cards_transformed":["Strike_G"],"player_choice":"Change","damage_taken":0,"max_hp_gain":0,"max_hp_loss":0,"event_name":"Living Wall","floor":13,"gold_loss":0,"cards_obtained":["Dash"]},{"damage_healed":0,"gold_gain":0,"player_choice":"Opened","damage_taken":0,"relics_obtained":["Art of War"],"max_hp_gain":0,"max_hp_loss":0,"event_name":"The Mausoleum","floor":25,"gold_loss":0,"cards_obtained":["Writhe"]},{"damage_healed":0,"gold_gain":0,"player_choice":"Obtained Book","damage_taken":21,"max_hp_gain":0,"max_hp_loss":0,"event_name":"Cursed Tome","floor":31,"gold_loss":0},{"damage_healed":0,"gold_gain":0,"player_choice":"Max HP","damage_taken":0,"max_hp_gain":0,"max_hp_loss":3,"event_name":"Winding Halls","floor":37,"gold_loss":0}],"is_beta":false,"boss_relics":[{"not_picked":["Runic Pyramid","White Beast Statue"],"picked":"Fusion Hammer"},{"not_picked":["Cursed Key","Philosopher\u0027s Stone"],"picked":"Snecko Eye"}],"items_purged_floors":[3,45],"is_endless":false,"potions_floor_spawned":[1,2,16,23,28,30,33,35,42],"killed_by":"Time Eater","ascension_level":15}