{"gold_per_floor":[112,124,139,151,151,481,7,69,92,92,106,135,145,220,220,320,320,337,436,470,31,31,31,60,71,94,125,142,142,174,49,49,150,150,169,169,189,205,205,205,238,238,238,238,460,480,480,117,117,117],"floor_reached":51,"playtime":3507,"items_purged":["Strike_G","Strike_G","Strike_G"],"score":816,"play_id":"7ae1e223-48ba-4cb5-8318-1dbc96e2934e","local_time":"20181116203652","is_ascension_mode":false,"campfire_choices":[{"floor":15,"key":"REST"},{"floor":23,"key":"REST"},{"floor":29,"key":"REST"},{"floor":32,"key":"REST"},{"data":"Noxious Fumes","floor":40,"key":"SMITH"},{"floor":42,"key":"REST"},{"floor":44,"key":"REST"},{"floor":49,"key":"REST"}],"neow_cost":"NONE","seed_source_timestamp":241167258253816,"circlet_count":0,"master_deck":["Defend_G","Defend_G","Defend_G","Defend_G","Defend_G","Survivor","Neutralize","Flying Knee","Blur","Dagger Spray+1","Predator","Sucker Punch","Leg Sweep","Apotheosis+1","Dash","Deadly Poison","Blade Dance","PiercingWail","Night Terror","Dodge and Roll","Well Laid Plans+1","Concentrate+1","Catalyst","Cloak And Dagger+1","Deadly Poison","Dodge and Roll","Corpse Explosion","Iron Wave","Caltrops+1","Noxious Fumes+1","PiercingWail","Blur+1"],"relics":["Ring of the Snake","Paper Crane","Old Coin","Oddly Smooth Stone","Blue Candle","Omamori","Regal Pillow","Empty Cage","Red Mask","ClockworkSouvenir","Bag of Preparation","Nilry\u0027s Codex","Blood Vial","Pen Nib","Question Card","Vajra","Calling Bell","Ornamental Fan","Lantern","WingedGreaves","Du-Vu Doll","Bottled Tornado","Snake Skull","HandDrill"],"potions_floor_usage":[20,24,50,50,50],"damage_taken":[{"damage":0,"enemies":"Cultist","floor":1,"turns":4},{"damage":0,"enemies":"Jaw Worm","floor":2,"turns":5},{"damage":0,"enemies":"Small Slimes","floor":3,"turns":3},{"damage":2,"enemies":"3 Louse","floor":4,"turns":4},{"damage":18,"enemies":"Gremlin Nob","floor":6,"turns":4},{"damage":8,"enemies":"Gremlin Nob","floor":8,"turns":5},{"damage":0,"enemies":"Exordium Thugs","floor":11,"turns":4},{"damage":9,"enemies":"3 Sentries","floor":12,"turns":8},{"damage":0,"enemies":"2 Fungi Beasts","floor":13,"turns":2},{"damage":3,"enemies":"The Guardian","floor":16,"turns":13},{"damage":0,"enemies":"3 Byrds","floor":18,"turns":7},{"damage":19,"enemies":"Masked Bandits","floor":20,"turns":6},{"damage":41,"enemies":"Slavers","floor":24,"turns":8},{"damage":0,"enemies":"Shell Parasite","floor":25,"turns":6},{"damage":42,"enemies":"Gremlin Leader","floor":27,"turns":10},{"damage":3,"enemies":"Centurion and Healer","floor":28,"turns":9},{"damage":6,"enemies":"Book of Stabbing","floor":30,"turns":7},{"damage":0,"enemies":"Champ","floor":33,"turns":9},{"damage":0,"enemies":"3 Shapes","floor":35,"turns":3},{"damage":12,"enemies":"3 Darklings","floor":37,"turns":5},{"damage":0,"enemies":"Sphere and 2 Shapes","floor":38,"turns":4},{"damage":43,"enemies":"Giant Head","floor":41,"turns":11},{"damage":9,"enemies":"Writhing Mass","floor":46,"turns":7},{"damage":31,"enemies":"Time Eater","floor":50,"turns":7}],"seed_played":"1866042597150666816","potions_obtained":[{"floor":2,"key":"Swift Potion"},{"floor":6,"key":"SkillPotion"},{"floor":11,"key":"SpeedPotion"},{"floor":13,"key":"Regen Potion"},{"floor":20,"key":"Strength Potion"},{"floor":25,"key":"Dexterity Potion"},{"floor":33,"key":"PowerPotion"}],"is_trial":false,"path_per_floor":["M","M","M","M","T","E","$","?","T","?","M","E","M","?","R","B",null,"M","?","?","$","?","R","E","M","T","E","M","R","E","$","R","B",null,"M","?","M","M","$","R","E","R","T","R","?","M","?","$","R","B",null],"character_chosen":"THE_SILENT","items_purchased":["Oddly Smooth Stone","Apotheosis","PowerPotion","ClockworkSouvenir","Bag of Preparation","Snake Skull","HandDrill"],"campfire_rested":7,"item_purchase_floors":[7,7,7,21,21,48,48],"current_hp_per_floor":[70,70,70,68,68,50,50,42,42,28,28,19,19,12,48,45,70,70,70,51,51,35,70,44,46,46,6,5,41,37,37,70,70,70,70,70,58,60,60,60,19,55,55,70,70,61,61,61,70,39],"gold":117,"neow_bonus":"THREE_CARDS","is_prod":false,"is_daily":false,"chose_seed":false,"campfire_upgraded":1,"win_rate":0,"timestamp":1542400612,"path_taken":["M","M","M","M","?","E","$","?","T","?","M","E","M","?","R","BOSS","M","?","?","$","?","R","E","M","T","E","M","R","E","?","R","BOSS","M","?","M","?","$","R","E","R","T","R","?","M","?","$","R","BOSS"],"build_version":"2018-11-15","purchased_purges":3,"victory":true,"max_hp_per_floor":[70,70,70,70,70,70,70,70,70,70,70,70,70,70,70,70,70,70,70,70,70,70,70,70,70,70,70,70,70,70,70,70,70,70,70,70,70,70,70,70,70,70,70,70,70,70,70,70,70,70],"card_choices":[{"not_picked":["Slice","Flechettes"],"picked":"Flying Knee","floor":0},{"not_picked":["Blade Dance","Outmaneuver"],"picked":"Blur","floor":1},{"not_picked":["Flying Knee","Outmaneuver"],"picked":"Dagger Spray","floor":2},{"not_picked":["Accuracy","Sucker Punch"],"picked":"Predator","floor":3},{"not_picked":["Slice","Terror"],"picked":"Sucker Punch","floor":4},{"not_picked":["Flying Knee","Dodge and Roll"],"picked":"Leg Sweep","floor":6},{"not_picked":["Bane","Blade Dance"],"picked":"Dash","floor":8},{"not_picked":["Burst","Dash"],"picked":"Deadly Poison","floor":11},{"not_picked":["Distraction","Bane"],"picked":"Blade Dance","floor":12},{"not_picked":["Dodge and Roll","Slice"],"picked":"PiercingWail","floor":13},{"not_picked":["Doppelganger","Burst"],"picked":"Night Terror","floor":16},{"not_picked":["Acrobatics","Underhanded Strike"],"picked":"Dodge and Roll","floor":18},{"not_picked":["Backstab","Choke"],"picked":"Well Laid Plans+1","floor":20},{"not_picked":["Acrobatics","Expertise"],"picked":"Concentrate+1","floor":24},{"not_picked":["Quick Slash","Slice"],"picked":"Catalyst","floor":25},{"not_picked":["Riddle With Holes","Predator+1"],"picked":"Cloak And Dagger+1","floor":27},{"not_picked":["PiercingWail","Slice","Prepared"],"picked":"Deadly Poison","floor":28},{"not_picked":["Flying Knee","A Thousand Cuts","Flechettes"],"picked":"Dodge and Roll","floor":30},{"not_picked":["Wraith Form v2","Die Die Die","Phantasmal Killer"],"picked":"Corpse Explosion","floor":33},{"not_picked":["Prepared","Acrobatics+1","Well Laid Plans+1","Quick Slash+1"],"picked":"SKIP","floor":35},{"not_picked":["Prepared","Acrobatics+1","Well Laid Plans+1","Quick Slash+1"],"picked":"SKIP","floor":35},{"not_picked":["Blade Dance","Endless Agony+1","Deflect"],"picked":"Caltrops+1","floor":37},{"not_picked":["Underhanded Strike+1","Deadly Poison","Bouncing Flask+1"],"picked":"Noxious Fumes","floor":38},{"not_picked":["Accuracy+1","Quick Slash","All Out Attack+1"],"picked":"PiercingWail","floor":41},{"not_picked":["Bane","Dodge and Roll","Caltrops+1"],"picked":"Blur+1","floor":46}],"player_experience":979979,"relics_obtained":[{"floor":5,"key":"Paper Crane"},{"floor":6,"key":"Old Coin"},{"floor":8,"key":"Blue Candle"},{"floor":9,"key":"Omamori"},{"floor":12,"key":"Regal Pillow"},{"floor":20,"key":"Red Mask"},{"floor":22,"key":"Nilry\u0027s Codex"},{"floor":24,"key":"Blood Vial"},{"floor":26,"key":"Pen Nib"},{"floor":27,"key":"Question Card"},{"floor":30,"key":"Vajra"},{"floor":34,"key":"Ornamental Fan"},{"floor":34,"key":"Lantern"},{"floor":34,"key":"WingedGreaves"},{"floor":41,"key":"Du-Vu Doll"},{"floor":43,"key":"Bottled Tornado"}],"event_choices":[{"damage_healed":0,"gold_gain":0,"player_choice":"Searched \u00272\u0027 times","damage_taken":0,"max_hp_gain":0,"max_hp_loss":0,"event_name":"Dead Adventurer","floor":8,"gold_loss":0},{"damage_healed":0,"gold_gain":0,"player_choice":"Entered Light","damage_taken":14,"max_hp_gain":0,"max_hp_loss":0,"event_name":"Shining Light","floor":10,"gold_loss":0,"cards_upgraded":["Apotheosis","Dagger Spray"]},{"damage_healed":0,"gold_gain":75,"player_choice":"Touch","damage_taken":7,"max_hp_gain":0,"max_hp_loss":0,"event_name":"FaceTrader","floor":14,"gold_loss":0},{"damage_healed":0,"gold_gain":99,"player_choice":"Stole From Cult","damage_taken":0,"max_hp_gain":0,"max_hp_loss":0,"event_name":"Nest","floor":19,"gold_loss":0},{"damage_healed":0,"gold_gain":0,"player_choice":"Fought Bandits","damage_taken":0,"max_hp_gain":0,"max_hp_loss":0,"event_name":"Masked Bandits","floor":20,"gold_loss":0},{"damage_healed":0,"gold_gain":0,"player_choice":"Obtained Book","damage_taken":16,"max_hp_gain":0,"max_hp_loss":0,"event_name":"Cursed Tome","floor":22,"gold_loss":0},{"cards_removed":["Decay"],"damage_healed":0,"gold_gain":0,"player_choice":"Took Card","damage_taken":0,"max_hp_gain":0,"max_hp_loss":0,"event_name":"NoteForYourself","floor":36,"gold_loss":0,"cards_obtained":["Iron Wave"]},{"damage_healed":0,"gold_gain":222,"player_choice":"Wore Mask","damage_taken":0,"max_hp_gain":0,"max_hp_loss":0,"event_name":"Tomb of Lord Red Mask","floor":45,"gold_loss":0},{"damage_healed":0,"gold_gain":0,"player_choice":"Ignored","damage_taken":0,"max_hp_gain":0,"max_hp_loss":0,"event_name":"Transmorgrifier","floor":47,"gold_loss":0}],"is_beta":false,"boss_relics":[{"not_picked":["Lizard Tail","Runic Pyramid"],"picked":"Empty Cage"},{"not_picked":["Runic Dome","Pandora\u0027s Box"],"picked":"Calling Bell"}],"items_purged_floors":[7,21,31],"is_endless":false,"potions_floor_spawned":[2,6,11,12,13,20,25,30,33,38,41],"ascension_level":0}