{"gold_per_floor":[111,129,129,144,161,161,188,188,233,233,262,273,291,319,319,398,398,417,81,95,107,126,126,26,26,76,90,107,107,117,117,117,117],"floor_reached":33,"playtime":1247,"items_purged":["Strike_R","Strike_R"],"score":515,"play_id":"ebfca2ac-b1ea-4d04-9b86-38b0c7d43cf0","local_time":"20190801165519","is_ascension_mode":true,"campfire_choices":[{"data":"Armaments","floor":6,"key":"SMITH"},{"floor":8,"key":"REST"},{"data":"Bludgeon","floor":10,"key":"SMITH"},{"floor":15,"key":"REST"},{"data":"Magnetism","floor":23,"key":"SMITH"},{"floor":25,"key":"REST"},{"floor":29,"key":"REST"},{"floor":32,"key":"REST"}],"neow_cost":"NONE","seed_source_timestamp":261468076559400,"circlet_count":0,"master_deck":["AscendersBane","Strike_R+1","Strike_R+1","Defend_R+1","Defend_R+1","Defend_R+1","Bash","Thunderclap+1","Armaments+1","Clash+1","Corruption","Seeing Red","Pommel Strike","Bludgeon+1","Headbutt","Clothesline","Spot Weakness","Flame Barrier","Fiend Fire","Feel No Pain","Magnetism+1","Shrug It Off","Iron Wave","Warcry","Flex+1","Shrug It Off","Feel No Pain","Double Tap"],"relics":["Burning Blood","Dodecahedron","Bag of Marbles","Omamori","Vajra","Sozu","Whetstone"],"potions_floor_usage":[7,12,13,16],"damage_taken":[{"damage":6,"enemies":"Small Slimes","floor":1,"turns":4},{"damage":7,"enemies":"Cultist","floor":2,"turns":4},{"damage":12,"enemies":"Jaw Worm","floor":4,"turns":4},{"damage":11,"enemies":"3 Louse","floor":5,"turns":4},{"damage":52,"enemies":"Lagavulin","floor":7,"turns":9},{"damage":8,"enemies":"Gremlin Nob","floor":11,"turns":3},{"damage":21,"enemies":"Gremlin Gang","floor":12,"turns":3},{"damage":0,"enemies":"2 Fungi Beasts","floor":13,"turns":2},{"damage":22,"enemies":"Lagavulin","floor":14,"turns":5},{"damage":25,"enemies":"The Guardian","floor":16,"turns":8},{"damage":16,"enemies":"Shell Parasite","floor":18,"turns":2},{"damage":0,"enemies":"Spheric Guardian","floor":20,"turns":4},{"damage":2,"enemies":"Chosen and Byrds","floor":21,"turns":7},{"damage":38,"enemies":"Snake Plant","floor":22,"turns":5},{"damage":24,"enemies":"Shelled Parasite and Fungi","floor":27,"turns":4},{"damage":29,"enemies":"Cultist and Chosen","floor":28,"turns":8},{"damage":26,"enemies":"3 Cultists","floor":30,"turns":7},{"damage":37,"enemies":"Collector","floor":33,"turns":3}],"seed_played":"1678880526962943966","potions_obtained":[{"floor":2,"key":"BloodPotion"},{"floor":7,"key":"FearPotion"},{"floor":11,"key":"GamblersBrew"},{"floor":12,"key":"Regen Potion"},{"floor":13,"key":"Block Potion"}],"is_trial":false,"path_per_floor":["M","M","?","M","M","R","E","R","T","R","E","M","M","E","R","B",null,"M","$","M","M","M","R","$","R","T","M","M","R","M","?","R","B"],"character_chosen":"IRONCLAD","items_purchased":["Magnetism","Shrug It Off"],"campfire_rested":5,"item_purchase_floors":[19,19],"current_hp_per_floor":[68,67,67,61,56,56,28,50,50,50,48,33,44,28,50,31,64,54,54,60,64,32,32,32,54,54,36,13,35,15,15,37,0],"gold":117,"neow_bonus":"TRANSFORM_CARD","is_prod":false,"is_daily":false,"chose_seed":false,"campfire_upgraded":3,"win_rate":0,"timestamp":1564671319,"path_taken":["M","M","?","?","M","R","E","R","T","R","E","M","?","E","R","BOSS","M","$","M","M","M","R","$","R","T","M","M","R","M","?","R","BOSS"],"build_version":"2019-07-17","purchased_purges":2,"victory":false,"max_hp_per_floor":[75,75,75,75,75,75,75,75,75,75,75,75,75,75,75,75,75,75,75,75,75,75,75,75,75,75,75,75,75,75,75,75,75],"card_choices":[{"not_picked":["Warcry","Pommel Strike"],"picked":"Armaments","floor":1},{"not_picked":["Thunderclap","Burning Pact"],"picked":"Clash","floor":2},{"not_picked":["Heavy Blade","Twin Strike"],"picked":"Seeing Red","floor":4},{"not_picked":["Havoc","Immolate"],"picked":"Pommel Strike","floor":5},{"not_picked":["Iron Wave","Fire Breathing"],"picked":"Bludgeon","floor":7},{"not_picked":["Sword Boomerang","Clothesline"],"picked":"Headbutt","floor":11},{"not_picked":["Hemokinesis","Armaments"],"picked":"Clothesline","floor":12},{"not_picked":["Clash","Armaments"],"picked":"Spot Weakness","floor":13},{"not_picked":["Armaments","Reckless Charge"],"picked":"Flame Barrier","floor":14},{"not_picked":["Brutality","Bludgeon"],"picked":"Fiend Fire","floor":16},{"not_picked":["Body Slam+1","Headbutt"],"picked":"Feel No Pain","floor":18},{"not_picked":["Fire Breathing","Bloodletting"],"picked":"Iron Wave","floor":20},{"not_picked":["Ghostly Armor","Fire Breathing"],"picked":"Warcry","floor":21},{"not_picked":["Anger","Wild Strike+1"],"picked":"Flex+1","floor":22},{"not_picked":["Cleave","Wild Strike+1"],"picked":"Shrug It Off","floor":27},{"not_picked":["Headbutt","Sword Boomerang"],"picked":"Feel No Pain","floor":28},{"not_picked":["Pommel Strike","Warcry"],"picked":"Double Tap","floor":30}],"player_experience":1788280,"relics_obtained":[{"floor":7,"key":"Dodecahedron"},{"floor":9,"key":"Bag of Marbles"},{"floor":11,"key":"Omamori"},{"floor":14,"key":"Vajra"},{"floor":26,"key":"Whetstone"}],"event_choices":[{"damage_healed":0,"gold_gain":0,"cards_transformed":["Defend_R"],"player_choice":"Transformed","damage_taken":0,"max_hp_gain":0,"max_hp_loss":0,"event_name":"Transmorgrifier","floor":3,"gold_loss":0,"cards_obtained":["Corruption"]},{"damage_healed":0,"gold_gain":0,"player_choice":"Simplicity","damage_taken":0,"max_hp_gain":0,"max_hp_loss":0,"event_name":"Back to Basics","floor":31,"gold_loss":0,"cards_upgraded":["Strike_R","Strike_R","Defend_R","Defend_R","Defend_R"]}],"is_beta":false,"boss_relics":[{"not_picked":["Fusion Hammer","Eternal Feather"],"picked":"Sozu"}],"items_purged_floors":[19,24],"is_endless":false,"potions_floor_spawned":[2,7,11,12,13,18,20,21],"killed_by":"Collector","ascension_level":18}