{"path_per_floor":["M","M","?","M","?","R","E","M","T","R","M","M","E","M","R","B",null,"M","M","M","$","?"],"character_chosen":"DEFECT","items_purchased":["Mummified Hand"],"gold_per_floor":[110,124,124,137,137,137,170,185,185,185,202,222,254,273,273,373,373,388,407,424,104,104,104],"floor_reached":23,"campfire_rested":2,"playtime":1225,"item_purchase_floors":[],"current_hp_per_floor":[68,68,68,66,52,52,20,9,9,29,21,20,20,17,37,40,68,59,63,47,47,31,0],"items_purged":["Strike_B"],"gold":104,"score":265,"play_id":"072d034f-b1f8-4229-aed3-08d1b5b6feea","local_time":"20180620230322","is_prod":false,"is_daily":false,"chose_seed":false,"is_ascension_mode":true,"campfire_upgraded":1,"win_rate":0,"timestamp":1529532202,"campfire_choices":[{"data":"Loop","floor":6.0,"key":"SMITH"},{"floor":10.0,"key":"REST"},{"floor":15.0,"key":"REST"}],"path_taken":["M","M","?","M","?","R","E","M","T","R","M","M","E","M","R","BOSS","M","M","M","$","?","E"],"build_version":"2018-06-14v2","seed_source_timestamp":0,"purchased_purges":1,"victory":false,"master_deck":["Strike_B","Strike_B+1","Defend_B","Defend_B","Defend_B","Defend_B","Dualcast","Core Surge+1","Reboot","White Noise","Melter","Loop+1","FTL","Hologram","All For One","Static Discharge","Go for the Eyes","Core Surge","Coolheaded","Capacitor","Ball Lightning+1"],"max_hp_per_floor":[68,68,68,68,68,68,68,68,68,68,68,68,68,68,68,68,68,68,68,68,68,68,68],"special_seed":17701,"relics":["Cracked Core","Bottled Tornado","Sundial","Bird Faced Urn","Black Star","Mummified Hand","Nilry\u0027s Codex"],"card_choices":[{"not_picked":["Rip and Tear","Steam"],"picked":"White Noise","floor":1.0},{"not_picked":["Reprogram","Stack"],"picked":"Melter","floor":2.0},{"not_picked":["Beam Cell","Stack"],"picked":"Loop","floor":4.0},{"not_picked":["Conserve Battery","Darkness"],"picked":"FTL","floor":7.0},{"not_picked":["Compile Driver","Leap"],"picked":"Hologram","floor":8.0},{"not_picked":["Gash","Steam"],"picked":"All For One","floor":11.0},{"not_picked":["Doom and Gloom","Streamline"],"picked":"Static Discharge","floor":12.0},{"not_picked":["Rainbow","Conserve Battery"],"picked":"Go for the Eyes","floor":13.0},{"not_picked":["Doom and Gloom","Beam Cell","Coolheaded"],"picked":"SKIP","floor":14.0},{"not_picked":["Machine Learning","Fission"],"picked":"Core Surge","floor":16.0},{"not_picked":["Gash","Sweeping Beam"],"picked":"Coolheaded","floor":18.0},{"not_picked":["Undo","Coolheaded"],"picked":"Capacitor","floor":19.0},{"not_picked":["Rebound+1","Reprogram"],"picked":"Ball Lightning+1","floor":20.0}],"player_experience":458212,"potions_floor_usage":[],"damage_taken":[{"damage":0.0,"enemies":"2 Louse","floor":1.0,"turns":2.0},{"damage":0.0,"enemies":"Cultist","floor":2.0,"turns":4.0},{"damage":2.0,"enemies":"Small Slimes","floor":4.0,"turns":4.0},{"damage":32.0,"enemies":"Gremlin Nob","floor":7.0,"turns":4.0},{"damage":11.0,"enemies":"Blue Slaver","floor":8.0,"turns":3.0},{"damage":8.0,"enemies":"3 Louse","floor":11.0,"turns":3.0},{"damage":1.0,"enemies":"Exordium Thugs","floor":12.0,"turns":2.0},{"damage":0.0,"enemies":"3 Sentries","floor":13.0,"turns":7.0},{"damage":7.0,"enemies":"Exordium Wildlife","floor":14.0,"turns":3.0},{"damage":7.0,"enemies":"Hexaghost","floor":16.0,"turns":7.0},{"damage":11.0,"enemies":"Chosen","floor":18.0,"turns":4.0},{"damage":0.0,"enemies":"Spheric Guardian","floor":19.0,"turns":2.0},{"damage":23.0,"enemies":"Chosen and Byrds","floor":20.0,"turns":5.0},{"damage":39,"enemies":"Slavers","floor":23,"turns":2}],"relics_obtained":[{"floor":7.0,"key":"Bottled Tornado"},{"floor":9.0,"key":"Sundial"},{"floor":13.0,"key":"Bird Faced Urn"},{"floor":22.0,"key":"Nilry\u0027s Codex"}],"event_choices":[{"event_name":"The Lab","player_choice":"Got Potions","floor":3.0,"damage_taken":0.0},{"event_name":"Shining Light","player_choice":"Entered Light","floor":5.0,"damage_taken":0.0},{"event_name":"Cursed Tome","player_choice":"Obtained Book","floor":22.0,"damage_taken":0.0}],"boss_relics":[{"not_picked":["Calling Bell","Velvet Choker"],"picked":"Black Star"}],"items_purged_floors":[],"is_endless":false,"potions_floor_spawned":[1,7,12,16,19],"seed_played":"-3865076824370194926","killed_by":"Slavers","ascension_level":3,"potions_obtained":[{"floor":1.0,"key":"FearPotion"},{"floor":3.0,"key":"PowerPotion"},{"floor":3.0,"key":"Ancient Potion"},{"floor":7.0,"key":"Block Potion"},{"floor":12.0,"key":"Block Potion"},{"floor":16.0,"key":"FearPotion"},{"floor":19.0,"key":"SpeedPotion"}],"is_trial":false}