{"gold_per_floor":[113,128,29,29,42,75,75,51,100,112,124,151,179,209,221,312,324,346,28,42,53,68,68,68,68,93,113,113],"floor_reached":28,"playtime":968,"items_purged":["Strike_B","Amplify"],"score":433,"play_id":"2cfac41d-70f2-495c-8ddc-e6946362f564","local_time":"20191013142000","is_ascension_mode":true,"campfire_choices":[{"floor":7,"key":"REST"},{"floor":11,"key":"REST"},{"floor":15,"key":"REST"},{"floor":23,"key":"REST"},{"floor":25,"key":"REST"}],"neow_cost":"NONE","seed_source_timestamp":16943063721499,"circlet_count":0,"master_deck":["AscendersBane","Zap","Dualcast","Gash","Gash","Cold Snap","FTL","Hologram+1","Conserve Battery","Gash","Streamline","Chill","All For One","Turbo","Core Surge","Rebound","Seek","Core Surge","Hologram","Cold Snap","Steam","Go for the Eyes","Leap","Writhe","BootSequence+1"],"relics":["Cracked Core","NeowsBlessing","Potion Belt","MawBank","Pandora\u0027s Box","Lee\u0027s Waffle","Molten Egg 2","Omamori"],"potions_floor_usage":[16,21,22,27,28],"damage_taken":[{"damage":0,"enemies":"Cultist","floor":1,"turns":1},{"damage":0,"enemies":"Small Slimes","floor":2,"turns":1},{"damage":0,"enemies":"2 Louse","floor":5,"turns":1},{"damage":62,"enemies":"Gremlin Nob","floor":6,"turns":5},{"damage":31,"enemies":"Gremlin Gang","floor":12,"turns":4},{"damage":1,"enemies":"2 Fungi Beasts","floor":13,"turns":3},{"damage":0,"enemies":"Looter","floor":14,"turns":3},{"damage":37,"enemies":"Hexaghost","floor":16,"turns":11},{"damage":0,"enemies":"Spheric Guardian","floor":18,"turns":3},{"damage":37,"enemies":"2 Thieves","floor":20,"turns":4},{"damage":26,"enemies":"Snake Plant","floor":21,"turns":4},{"damage":24,"enemies":"Centurion and Healer","floor":22,"turns":7},{"damage":25,"enemies":"Snecko","floor":27,"turns":4},{"damage":34,"enemies":"3 Cultists","floor":28,"turns":4}],"seed_played":"5181103269636654705","potions_obtained":[{"floor":12,"key":"GamblersBrew"},{"floor":14,"key":"FearPotion"},{"floor":16,"key":"Ancient Potion"},{"floor":20,"key":"EssenceOfSteel"},{"floor":21,"key":"Regen Potion"}],"is_trial":false,"path_per_floor":["M","M","$","?","M","E","R","$","T","?","R","M","M","M","R","B",null,"M","$","M","M","M","R","?","R","T","M","M"],"character_chosen":"DEFECT","items_purchased":["Cold Snap","Conserve Battery","Lee\u0027s Waffle"],"campfire_rested":5,"item_purchase_floors":[3,8,19],"current_hp_per_floor":[64,64,64,69,69,7,29,29,29,29,51,20,19,19,41,4,58,58,83,46,20,11,35,35,59,59,34,0],"gold":113,"neow_bonus":"THREE_ENEMY_KILL","is_prod":false,"is_daily":false,"chose_seed":false,"campfire_upgraded":0,"win_rate":0,"timestamp":1571001600,"path_taken":["M","?","$","?","M","E","R","$","T","?","R","M","M","M","R","BOSS","M","$","M","?","M","R","?","R","T","M","M"],"build_version":"2019-07-17","purchased_purges":2,"victory":false,"max_hp_per_floor":[71,71,71,76,76,76,76,76,76,76,76,76,76,76,76,76,76,76,83,83,83,83,83,83,83,83,83,83],"card_choices":[{"not_picked":["Steam","Sweeping Beam"],"picked":"Gash","floor":1},{"not_picked":["Redo","Steam"],"picked":"Gash","floor":2},{"not_picked":["Ball Lightning","Stack"],"picked":"FTL","floor":5},{"not_picked":["Storm","Compile Driver"],"picked":"Hologram","floor":6},{"not_picked":["Turbo","Defragment"],"picked":"Gash","floor":12},{"not_picked":["Stack","Turbo"],"picked":"Streamline","floor":13},{"not_picked":["White Noise","Reinforced Body"],"picked":"Chill","floor":14},{"not_picked":["Core Surge","Fission"],"picked":"All For One","floor":16},{"not_picked":["BootSequence","Sweeping Beam"],"picked":"Cold Snap","floor":18},{"not_picked":["Turbo","Cold Snap"],"picked":"Steam","floor":20},{"not_picked":["Steam Power","Ball Lightning"],"picked":"Go for the Eyes","floor":21},{"not_picked":["Go for the Eyes","Redo"],"picked":"Leap","floor":22},{"not_picked":["Seek","Coolheaded"],"picked":"BootSequence+1","floor":27}],"player_experience":696382,"relics_obtained":[{"floor":6,"key":"Potion Belt"},{"floor":9,"key":"MawBank"},{"floor":26,"key":"Omamori"}],"event_choices":[{"damage_healed":0,"gold_gain":0,"player_choice":"Donut","damage_taken":0,"max_hp_gain":5,"max_hp_loss":0,"event_name":"Big Fish","floor":4,"gold_loss":0},{"damage_healed":0,"gold_gain":0,"player_choice":"Forge","damage_taken":0,"max_hp_gain":0,"max_hp_loss":0,"event_name":"Accursed Blacksmith","floor":10,"gold_loss":0,"cards_upgraded":["Hologram"]},{"damage_healed":0,"gold_gain":0,"player_choice":"Opened","damage_taken":0,"relics_obtained":["Molten Egg 2"],"max_hp_gain":0,"max_hp_loss":0,"event_name":"The Mausoleum","floor":24,"gold_loss":0,"cards_obtained":["Writhe"]}],"is_beta":false,"boss_relics":[{"not_picked":["Velvet Choker","Black Star"],"picked":"Pandora\u0027s Box"}],"items_purged_floors":[3,19],"is_endless":false,"potions_floor_spawned":[12,14,16,20,21],"killed_by":"3 Cultists","ascension_level":19}