{"gold_per_floor":[117,267,267,277,290,320,339,339,394,1,1,27,44,44,44,44],"floor_reached":16,"playtime":699,"items_purged":[],"score":204,"play_id":"c376f061-86c0-4032-9725-4232a7d313f3","local_time":"20190704205402","is_ascension_mode":true,"campfire_choices":[{"data":"True Grit","floor":8,"key":"SMITH"},{"floor":11,"key":"REST"},{"floor":15,"key":"REST"}],"neow_cost":"NONE","seed_source_timestamp":1456871160471000,"circlet_count":0,"master_deck":["AscendersBane","Strike_R","Strike_R","Strike_R","Strike_R","Strike_R","Defend_R","Defend_R","Defend_R","Defend_R","Bash","Clothesline","Anger","Headbutt","Flame Barrier","True Grit+1","Wild Strike","Pommel Strike"],"relics":["Burning Blood","NeowsBlessing","Ancient Tea Set","Tiny Chest","Ginger","Omamori","Singing Bowl"],"potions_floor_usage":[6,12,16,16],"damage_taken":[{"damage":0,"enemies":"Small Slimes","floor":1,"turns":1},{"damage":0,"enemies":"Jaw Worm","floor":4,"turns":1},{"damage":0,"enemies":"Cultist","floor":5,"turns":1},{"damage":28,"enemies":"Gremlin Nob","floor":6,"turns":4},{"damage":38,"enemies":"Gremlin Gang","floor":7,"turns":7},{"damage":24,"enemies":"3 Sentries","floor":12,"turns":8},{"damage":9,"enemies":"Blue Slaver","floor":13,"turns":4},{"damage":44,"enemies":"The Guardian","floor":16,"turns":11}],"seed_played":"-1075314364398006537","potions_obtained":[{"floor":5,"key":"PowerPotion"},{"floor":12,"key":"Dexterity Potion"},{"floor":13,"key":"SpeedPotion"}],"is_trial":false,"path_per_floor":["M","?","?","M","M","E","M","R","T","$","R","E","M","T","R","B"],"character_chosen":"IRONCLAD","items_purchased":["Ginger","PowerPotion"],"campfire_rested":2,"item_purchase_floors":[10,10],"current_hp_per_floor":[74,74,74,75,75,53,21,21,21,21,43,25,22,22,44,0],"gold":44,"neow_bonus":"THREE_ENEMY_KILL","is_prod":false,"is_daily":false,"chose_seed":false,"campfire_upgraded":1,"win_rate":0,"timestamp":1562266442,"path_taken":["M","?","?","M","?","E","?","R","T","$","R","E","M","?","R","BOSS"],"build_version":"2019-07-01","purchased_purges":0,"victory":false,"max_hp_per_floor":[75,75,75,75,75,75,75,75,75,75,75,75,75,75,75,75],"card_choices":[{"not_picked":["Thunderclap","Sword Boomerang"],"picked":"Clothesline","floor":1},{"not_picked":["Wild Strike","Pummel"],"picked":"Anger","floor":4},{"not_picked":["Sword Boomerang","Warcry"],"picked":"Headbutt","floor":5},{"not_picked":["Sever Soul","Corruption"],"picked":"Flame Barrier","floor":6},{"not_picked":["Sever Soul","Impervious"],"picked":"True Grit","floor":7},{"not_picked":["Cleave","Dropkick"],"picked":"Wild Strike","floor":12},{"not_picked":["Carnage","Heavy Blade"],"picked":"Pommel Strike","floor":13}],"player_experience":1581797,"relics_obtained":[{"floor":6,"key":"Ancient Tea Set"},{"floor":9,"key":"Tiny Chest"},{"floor":12,"key":"Omamori"},{"floor":14,"key":"Singing Bowl"}],"event_choices":[{"damage_healed":0,"gold_gain":150,"player_choice":"AGREE","damage_taken":0,"max_hp_gain":0,"max_hp_loss":0,"event_name":"Liars Game","floor":2,"gold_loss":0,"cards_obtained":["Doubt"]},{"cards_removed":["Doubt"],"damage_healed":0,"gold_gain":0,"player_choice":"Removed Curses","damage_taken":0,"max_hp_gain":0,"max_hp_loss":0,"event_name":"Fountain of Cleansing","floor":3,"gold_loss":0}],"is_beta":false,"boss_relics":[],"items_purged_floors":[],"is_endless":false,"potions_floor_spawned":[5,12,13],"killed_by":"The Guardian","ascension_level":17}