{"gold_per_floor":[116,126,136,136,136,148,148,148,200,200,72,87,87,100,100,202,202,216,227,245,256,256,256,272,290,290,290,290,43,43,54,54,54],"floor_reached":33,"playtime":1367,"items_purged":["Strike_G"],"score":241,"play_id":"75b65c19-d0ff-4fed-ab59-78352193a4a1","local_time":"20181229024715","is_ascension_mode":false,"campfire_choices":[{"data":"Skewer","floor":10.0,"key":"SMITH"},{"data":"Adrenaline","floor":13.0,"key":"SMITH"},{"data":"Neutralize","floor":15.0,"key":"SMITH"},{"floor":23.0,"key":"REST"},{"floor":28.0,"key":"REST"},{"floor":32.0,"key":"REST"}],"neow_cost":"NONE","seed_source_timestamp":580783905638199,"circlet_count":0,"master_deck":["Defend_G","Defend_G","Defend_G","Defend_G","Defend_G","Survivor","Neutralize+1","Sucker Punch","Sucker Punch","Quick Slash","Adrenaline+1","Skewer+1","Parasite","Acrobatics","Caltrops","Quick Slash","PiercingWail","Adrenaline","Terror+1","Dodge and Roll+1","Outmaneuver","Acrobatics","Endless Agony","Blade Dance","Bandage Up","Distraction","PiercingWail","Venomology","Sucker Punch","Leg Sweep+1"],"special_seed":0,"relics":["HoveringKite"],"potions_floor_usage":[33,33,33,33],"damage_taken":[{"damage":5.0,"enemies":"Cultist","floor":1.0,"turns":4.0},{"damage":8.0,"enemies":"Jaw Worm","floor":2.0,"turns":4.0},{"damage":5.0,"enemies":"2 Louse","floor":3.0,"turns":3.0},{"damage":11.0,"enemies":"Large Slime","floor":6.0,"turns":7.0},{"damage":2.0,"enemies":"Looter","floor":12.0,"turns":2.0},{"damage":0.0,"enemies":"Exordium Wildlife","floor":14.0,"turns":2.0},{"damage":22.0,"enemies":"Slime Boss","floor":16.0,"turns":9.0},{"damage":12.0,"enemies":"3 Byrds","floor":18.0,"turns":4.0},{"damage":0.0,"enemies":"Spheric Guardian","floor":19.0,"turns":1.0},{"damage":7.0,"enemies":"Centurion and Healer","floor":20.0,"turns":7.0},{"damage":25.0,"enemies":"3 Cultists","floor":21.0,"turns":7.0},{"damage":9.0,"enemies":"Snecko","floor":24.0,"turns":5.0},{"damage":25.0,"enemies":"Shelled Parasite and Fungi","floor":25.0,"turns":6.0},{"damage":12.0,"enemies":"Centurion and Healer","floor":31.0,"turns":7.0},{"damage":53,"enemies":"Champ","floor":33,"turns":12}],"seed_played":"8239521861462340340","potions_obtained":[{"floor":6.0,"key":"Block Potion"},{"floor":12.0,"key":"SteroidPotion"},{"floor":14.0,"key":"Explosive Potion"},{"floor":18.0,"key":"SkillPotion"},{"floor":21.0,"key":"GhostInAJar"},{"floor":25.0,"key":"Strength Potion"}],"is_trial":false,"path_per_floor":["M","M","M","?","?","M","?","?","T","R","$","M","R","M","R","B",null,"M","M","M","M","?","R","M","M","T","?","R","$","?","M","R","B"],"character_chosen":"THE_SILENT","items_purchased":["Acrobatics","Caltrops","Bandage Up","Distraction","PiercingWail"],"campfire_rested":3,"item_purchase_floors":[11,11,29,29,29],"current_hp_per_floor":[65,57,52,45,45,34,51,48,48,48,48,46,46,46,46,24,70,58,58,51,26,26,47,38,13,13,13,34,34,34,26,47,0],"gold":54,"neow_bonus":"BOSS_RELIC","is_prod":false,"is_daily":false,"chose_seed":false,"campfire_upgraded":3,"win_rate":0,"timestamp":1546048035,"path_taken":["M","?","M","?","?","M","?","?","T","R","$","M","R","M","R","BOSS","M","M","M","M","?","R","M","M","T","?","R","$","?","M","R","BOSS"],"build_version":"2018-12-20","purchased_purges":1,"victory":false,"max_hp_per_floor":[70,70,70,70,70,70,70,70,70,70,70,70,70,70,70,70,70,70,70,70,70,70,70,70,70,70,70,70,70,70,70,70,70],"card_choices":[{"not_picked":["Deflect","Blade Dance"],"picked":"Sucker Punch","floor":1.0},{"not_picked":["Calculated Gamble","Infinite Blades"],"picked":"Sucker Punch","floor":2.0},{"not_picked":["Outmaneuver","Burst"],"picked":"Quick Slash","floor":3.0},{"not_picked":["Blur","Underhanded Strike"],"picked":"Skewer","floor":6.0},{"not_picked":["Well Laid Plans","Masterful Stab"],"picked":"Quick Slash","floor":12.0},{"not_picked":["Flechettes","Prepared"],"picked":"PiercingWail","floor":14.0},{"not_picked":["A Thousand Cuts","Grand Finale"],"picked":"Adrenaline","floor":16.0},{"not_picked":["Dagger Throw","Blade Dance+1"],"picked":"Terror+1","floor":18.0},{"not_picked":["Flechettes+1","Sucker Punch"],"picked":"Dodge and Roll+1","floor":19.0},{"not_picked":["Deflect+1","Dodge and Roll"],"picked":"Outmaneuver","floor":20.0},{"not_picked":["Blade Dance","Distraction"],"picked":"Acrobatics","floor":21.0},{"not_picked":["Catalyst","Dagger Throw+1"],"picked":"Endless Agony","floor":24.0},{"not_picked":["Slice+1","Terror+1"],"picked":"Blade Dance","floor":25.0},{"not_picked":["Underhanded Strike+1","Concentrate"],"picked":"Leg Sweep+1","floor":31.0}],"player_experience":548354,"relics_obtained":[],"event_choices":[{"cards_removed":["Strike_G"],"damage_healed":0.0,"max_hp_gain":0.0,"max_hp_loss":0.0,"gold_gain":0.0,"event_name":"Golden Wing","player_choice":"Card Removal","floor":4.0,"gold_loss":0.0,"damage_taken":7.0},{"damage_healed":0.0,"max_hp_gain":0.0,"max_hp_loss":0.0,"gold_gain":0.0,"cards_transformed":["Strike_G"],"event_name":"Living Wall","player_choice":"Change","floor":5.0,"gold_loss":0.0,"damage_taken":0.0,"cards_obtained":["Adrenaline"]},{"damage_healed":17.0,"max_hp_gain":0.0,"max_hp_loss":0.0,"gold_gain":0.0,"event_name":"Mushrooms","player_choice":"Healed and dodged fight","floor":7.0,"gold_loss":0.0,"damage_taken":0.0,"cards_obtained":["Parasite"]},{"damage_healed":0.0,"max_hp_gain":0.0,"max_hp_loss":0.0,"gold_gain":0.0,"event_name":"Scrap Ooze","player_choice":"Fled","floor":8.0,"gold_loss":0.0,"damage_taken":3.0},{"damage_healed":0.0,"max_hp_gain":0.0,"max_hp_loss":0.0,"gold_gain":0.0,"event_name":"The Mausoleum","player_choice":"Ignored","floor":27.0,"gold_loss":0.0,"damage_taken":0.0},{"damage_healed":0.0,"max_hp_gain":0.0,"max_hp_loss":0.0,"gold_gain":0.0,"cards_transformed":["Strike_G","Strike_G"],"event_name":"Drug Dealer","player_choice":"Became Test Subject","floor":30.0,"gold_loss":0.0,"damage_taken":0.0,"cards_obtained":["Venomology","Sucker Punch"]}],"is_beta":false,"boss_relics":[{"not_picked":["Busted Crown","Calling Bell","Tiny House"]}],"items_purged_floors":[29],"is_endless":false,"potions_floor_spawned":[6,12,14,18,19,21,25],"killed_by":"Champ","ascension_level":0}