{"path_per_floor":["M","$","M","M","?","R","E","R","T","R","?","?","?","M","R","B",null,"M","?","$","M","?","R","?","R","T","M","R","E","R","M","R","B",null,"M","M","$","M","$","R","?","M","T","M","?","?","R","M","R"],"character_chosen":"THE_SILENT","items_purchased":["Infinite Blades","Accuracy","Letter Opener","Mind Blast"],"gold_per_floor":[143,66,81,92,267,267,295,295,340,340,340,340,290,308,308,412,412,430,430,352,362,362,362,362,362,387,399,399,429,429,445,445,549,549,565,582,247,266,160,160,160,177,177,192,192,192,192,205,205,205],"floor_reached":50,"campfire_rested":2,"playtime":4202,"item_purchase_floors":[],"current_hp_per_floor":[74,74,73,73,73,73,49,49,49,49,42,42,42,20,57,23,75,35,35,35,27,27,27,44,44,44,49,49,32,32,32,52,20,52,52,47,47,50,50,50,50,42,42,48,48,48,48,48,48,0],"items_purged":["Pain"],"gold":205,"score":483,"play_id":"a4bca25b-bec2-4672-bf62-14544e2bc3ba","local_time":"20180603130148","is_prod":false,"is_daily":false,"chose_seed":false,"is_ascension_mode":false,"campfire_upgraded":10,"win_rate":0,"timestamp":1528027308,"campfire_choices":[{"data":"Infinite Blades","floor":6.0,"key":"SMITH"},{"data":"Neutralize","floor":8.0,"key":"SMITH"},{"data":"Backflip","floor":10.0,"key":"SMITH"},{"floor":15.0,"key":"REST"},{"data":"A Thousand Cuts","floor":23,"key":"SMITH"},{"data":"Accuracy","floor":25,"key":"SMITH"},{"data":"Malaise","floor":28,"key":"SMITH"},{"data":"Survivor","floor":30,"key":"SMITH"},{"floor":32,"key":"REST"},{"data":"Mind Blast","floor":40,"key":"SMITH"},{"data":"Skewer","floor":47,"key":"SMITH"},{"data":"Apotheosis","floor":49,"key":"SMITH"}],"path_taken":["M","$","M","M","?","R","E","R","T","R","?","?","?","M","R","BOSS","M","?","$","M","?","R","?","R","T","?","R","E","R","M","R","BOSS","M","M","$","M","$","R","?","M","T","M","?","?","R","M","R","BOSS"],"build_version":"2018-05-31","seed_source_timestamp":0,"purchased_purges":1,"victory":false,"master_deck":["Defend_G","Defend_G","Defend_G","Survivor+1","Neutralize+1","Dagger Throw","Backflip+1","Infinite Blades+1","Cloak And Dagger","Expertise","Blade Dance","A Thousand Cuts+1","Skewer+1","Venomology","Acrobatics","Bite","Bite","Bite","Bite","Accuracy+1","Crippling Poison+1","Malaise+1","Escape Plan","Phantasmal Killer","PiercingWail+1","Cloak And Dagger","Mind Blast+1","Apotheosis+1","Outmaneuver+1"],"max_hp_per_floor":[75,75,75,75,75,75,75,75,75,75,75,75,75,75,75,75,75,75,52,52,52,52,52,52,52,52,52,52,52,52,52,52,52,52,52,52,52,52,52,52,52,52,52,52,52,52,52,52,52,52],"relics":["Tiny House","Bag of Preparation","Regal Pillow","Cursed Key","Blood Vial","Bottled Lightning","Sozu","Letter Opener"],"card_choices":[{"not_picked":["Caltrops","Flying Knee"],"picked":"Dagger Throw","floor":0.0},{"not_picked":["Escape Plan","Sucker Punch"],"picked":"Backflip","floor":1.0},{"not_picked":["Infinite Blades","Prepared"],"picked":"Cloak And Dagger","floor":3.0},{"not_picked":["Setup","Riddle With Holes"],"picked":"Expertise","floor":4.0},{"not_picked":["Backstab","Sucker Punch"],"picked":"Blade Dance","floor":7.0},{"not_picked":["Tactician","Quick Slash"],"picked":"Skewer","floor":14.0},{"not_picked":["Doppelganger","Tactician"],"picked":"Venomology","floor":16.0},{"not_picked":["Setup","Cloak And Dagger"],"picked":"Acrobatics","floor":18.0},{"not_picked":["Bouncing Flask+1","Dodge and Roll"],"picked":"Crippling Poison+1","floor":21},{"not_picked":["PiercingWail","Backflip"],"picked":"Malaise","floor":27},{"not_picked":["Underhanded Strike","Acrobatics","Venomology"],"picked":"SKIP","floor":29},{"not_picked":["Catalyst","Leg Sweep"],"picked":"Escape Plan","floor":31},{"not_picked":["Tactician","Burst"],"picked":"Phantasmal Killer","floor":33},{"not_picked":["Dagger Spray+1","Expertise+1","Concentrate"],"picked":"SKIP","floor":35},{"not_picked":["Quick Slash","Prepared"],"picked":"PiercingWail+1","floor":36},{"not_picked":["Bullet Time","Expertise+1"],"picked":"Cloak And Dagger","floor":38},{"not_picked":["Jack Of All Trades","Thinking Ahead"],"picked":"Apotheosis","floor":41},{"not_picked":["Dagger Spray+1","Flying Knee+1","Choke+1"],"picked":"SKIP","floor":42},{"not_picked":["Bane+1","Prepared+1"],"picked":"Outmaneuver+1","floor":44},{"not_picked":["Underhanded Strike+1","Quick Slash+1","Sucker Punch"],"picked":"SKIP","floor":48}],"player_experience":413170,"potions_floor_usage":[29,31,33,33,33],"damage_taken":[{"damage":1.0,"enemies":"Jaw Worm","floor":1.0,"turns":3.0},{"damage":1.0,"enemies":"2 Louse","floor":3.0,"turns":2.0},{"damage":0.0,"enemies":"Cultist","floor":4.0,"turns":4.0},{"damage":24.0,"enemies":"Lagavulin","floor":7.0,"turns":9.0},{"damage":22.0,"enemies":"Gremlin Gang","floor":14.0,"turns":3.0},{"damage":34.0,"enemies":"Hexaghost","floor":16.0,"turns":13.0},{"damage":40.0,"enemies":"Chosen","floor":18.0,"turns":7.0},{"damage":18,"enemies":"Spheric Guardian","floor":21,"turns":4},{"damage":9,"enemies":"Centurion and Healer","floor":27,"turns":5},{"damage":24,"enemies":"Book of Stabbing","floor":29,"turns":5},{"damage":4,"enemies":"Chosen and Byrds","floor":31,"turns":5},{"damage":48,"enemies":"Collector","floor":33,"turns":10},{"damage":1,"enemies":"Orb Walker","floor":35,"turns":4},{"damage":7,"enemies":"3 Shapes","floor":36,"turns":2},{"damage":12,"enemies":"Maw","floor":38,"turns":8},{"damage":14,"enemies":"Sphere and 2 Shapes","floor":42,"turns":4},{"damage":0,"enemies":"3 Darklings","floor":44,"turns":3},{"damage":6,"enemies":"4 Shapes","floor":48,"turns":4},{"damage":74,"enemies":"Time Eater","floor":50,"turns":13}],"relics_obtained":[{"floor":7.0,"key":"Bag of Preparation"},{"floor":9.0,"key":"Regal Pillow"},{"floor":26,"key":"Blood Vial"},{"floor":29,"key":"Bottled Lightning"}],"event_choices":[{"event_name":"Liars Game","player_choice":"agreed","floor":5.0,"damage_taken":0.0},{"event_name":"Golden Wing","player_choice":"Card Removal","floor":11.0,"damage_taken":0.0},{"event_name":"Match and Keep!","player_choice":"1 cards matched","floor":12.0,"damage_taken":0.0},{"event_name":"The Cleric","player_choice":"Card Removal","floor":13.0,"damage_taken":0.0},{"event_name":"Vampires","player_choice":"Became a vampire","floor":19.0,"damage_taken":0.0},{"event_name":"Back to Basics","player_choice":"Elegance","floor":22,"damage_taken":0},{"event_name":"The Library","player_choice":"Heal","floor":24,"damage_taken":0},{"event_name":"SensoryStone","player_choice":"Memory 1","floor":41,"damage_taken":0},{"event_name":"Tomb of Lord Red Mask","player_choice":"Ignored","floor":45,"damage_taken":0}],"boss_relics":[{"not_picked":["Astrolabe","Pandora\u0027s Box"],"picked":"Sozu"}],"items_purged_floors":[37],"potions_floor_spawned":[1,4,16,21,29,31,42,44],"seed_played":"971255164069790900","killed_by":"Time Eater","ascension_level":0,"potions_obtained":[{"floor":0.0,"key":"AttackPotion"},{"floor":1.0,"key":"AttackPotion"},{"floor":4.0,"key":"Weak Potion"},{"floor":16.0,"key":"SkillPotion"},{"floor":21,"key":"SkillPotion"},{"floor":29,"key":"GhostInAJar"},{"floor":31,"key":"FearPotion"}],"is_trial":false}