{"gold_per_floor":[113,113,133,133,133,167,167,201,201,201,36,71,90,6,6,6],"floor_reached":16,"playtime":476,"items_purged":["Strike_R"],"score":282,"play_id":"66254c96-61d5-4554-b4c1-37709bf3e31d","local_time":"20190710213409","is_ascension_mode":true,"campfire_choices":[{"data":"Armaments","floor":7,"key":"SMITH"},{"floor":10,"key":"REST"},{"data":"Whirlwind","floor":15,"key":"SMITH"}],"neow_cost":"NONE","seed_source_timestamp":159500375977,"circlet_count":0,"master_deck":["AscendersBane","Strike_R","Strike_R","Strike_R","Defend_R","Defend_R","Defend_R","Defend_R","Bash","Pommel Strike","Armaments+1","Rage","Flame Barrier","Intimidate","Shockwave","Twin Strike","Whirlwind+1"],"relics":["Burning Blood","NeowsBlessing","Golden Idol","Gremlin Horn","Du-Vu Doll","Sundial"],"potions_floor_usage":[8,12,16],"damage_taken":[{"damage":0,"enemies":"Cultist","floor":1,"turns":1},{"damage":0,"enemies":"Jaw Worm","floor":3,"turns":1},{"damage":0,"enemies":"Lagavulin","floor":6,"turns":1},{"damage":54,"enemies":"Gremlin Nob","floor":8,"turns":6},{"damage":21,"enemies":"Lagavulin","floor":12,"turns":6},{"damage":0,"enemies":"2 Louse","floor":13,"turns":3},{"damage":40,"enemies":"Slime Boss","floor":16,"turns":9}],"seed_played":"1343056218239241160","potions_obtained":[{"floor":3,"key":"Dexterity Potion"},{"floor":6,"key":"SteroidPotion"},{"floor":8,"key":"Fire Potion"},{"floor":13,"key":"BloodPotion"}],"is_trial":false,"path_per_floor":["M","$","M","?","?","E","R","E","T","R","$","E","M","$","R","B"],"character_chosen":"IRONCLAD","items_purchased":["Shockwave","Whirlwind"],"campfire_rested":1,"item_purchase_floors":[11,14],"current_hp_per_floor":[74,74,75,75,49,55,55,7,7,29,29,14,20,20,20,0],"gold":6,"neow_bonus":"THREE_ENEMY_KILL","is_prod":false,"is_daily":false,"chose_seed":false,"campfire_upgraded":2,"win_rate":0,"timestamp":1562790849,"path_taken":["M","$","M","?","?","E","R","E","T","R","?","E","M","$","R","BOSS"],"build_version":"2019-07-05","purchased_purges":1,"victory":false,"max_hp_per_floor":[75,75,75,75,75,75,75,75,75,75,75,75,75,75,75,75],"card_choices":[{"not_picked":["Perfected Strike","Shrug It Off"],"picked":"Pommel Strike","floor":1},{"not_picked":["Fire Breathing","Corruption"],"picked":"Armaments","floor":3},{"not_picked":["Havoc","Warcry"],"picked":"Flame Barrier","floor":6},{"not_picked":["Rupture","Power Through"],"picked":"Intimidate","floor":8},{"not_picked":["Clash","Body Slam","Wild Strike"],"picked":"SKIP","floor":12},{"not_picked":["Bloodletting","Thunderclap"],"picked":"Twin Strike","floor":13}],"player_experience":1161696,"relics_obtained":[{"floor":6,"key":"Gremlin Horn"},{"floor":8,"key":"Du-Vu Doll"},{"floor":9,"key":"Sundial"}],"event_choices":[{"damage_healed":0,"gold_gain":0,"cards_transformed":["Strike_R"],"player_choice":"Change","damage_taken":0,"max_hp_gain":0,"max_hp_loss":0,"event_name":"Living Wall","floor":4,"gold_loss":0,"cards_obtained":["Rage"]},{"damage_healed":0,"gold_gain":0,"player_choice":"Take Damage","damage_taken":26,"relics_obtained":["Golden Idol"],"max_hp_gain":0,"max_hp_loss":0,"event_name":"Golden Idol","floor":5,"gold_loss":0}],"is_beta":false,"boss_relics":[],"items_purged_floors":[11],"is_endless":false,"potions_floor_spawned":[3,6,8,13],"killed_by":"Slime Boss","ascension_level":20}