{"gold_per_floor":[113,126,51,51,66,66,94,94,124,124,124,140,156,188,188,188],"floor_reached":16,"playtime":450,"items_purged":[],"score":193,"play_id":"8b13fb56-aba9-4d26-ba50-52c6c6c942a7","local_time":"20190516195831","is_ascension_mode":true,"campfire_choices":[{"data":"Zap","floor":6,"key":"SMITH"},{"floor":8,"key":"REST"},{"data":"Streamline","floor":10,"key":"SMITH"},{"data":"Sunder","floor":15,"key":"SMITH"}],"neow_cost":"NONE","seed_source_timestamp":247670916961400,"circlet_count":0,"master_deck":["AscendersBane","Strike_B","Strike_B","Strike_B","Defend_B","Defend_B","Defend_B","Defend_B","Zap+1","Dualcast","Streamline+1","Coolheaded","Compile Driver","Conserve Battery","Hologram","Beam Cell","Sunder+1"],"relics":["Cracked Core","NeowsBlessing","Kunai","Oddly Smooth Stone","Tiny Chest","Matryoshka","Girya"],"potions_floor_usage":[7,7,13],"damage_taken":[{"damage":0,"enemies":"Cultist","floor":1,"turns":1},{"damage":0,"enemies":"2 Louse","floor":2,"turns":1},{"damage":0,"enemies":"Small Slimes","floor":5,"turns":1},{"damage":23,"enemies":"Lagavulin","floor":7,"turns":6},{"damage":1,"enemies":"Looter","floor":12,"turns":4},{"damage":4,"enemies":"Large Slime","floor":13,"turns":4},{"damage":14,"enemies":"Gremlin Nob","floor":14,"turns":4},{"damage":10,"enemies":"Hexaghost","floor":16,"turns":7}],"seed_played":"-3166589281050278504","potions_obtained":[{"floor":2,"key":"LiquidBronze"},{"floor":5,"key":"GamblersBrew"},{"floor":12,"key":"SkillPotion"},{"floor":14,"key":"Ancient Potion"}],"is_trial":false,"path_per_floor":["M","M","?","?","M","R","E","R","T","R","T","M","M","E","R","B"],"character_chosen":"DEFECT","items_purchased":[],"campfire_rested":1,"item_purchase_floors":[],"current_hp_per_floor":[64,64,64,29,29,29,6,27,27,27,27,26,22,8,8,0],"gold":188,"neow_bonus":"THREE_ENEMY_KILL","is_prod":false,"is_daily":false,"chose_seed":false,"campfire_upgraded":3,"win_rate":0,"timestamp":1558029511,"path_taken":["M","?","?","?","M","R","E","R","T","R","?","M","M","E","R","BOSS"],"build_version":"2019-01-23","purchased_purges":0,"victory":false,"max_hp_per_floor":[71,71,71,71,71,71,71,71,71,71,71,71,71,71,71,71],"card_choices":[{"not_picked":["Turbo","Consume"],"picked":"Streamline","floor":1},{"not_picked":["Skim","Thunder Strike"],"picked":"Coolheaded","floor":2},{"not_picked":["Rebound","Gash"],"picked":"Compile Driver","floor":5},{"not_picked":["Lockon","Double Energy"],"picked":"Conserve Battery","floor":7},{"not_picked":["Coolheaded","Compile Driver"],"picked":"Hologram","floor":12},{"not_picked":["Blizzard","Lockon"],"picked":"Beam Cell","floor":13},{"not_picked":["Genetic Algorithm","Gash"],"picked":"Sunder","floor":14}],"player_experience":1117205,"relics_obtained":[{"floor":7,"key":"Oddly Smooth Stone"},{"floor":9,"key":"Tiny Chest"},{"floor":11,"key":"Matryoshka"},{"floor":14,"key":"Girya"}],"event_choices":[{"cards_removed":["Strike_B"],"damage_healed":0,"gold_gain":0,"player_choice":"Card Removal","damage_taken":0,"max_hp_gain":0,"max_hp_loss":0,"event_name":"The Cleric","floor":3,"gold_loss":75},{"damage_healed":0,"gold_gain":0,"player_choice":"Success","damage_taken":35,"relics_obtained":["Kunai"],"max_hp_gain":0,"max_hp_loss":0,"event_name":"Scrap Ooze","floor":4,"gold_loss":0}],"is_beta":false,"boss_relics":[],"items_purged_floors":[],"is_endless":false,"potions_floor_spawned":[2,5,12,14],"killed_by":"Hexaghost","ascension_level":15}