{"gold_per_floor":[116,129,79,179,199,199,227,240,240,252,268,268,93,128,128,202,252,235,6,6,21,41,41,58,58,84,96,122,56,85,104,104,104],"floor_reached":33,"playtime":1871,"items_purged":["Strike_B","Strike_B"],"score":474,"play_id":"dc9994c8-fa05-401c-8871-809b72259ac8","local_time":"20180911110601","is_ascension_mode":true,"campfire_choices":[{"data":"Sunder","floor":6,"key":"SMITH"},{"data":"Zap","floor":12,"key":"SMITH"},{"floor":15,"key":"REST"},{"data":"Machine Learning","floor":23,"key":"SMITH"},{"floor":25,"key":"REST"},{"data":"Stack","floor":27,"key":"SMITH"},{"floor":32,"key":"REST"}],"neow_cost":"NONE","seed_source_timestamp":56168136362907,"circlet_count":0,"master_deck":["Strike_B","Strike_B","Defend_B","Defend_B","Defend_B","Defend_B","Zap+1","Dualcast","AscendersBane","Rip and Tear","Stack+1","Sunder+1","Seek+1","Turbo","Conserve Battery","Streamline+1","Go for the Eyes+1","Reboot","Streamline+1","Gash+1","Core Surge+1","Gash+1","Machine Learning+1","Chill","White Noise","Static Discharge","Conserve Battery+1"],"relics":["Cracked Core","NeowsBlessing","Art of War","Molten Egg 2","StoneCalendar","Tiny House","MawBank","Cables"],"potions_floor_usage":[7,7,14,14,24,24,30,30,33],"damage_taken":[{"damage":0,"enemies":"Jaw Worm","floor":1,"turns":1},{"damage":0,"enemies":"Cultist","floor":2,"turns":1},{"damage":0,"enemies":"2 Louse","floor":5,"turns":1},{"damage":13,"enemies":"Lagavulin","floor":7,"turns":7},{"damage":13,"enemies":"Blue Slaver","floor":8,"turns":2},{"damage":0,"enemies":"Exordium Wildlife","floor":10,"turns":3},{"damage":6,"enemies":"Looter","floor":11,"turns":2},{"damage":16,"enemies":"Gremlin Nob","floor":14,"turns":3},{"damage":16,"enemies":"The Guardian","floor":16,"turns":9},{"damage":21,"enemies":"2 Thieves","floor":18,"turns":4},{"damage":1,"enemies":"Spheric Guardian","floor":21,"turns":3},{"damage":17,"enemies":"Shelled Parasite and Fungi","floor":22,"turns":4},{"damage":16,"enemies":"Centurion and Healer","floor":24,"turns":5},{"damage":13,"enemies":"3 Cultists","floor":28,"turns":5},{"damage":18,"enemies":"Book of Stabbing","floor":30,"turns":7},{"damage":0,"enemies":"Cultist and Chosen","floor":31,"turns":4},{"damage":61,"enemies":"Champ","floor":33,"turns":9}],"seed_played":"5374852287892246779","potions_obtained":[{"floor":2,"key":"Regen Potion"},{"floor":5,"key":"SpeedPotion"},{"floor":10,"key":"Fire Potion"},{"floor":14,"key":"Swift Potion"},{"floor":16,"key":"SteroidPotion"},{"floor":17,"key":"EntropicBrew"},{"floor":31,"key":"Weak Potion"}],"is_trial":false,"path_per_floor":["M","M","$","?","M","R","E","M","T","M","M","R","$","E","R","B",null,"M","$","?","M","M","R","M","R","T","R","M","$","E","M","R"],"character_chosen":"DEFECT","items_purchased":["Fire Potion","Go for the Eyes+1","AttackPotion","Core Surge+1","Gash+1","White Noise"],"campfire_rested":3,"item_purchase_floors":[3,13,13,19,19,29],"current_hp_per_floor":[64,64,64,64,64,64,51,38,38,38,32,32,32,16,37,21,64,43,43,68,67,50,50,34,56,56,56,43,43,25,25,47,0],"gold":104,"neow_bonus":"THREE_ENEMY_KILL","is_prod":false,"is_daily":false,"chose_seed":false,"campfire_upgraded":4,"win_rate":0,"timestamp":1536660361,"path_taken":["M","M","$","?","M","R","E","M","T","M","M","R","$","E","R","BOSS","M","$","?","M","M","R","M","R","T","R","?","?","E","M","R","BOSS"],"build_version":"2018-09-06","purchased_purges":2,"victory":false,"max_hp_per_floor":[71,71,71,71,71,71,71,71,71,71,71,71,71,71,71,71,76,76,76,76,76,76,76,76,76,76,76,76,76,76,76,76,76],"card_choices":[{"not_picked":["Hologram","Barrage"],"picked":"Rip and Tear","floor":1},{"not_picked":["Redo","Compile Driver"],"picked":"Stack","floor":2},{"not_picked":["Rip and Tear","Redo"],"picked":"Sunder","floor":5},{"not_picked":["Biased Cognition","Redo"],"picked":"Seek","floor":7},{"not_picked":["Hologram","Streamline"],"picked":"Turbo","floor":8},{"not_picked":["Hologram","Sweeping Beam+1"],"picked":"Conserve Battery","floor":10},{"not_picked":["Redo","Chill"],"picked":"Streamline+1","floor":11},{"not_picked":["Skim","Go for the Eyes+1","Compile Driver+1"],"picked":"SKIP","floor":14},{"not_picked":["Multi-Cast","All For One+1"],"picked":"Reboot","floor":16},{"not_picked":["Beam Cell+1","Capacitor"],"picked":"Streamline+1","floor":17},{"not_picked":["Hello World","Sweeping Beam+1"],"picked":"Gash+1","floor":18},{"not_picked":["Capacitor","Force Field","Sweeping Beam+1"],"picked":"SKIP","floor":21},{"not_picked":["Steam","Go for the Eyes+1"],"picked":"Machine Learning","floor":22},{"not_picked":["Ball Lightning+1","Hologram"],"picked":"Chill","floor":24},{"not_picked":["Go for the Eyes+1","Capacitor","Conserve Battery"],"picked":"SKIP","floor":28},{"not_picked":["Sweeping Beam+1","Self Repair+1"],"picked":"Static Discharge","floor":30},{"not_picked":["Sweeping Beam+1","Barrage+1"],"picked":"Conserve Battery+1","floor":31}],"player_experience":734338,"relics_obtained":[{"floor":7,"key":"Art of War"},{"floor":9,"key":"Molten Egg 2"},{"floor":14,"key":"StoneCalendar"},{"floor":26,"key":"MawBank"},{"floor":30,"key":"Cables"}],"event_choices":[{"event_name":"Wheel of Change","player_choice":"Gold","floor":4,"damage_taken":0},{"event_name":"The Library","player_choice":"Heal","floor":20,"damage_taken":0}],"is_beta":false,"boss_relics":[{"not_picked":["Lizard Tail","Runic Dome"],"picked":"Tiny House"}],"items_purged_floors":[13,19],"is_endless":false,"potions_floor_spawned":[2,5,10,14,16,21,31],"killed_by":"Champ","ascension_level":14}