{"gold_per_floor":[112,112,132,6,181,181,209,209,236,248,38,38,38],"floor_reached":13,"playtime":266,"items_purged":["Strike_G","Doubt"],"score":138,"play_id":"db82fa0f-288f-4ad3-af25-64e0e72b092a","local_time":"20190330203810","is_ascension_mode":true,"campfire_choices":[{"data":"Leg Sweep","floor":6,"key":"SMITH"},{"data":"Crippling Poison","floor":8,"key":"SMITH"}],"neow_cost":"NONE","seed_source_timestamp":397247852788000,"circlet_count":0,"master_deck":["AscendersBane","Defend_G","Defend_G","Defend_G","Defend_G","Defend_G","Strike_G","Strike_G","Strike_G","Strike_G+1","Survivor","Neutralize+1","Leg Sweep+1","Crippling Poison+1","Well Laid Plans","Caltrops","Riddle With Holes","Injury"],"relics":["Ring of the Snake","Happy Flower","Blood Vial","Whetstone","Juzu Bracelet","Golden Idol"],"potions_floor_usage":[7],"damage_taken":[{"damage":5,"enemies":"2 Louse","floor":1,"turns":4},{"damage":3,"enemies":"Cultist","floor":3,"turns":5},{"damage":42,"enemies":"Gremlin Nob","floor":7,"turns":7},{"damage":6,"enemies":"Small Slimes","floor":10,"turns":3}],"seed_played":"7675439266820730955","potions_obtained":[{"floor":10,"key":"Poison Potion"}],"is_trial":false,"path_per_floor":["M","?","M","$","?","R","E","R","T","M","$","?","?"],"character_chosen":"THE_SILENT","items_purchased":["Strength Potion","Caltrops","Riddle With Holes"],"campfire_rested":0,"item_purchase_floors":[4,11,11],"current_hp_per_floor":[54,54,53,53,53,53,13,13,13,9,9,9,0],"gold":38,"neow_bonus":"RANDOM_COMMON_RELIC","is_prod":false,"is_daily":false,"chose_seed":false,"campfire_upgraded":2,"win_rate":0,"timestamp":1553974690,"path_taken":["M","?","?","$","?","R","E","R","T","M","$","?","?"],"build_version":"2019-01-23","purchased_purges":2,"victory":false,"max_hp_per_floor":[66,66,66,66,66,66,66,66,66,66,66,66,66],"card_choices":[{"not_picked":["Sucker Punch","PiercingWail"],"picked":"Dagger Throw","floor":1},{"not_picked":["Acrobatics","Well Laid Plans"],"picked":"Leg Sweep","floor":3},{"not_picked":["Quick Slash","Acrobatics"],"picked":"Crippling Poison","floor":7},{"not_picked":["Outmaneuver","Endless Agony"],"picked":"Well Laid Plans","floor":10}],"player_experience":1023764,"relics_obtained":[{"floor":7,"key":"Whetstone"},{"floor":9,"key":"Juzu Bracelet"}],"event_choices":[{"cards_removed":["Dagger Throw"],"damage_healed":0,"gold_gain":0,"player_choice":"Gave Card","damage_taken":0,"relics_obtained":["Blood Vial"],"max_hp_gain":0,"max_hp_loss":0,"event_name":"WeMeetAgain","floor":2,"gold_loss":0},{"damage_healed":0,"gold_gain":175,"player_choice":"AGREE","damage_taken":0,"max_hp_gain":0,"max_hp_loss":0,"event_name":"Liars Game","floor":5,"gold_loss":0,"cards_obtained":["Doubt"]},{"damage_healed":0,"gold_gain":0,"player_choice":"Take Wound","damage_taken":0,"relics_obtained":["Golden Idol"],"max_hp_gain":0,"max_hp_loss":0,"event_name":"Golden Idol","floor":12,"gold_loss":0,"cards_obtained":["Injury"]}],"is_beta":false,"boss_relics":[],"items_purged_floors":[4,11],"is_endless":false,"potions_floor_spawned":[10],"ascension_level":14}