{"gold_per_floor":[116,116,116,127,127,162,162,187,187,200,231,244,274,294,294,294],"floor_reached":16,"playtime":597,"items_purged":[],"score":248,"play_id":"d5d8aa64-2de4-4b08-9efe-6ba016eb317c","local_time":"20181030190749","is_ascension_mode":true,"campfire_choices":[{"data":"Poisoned Stab","floor":7,"key":"SMITH"},{"floor":15,"key":"REST"}],"neow_cost":"NONE","seed_source_timestamp":210519640115250,"circlet_count":0,"master_deck":["Defend_G","Defend_G","Defend_G","Defend_G","Defend_G","Strike_G","Strike_G","Strike_G","Strike_G","Strike_G","Survivor","Neutralize+1","AscendersBane","Poisoned Stab+1","Poisoned Stab","Dash","Backstab","Malaise+1","Poisoned Stab","Dagger Spray","Footwork","PiercingWail+1"],"relics":["Ring of the Snake","NeowsBlessing","Ancient Tea Set","Boot","Toxic Egg 2","Bag of Marbles","Singing Bowl"],"potions_floor_usage":[8,11,16,16],"damage_taken":[{"damage":0,"enemies":"2 Louse","floor":1,"turns":1},{"damage":0,"enemies":"Jaw Worm","floor":4,"turns":1},{"damage":0,"enemies":"3 Sentries","floor":6,"turns":1},{"damage":10,"enemies":"Gremlin Nob","floor":8,"turns":4},{"damage":0,"enemies":"Cultist","floor":10,"turns":2},{"damage":17,"enemies":"3 Sentries","floor":11,"turns":9},{"damage":0,"enemies":"Looter","floor":12,"turns":1},{"damage":15,"enemies":"Gremlin Nob","floor":13,"turns":3},{"damage":0,"enemies":"Exordium Wildlife","floor":14,"turns":1},{"damage":48,"enemies":"Slime Boss","floor":16,"turns":10}],"seed_played":"6036078532706799547","potions_obtained":[{"floor":1,"key":"Block Potion"},{"floor":8,"key":"Poison Potion"},{"floor":10,"key":"Swift Potion"},{"floor":12,"key":"Explosive Potion"}],"is_trial":false,"path_per_floor":["M","?","$","M","?","E","R","E","T","M","E","M","E","M","R"],"character_chosen":"THE_SILENT","items_purchased":[],"campfire_rested":1,"item_purchase_floors":[],"current_hp_per_floor":[63,63,63,63,68,68,68,58,58,58,41,41,26,26,48,0],"gold":294,"neow_bonus":"THREE_ENEMY_KILL","is_prod":false,"is_daily":false,"chose_seed":false,"campfire_upgraded":1,"win_rate":0,"timestamp":1540926469,"path_taken":["M","?","?","M","?","E","R","E","T","M","E","?","E","M","R","BOSS"],"build_version":"2018-10-25v2","purchased_purges":0,"victory":false,"max_hp_per_floor":[70,70,70,70,75,75,75,75,75,75,75,75,75,75,75,75],"card_choices":[{"not_picked":["Calculated Gamble","Dagger Spray"],"picked":"Poisoned Stab","floor":1},{"not_picked":["Backflip","Bane"],"picked":"Poisoned Stab","floor":4},{"not_picked":["Cloak And Dagger","PiercingWail"],"picked":"Dash","floor":6},{"not_picked":["Heel Hook","Eviscerate"],"picked":"Backstab","floor":8},{"not_picked":["Footwork","Noxious Fumes"],"picked":"Malaise+1","floor":10},{"not_picked":["Underhanded Strike","Accuracy"],"picked":"Poisoned Stab","floor":11},{"not_picked":["Flying Knee","Underhanded Strike"],"picked":"Dagger Spray","floor":12},{"not_picked":["Riddle With Holes","Acrobatics+1"],"picked":"Footwork","floor":13},{"not_picked":["Expertise+1","Dash"],"picked":"PiercingWail+1","floor":14}],"player_experience":941166,"relics_obtained":[{"floor":6,"key":"Ancient Tea Set"},{"floor":8,"key":"Boot"},{"floor":9,"key":"Toxic Egg 2"},{"floor":11,"key":"Bag of Marbles"},{"floor":13,"key":"Singing Bowl"}],"event_choices":[{"damage_healed":0,"gold_gain":0,"player_choice":"Grow","damage_taken":0,"max_hp_gain":0,"max_hp_loss":0,"event_name":"Living Wall","floor":2,"gold_loss":0,"cards_upgraded":["Neutralize"]},{"damage_healed":0,"gold_gain":0,"player_choice":"Donut","damage_taken":0,"max_hp_gain":5,"max_hp_loss":0,"event_name":"Big Fish","floor":5,"gold_loss":0}],"is_beta":false,"boss_relics":[],"items_purged_floors":[],"is_endless":false,"potions_floor_spawned":[1,8,10,12],"killed_by":"Slime Boss","ascension_level":12}