{"gold_per_floor":[116,133,144,161,180,180,200,229,229,239,239,266,266,296,296,296],"floor_reached":16,"playtime":611,"items_purged":[],"score":242,"play_id":"9b7b1455-b433-44a7-aeea-758f0bc72500","local_time":"20181028085524","is_ascension_mode":true,"campfire_choices":[{"data":"Wild Strike","floor":6,"key":"SMITH"},{"floor":11,"key":"REST"},{"floor":13,"key":"REST"},{"data":"Limit Break","floor":15,"key":"SMITH"}],"neow_cost":"NONE","seed_source_timestamp":951599040036,"circlet_count":0,"master_deck":["Strike_R","Strike_R","Strike_R","Strike_R","Strike_R","Defend_R","Defend_R+1","Defend_R+1","Defend_R","Bash","AscendersBane","Anger","Sword Boomerang","Spot Weakness","Wild Strike+1","Feel No Pain","Headbutt","Limit Break+1"],"relics":["Burning Blood","Bag of Preparation","Paper Frog","War Paint","Regal Pillow"],"potions_floor_usage":[8,8,12,16,16],"damage_taken":[{"damage":10,"enemies":"Small Slimes","floor":1,"turns":4},{"damage":12,"enemies":"Jaw Worm","floor":2,"turns":2},{"damage":5,"enemies":"2 Louse","floor":3,"turns":4},{"damage":14,"enemies":"Blue Slaver","floor":4,"turns":4},{"damage":14,"enemies":"3 Louse","floor":5,"turns":4},{"damage":19,"enemies":"Exordium Wildlife","floor":7,"turns":4},{"damage":8,"enemies":"Gremlin Nob","floor":8,"turns":3},{"damage":13,"enemies":"Blue Slaver","floor":10,"turns":2},{"damage":20,"enemies":"Lagavulin","floor":12,"turns":5},{"damage":32,"enemies":"Gremlin Nob","floor":14,"turns":4},{"damage":25,"enemies":"Slime Boss","floor":16,"turns":4}],"seed_played":"3766641156765895119","potions_obtained":[{"floor":1,"key":"SteroidPotion"},{"floor":2,"key":"Poison Potion"},{"floor":8,"key":"Explosive Potion"},{"floor":10,"key":"Explosive Potion"},{"floor":14,"key":"Poison Potion"}],"is_trial":false,"path_per_floor":["M","M","M","M","M","R","M","E","T","M","R","E","R","E","R"],"character_chosen":"IRONCLAD","items_purchased":[],"campfire_rested":2,"item_purchase_floors":[],"current_hp_per_floor":[64,58,59,51,43,43,30,28,28,21,43,29,51,25,25,0],"gold":296,"neow_bonus":"THREE_CARDS","is_prod":false,"is_daily":false,"chose_seed":false,"campfire_upgraded":2,"win_rate":0,"timestamp":1540716924,"path_taken":["M","M","M","M","M","R","M","E","T","M","R","E","R","E","R","BOSS"],"build_version":"2018-10-25v2","purchased_purges":0,"victory":false,"max_hp_per_floor":[75,75,75,75,75,75,75,75,75,75,75,75,75,75,75,75],"card_choices":[{"not_picked":["True Grit","Wild Strike"],"picked":"Anger","floor":0},{"not_picked":["Carnage","Seeing Red"],"picked":"Sword Boomerang","floor":1},{"not_picked":["Body Slam","Anger","Flex"],"picked":"SKIP","floor":2},{"not_picked":["Blood for Blood","Battle Trance"],"picked":"Spot Weakness","floor":3},{"not_picked":["Flex","Heavy Blade"],"picked":"Wild Strike","floor":4},{"not_picked":["Sword Boomerang","Iron Wave"],"picked":"Feel No Pain","floor":5},{"not_picked":["Heavy Blade","Body Slam","Rupture"],"picked":"SKIP","floor":7},{"not_picked":["Intimidate","Anger"],"picked":"Headbutt","floor":8},{"not_picked":["Metallicize","Sword Boomerang","Blood for Blood"],"picked":"SKIP","floor":10},{"not_picked":["Evolve","Blood for Blood"],"picked":"Limit Break","floor":12},{"not_picked":["Searing Blow","Rampage","Cleave"],"picked":"SKIP","floor":14}],"player_experience":931987,"relics_obtained":[{"floor":8,"key":"Bag of Preparation"},{"floor":9,"key":"Paper Frog"},{"floor":12,"key":"War Paint"},{"floor":14,"key":"Regal Pillow"}],"event_choices":[],"is_beta":false,"boss_relics":[],"items_purged_floors":[],"is_endless":false,"potions_floor_spawned":[1,2,8,10,14],"killed_by":"Slime Boss","ascension_level":19}