{"gold_per_floor":[111,111,129,144,144,203,203,213,213,230,230],"floor_reached":11,"playtime":468,"items_purged":[],"score":135,"play_id":"eb5b08db-2217-49d5-aab6-f318a1676246","local_time":"20190523185424","is_ascension_mode":true,"campfire_choices":[{"data":"Tools of the Trade","floor":7,"key":"SMITH"}],"neow_cost":"NONE","seed_source_timestamp":848622282930400,"circlet_count":0,"master_deck":["AscendersBane","Defend_G","Defend_G","Defend_G","Defend_G","Defend_G","Strike_G","Strike_G","Strike_G","Strike_G","Strike_G","Survivor","Neutralize+1","Dagger Spray","Acrobatics","Tools of the Trade+1","Blur","Endless Agony","Quick Slash","Well Laid Plans"],"relics":["Ring of the Snake","Tiny Chest","Ancient Tea Set"],"potions_floor_usage":[6,11],"damage_taken":[{"damage":3,"enemies":"Jaw Worm","floor":1,"turns":8},{"damage":1,"enemies":"Cultist","floor":3,"turns":5},{"damage":0,"enemies":"Small Slimes","floor":4,"turns":2},{"damage":19,"enemies":"3 Sentries","floor":6,"turns":11},{"damage":11,"enemies":"Gremlin Gang","floor":8,"turns":4},{"damage":0,"enemies":"3 Louse","floor":10,"turns":4},{"damage":39,"enemies":"Gremlin Nob","floor":11,"turns":5}],"seed_played":"-498704072334480652","potions_obtained":[{"floor":4,"key":"SkillPotion"},{"floor":6,"key":"SpeedPotion"}],"is_trial":false,"path_per_floor":["M","?","M","M","?","E","R","M","T","M","E"],"character_chosen":"THE_SILENT","items_purchased":[],"campfire_rested":0,"item_purchase_floors":[],"current_hp_per_floor":[62,62,61,61,61,42,42,31,31,31,0],"gold":230,"neow_bonus":"TEN_PERCENT_HP_BONUS","is_prod":false,"is_daily":false,"chose_seed":false,"campfire_upgraded":1,"win_rate":0,"timestamp":1558630464,"path_taken":["M","?","M","?","?","E","R","M","T","M","E"],"build_version":"2019-01-23","purchased_purges":0,"victory":false,"max_hp_per_floor":[72,72,72,72,72,72,72,72,72,72,72],"card_choices":[{"not_picked":["Dagger Throw","Prepared"],"picked":"Dagger Spray","floor":1},{"not_picked":["Underhanded Strike","Bane"],"picked":"Acrobatics","floor":3},{"not_picked":["Riddle With Holes","All Out Attack"],"picked":"Tools of the Trade","floor":4},{"not_picked":["Acrobatics","Bane"],"picked":"Endless Agony","floor":6},{"not_picked":["Deadly Poison","Deflect"],"picked":"Quick Slash","floor":8},{"not_picked":["Calculated Gamble","Dagger Throw"],"picked":"Well Laid Plans","floor":10}],"player_experience":1191816,"relics_obtained":[{"floor":6,"key":"Tiny Chest"},{"floor":9,"key":"Ancient Tea Set"}],"event_choices":[{"damage_healed":0,"gold_gain":0,"player_choice":"Upgraded","damage_taken":0,"max_hp_gain":0,"max_hp_loss":0,"event_name":"Upgrade Shrine","floor":2,"gold_loss":0,"cards_upgraded":["Neutralize"]},{"damage_healed":0,"gold_gain":0,"player_choice":"1 cards matched","damage_taken":0,"max_hp_gain":0,"max_hp_loss":0,"event_name":"Match and Keep!","floor":5,"gold_loss":0,"cards_obtained":["Blur"]}],"is_beta":false,"boss_relics":[],"items_purged_floors":[],"is_endless":false,"potions_floor_spawned":[4,6],"killed_by":"Gremlin Nob","ascension_level":16}