{"gold_per_floor":[118,68,80,80,103,136,136,159,159,192,192,205,196,196,196,321,321,342,365,365],"floor_reached":20,"playtime":978,"items_purged":[],"score":288,"play_id":"705bb295-282d-4d05-980d-b6c72fd85dbf","local_time":"20190219202827","is_ascension_mode":true,"campfire_choices":[{"data":"Gash","floor":7,"key":"SMITH"},{"floor":11,"key":"REST"},{"floor":15,"key":"REST"}],"neow_cost":"NONE","seed_source_timestamp":64866091223100,"circlet_count":0,"master_deck":["AscendersBane","Strike_B","Strike_B","Strike_B","Defend_B+1","Defend_B","Defend_B","Defend_B","Zap+1","Dualcast","Conserve Battery","Glacier","Gash+1","Capacitor","Ball Lightning","Streamline","Cold Snap","Coolheaded","Electrodynamics","White Noise+1","Compile Driver"],"relics":["Cracked Core","Golden Idol","War Paint","Smiling Mask","Sundial","Inserter"],"potions_floor_usage":[6,10,13,16,16,20],"damage_taken":[{"damage":1,"enemies":"Cultist","floor":1,"turns":4},{"damage":5,"enemies":"Jaw Worm","floor":3,"turns":4},{"damage":0,"enemies":"2 Louse","floor":5,"turns":3},{"damage":9,"enemies":"Lagavulin","floor":6,"turns":9},{"damage":27,"enemies":"Gremlin Gang","floor":8,"turns":6},{"damage":20,"enemies":"Gremlin Nob","floor":10,"turns":5},{"damage":0,"enemies":"Looter","floor":12,"turns":2},{"damage":11,"enemies":"Exordium Thugs","floor":13,"turns":4},{"damage":7,"enemies":"The Guardian","floor":16,"turns":11},{"damage":12,"enemies":"Chosen","floor":18,"turns":7},{"damage":11,"enemies":"Shell Parasite","floor":19,"turns":8},{"damage":43,"enemies":"Snake Plant","floor":20,"turns":4}],"seed_played":"-2575847971217330252","potions_obtained":[{"floor":0,"key":"Ancient Potion"},{"floor":0,"key":"Strength Potion"},{"floor":8,"key":"Strength Potion"},{"floor":12,"key":"SpeedPotion"},{"floor":13,"key":"SkillPotion"},{"floor":18,"key":"PowerPotion"}],"is_trial":false,"path_per_floor":["M","?","M","?","M","E","R","M","T","E","R","M","M","?","R","B",null,"M","M","M"],"character_chosen":"DEFECT","items_purchased":[],"campfire_rested":2,"item_purchase_floors":[],"current_hp_per_floor":[67,67,62,62,62,53,53,26,26,6,28,28,17,17,39,32,64,52,41,0],"gold":365,"neow_bonus":"THREE_SMALL_POTIONS","is_prod":false,"is_daily":false,"chose_seed":false,"campfire_upgraded":1,"win_rate":0,"timestamp":1550604507,"path_taken":["M","?","M","?","?","E","R","M","T","E","R","M","M","?","R","BOSS","M","M","M"],"build_version":"2019-01-23","purchased_purges":0,"victory":false,"max_hp_per_floor":[75,75,75,75,75,75,75,75,75,75,75,75,75,75,75,75,75,75,75,75],"card_choices":[{"not_picked":["Force Field","Hologram"],"picked":"Conserve Battery","floor":1},{"not_picked":["Tempest","Leap"],"picked":"Glacier","floor":3},{"not_picked":["Coolheaded","Tempest"],"picked":"Gash","floor":5},{"not_picked":["Auto Shields","Darkness"],"picked":"Capacitor","floor":6},{"not_picked":["Go for the Eyes","Skim"],"picked":"Ball Lightning","floor":8},{"not_picked":["Reinforced Body","Force Field"],"picked":"Streamline","floor":10},{"not_picked":["Undo","Hello World"],"picked":"Cold Snap","floor":12},{"not_picked":["Ball Lightning","Go for the Eyes"],"picked":"Coolheaded","floor":13},{"not_picked":["Rainbow","All For One"],"picked":"Electrodynamics","floor":16},{"not_picked":["Coolheaded","Steam+1"],"picked":"White Noise+1","floor":18},{"not_picked":["Go for the Eyes","Beam Cell"],"picked":"Compile Driver","floor":19}],"player_experience":799006,"relics_obtained":[{"floor":6,"key":"War Paint"},{"floor":9,"key":"Smiling Mask"},{"floor":10,"key":"Sundial"}],"event_choices":[{"cards_removed":["Strike_B"],"damage_healed":0,"gold_gain":0,"player_choice":"Card Removal","damage_taken":0,"max_hp_gain":0,"max_hp_loss":0,"event_name":"The Cleric","floor":2,"gold_loss":50},{"damage_healed":0,"gold_gain":0,"player_choice":"Take Wound","damage_taken":0,"relics_obtained":["Golden Idol"],"max_hp_gain":0,"max_hp_loss":0,"event_name":"Golden Idol","floor":4,"gold_loss":0,"cards_obtained":["Injury"]},{"cards_removed":["Injury"],"damage_healed":0,"gold_gain":0,"player_choice":"Card Removal","damage_taken":0,"max_hp_gain":0,"max_hp_loss":0,"event_name":"Wheel of Change","floor":14,"gold_loss":0}],"is_beta":false,"boss_relics":[{"not_picked":["Fusion Hammer","Black Star"],"picked":"Inserter"}],"items_purged_floors":[],"is_endless":false,"potions_floor_spawned":[5,8,12,13,18],"killed_by":"Snake Plant","ascension_level":11}