{"gold_per_floor":[19,31,50,50,50,76,92,92,92,107,107,107],"floor_reached":12,"playtime":288,"items_purged":[],"score":140,"play_id":"7914e91c-f9a0-4a21-bb53-7c026ee91329","local_time":"20190516195046","is_ascension_mode":true,"campfire_choices":[{"data":"Zap","floor":8,"key":"SMITH"},{"data":"Defragment","floor":11,"key":"SMITH"}],"neow_cost":"NO_GOLD","seed_source_timestamp":247367915149300,"circlet_count":0,"master_deck":["AscendersBane","Strike_B","Strike_B","Strike_B","Strike_B","Defend_B","Defend_B","Defend_B","Defend_B","Zap+1","Dualcast","Doom and Gloom","Hologram","Melter","Ball Lightning","Defragment+1","Chaos"],"relics":["Cracked Core","Dream Catcher","Bottled Tornado"],"potions_floor_usage":[6,6,12],"damage_taken":[{"damage":0,"enemies":"Cultist","floor":1,"turns":3},{"damage":13,"enemies":"Jaw Worm","floor":2,"turns":4},{"damage":2,"enemies":"2 Louse","floor":3,"turns":2},{"damage":17,"enemies":"3 Sentries","floor":6,"turns":4},{"damage":13,"enemies":"Blue Slaver","floor":7,"turns":3},{"damage":11,"enemies":"Looter","floor":10,"turns":2},{"damage":41,"enemies":"Gremlin Gang","floor":12,"turns":3}],"seed_played":"4346909082991564469","potions_obtained":[{"floor":2,"key":"Fire Potion"},{"floor":3,"key":"Strength Potion"},{"floor":10,"key":"SneckoOil"}],"is_trial":false,"path_per_floor":["M","M","M","$","?","E","M","R","T","M","R","M"],"character_chosen":"DEFECT","items_purchased":[],"campfire_rested":0,"item_purchase_floors":[],"current_hp_per_floor":[78,65,63,63,58,41,28,28,28,17,17,0],"gold":107,"neow_bonus":"TWENTY_PERCENT_HP_BONUS","is_prod":false,"is_daily":false,"chose_seed":false,"campfire_upgraded":2,"win_rate":0,"timestamp":1558029046,"path_taken":["M","M","M","?","?","E","M","R","T","?","R","M"],"build_version":"2019-01-23","purchased_purges":0,"victory":false,"max_hp_per_floor":[85,85,85,85,85,85,85,85,85,85,85,85],"card_choices":[{"not_picked":["Streamline","Lockon"],"picked":"Doom and Gloom","floor":1},{"not_picked":["Beam Cell","Go for the Eyes"],"picked":"Hologram","floor":2},{"not_picked":["Turbo","Streamline"],"picked":"Melter","floor":3},{"not_picked":["Machine Learning","Rebound"],"picked":"Ball Lightning","floor":6},{"not_picked":["Gash","Beam Cell"],"picked":"Defragment","floor":7},{"not_picked":["Genetic Algorithm","Ball Lightning"],"picked":"Chaos","floor":10}],"player_experience":1116917,"relics_obtained":[{"floor":6,"key":"Dream Catcher"},{"floor":9,"key":"Bottled Tornado"}],"event_choices":[{"damage_healed":0,"gold_gain":0,"player_choice":"Bought 0 Potions","damage_taken":0,"max_hp_gain":0,"max_hp_loss":0,"event_name":"The Woman in Blue","floor":5,"gold_loss":0}],"is_beta":false,"boss_relics":[],"items_purged_floors":[],"is_endless":false,"potions_floor_spawned":[2,3,10],"killed_by":"Gremlin Gang","ascension_level":15}