{"gold_per_floor":[16,28,28,42,53,78,78,96,96,125,142,142,157,170,170,170],"floor_reached":16,"playtime":643,"items_purged":[],"score":232,"play_id":"7224de1f-6637-4d9a-b0be-7c18d969bfbc","local_time":"20190317170538","is_ascension_mode":true,"campfire_choices":[{"floor":7.0,"key":"REST"},{"floor":12.0,"key":"REST"},{"data":"Skewer","floor":15.0,"key":"SMITH"}],"neow_cost":"NO_GOLD","seed_source_timestamp":23961115673448,"circlet_count":0,"master_deck":["AscendersBane","Defend_G","Defend_G","Defend_G","Defend_G","Strike_G","Strike_G","Strike_G","Strike_G","Survivor","Neutralize","Crippling Poison+1","Dash","Quick Slash","Dodge and Roll","Backstab","Leg Sweep","Bouncing Flask","Skewer+1"],"special_seed":0,"relics":["Ring of the Snake","Bag of Preparation","Bottled Lightning","Ornamental Fan"],"potions_floor_usage":[16],"damage_taken":[{"damage":2.0,"enemies":"2 Louse","floor":1.0,"turns":2.0},{"damage":0.0,"enemies":"Cultist","floor":2.0,"turns":3.0},{"damage":1.0,"enemies":"Jaw Worm","floor":4.0,"turns":3.0},{"damage":2.0,"enemies":"Red Slaver","floor":5.0,"turns":3.0},{"damage":18.0,"enemies":"3 Sentries","floor":6.0,"turns":11.0},{"damage":14.0,"enemies":"Exordium Thugs","floor":8.0,"turns":4.0},{"damage":10.0,"enemies":"Gremlin Nob","floor":10.0,"turns":4.0},{"damage":4.0,"enemies":"Looter","floor":11.0,"turns":3.0},{"damage":6.0,"enemies":"Red Slaver","floor":13.0,"turns":2.0},{"damage":7.0,"enemies":"Large Slime","floor":14.0,"turns":7.0},{"damage":33,"enemies":"Slime Boss","floor":16,"turns":5}],"seed_played":"4515964879342845136","potions_obtained":[{"floor":4.0,"key":"Swift Potion"},{"floor":5.0,"key":"Energy Potion"},{"floor":8.0,"key":"PowerPotion"},{"floor":13.0,"key":"Ancient Potion"}],"is_trial":false,"path_per_floor":["M","M","?","M","M","E","R","M","T","E","M","R","M","M","R","B"],"character_chosen":"THE_SILENT","items_purchased":[],"campfire_rested":2,"item_purchase_floors":[],"current_hp_per_floor":[57,57,57,56,54,36,55,41,41,31,27,46,40,33,33,0],"gold":170,"neow_bonus":"TRANSFORM_TWO_CARDS","is_prod":false,"is_daily":false,"chose_seed":false,"campfire_upgraded":1,"win_rate":0,"timestamp":1552838738,"path_taken":["M","M","?","M","M","E","R","?","T","E","M","R","M","M","R","BOSS"],"build_version":"2019-01-23","purchased_purges":0,"victory":false,"max_hp_per_floor":[66,66,66,66,66,66,66,66,66,66,66,66,66,66,66,66],"card_choices":[{"not_picked":["Prepared","Setup"],"picked":"Quick Slash","floor":1.0},{"not_picked":["Finisher","Prepared"],"picked":"Dodge and Roll","floor":2.0},{"not_picked":["Deadly Poison","Dash"],"picked":"Backstab","floor":4.0},{"not_picked":["Acrobatics","Phantasmal Killer","Bane"],"picked":"SKIP","floor":5.0},{"not_picked":["Acrobatics","Expertise"],"picked":"Leg Sweep","floor":6.0},{"not_picked":["Underhanded Strike","Poisoned Stab"],"picked":"Bouncing Flask","floor":8.0},{"not_picked":["Bane","Prepared"],"picked":"Skewer","floor":10.0},{"not_picked":["Blade Dance","Escape Plan","Acrobatics"],"picked":"SKIP","floor":11.0},{"not_picked":["Slice","Expertise","Prepared"],"picked":"SKIP","floor":13.0},{"not_picked":["Riddle With Holes","Escape Plan","Bane"],"picked":"SKIP","floor":14.0}],"player_experience":716093,"relics_obtained":[{"floor":6.0,"key":"Bag of Preparation"},{"floor":9.0,"key":"Bottled Lightning"},{"floor":10.0,"key":"Ornamental Fan"}],"event_choices":[{"damage_healed":0.0,"max_hp_gain":0.0,"max_hp_loss":0.0,"gold_gain":0.0,"event_name":"Upgrade Shrine","player_choice":"Upgraded","floor":3.0,"gold_loss":0.0,"damage_taken":0.0,"cards_upgraded":["Crippling Poison"]}],"is_beta":false,"boss_relics":[],"items_purged_floors":[],"is_endless":false,"potions_floor_spawned":[4,5,8,13,14],"killed_by":"Slime Boss","ascension_level":20}