{"gold_per_floor":[117,42,192,192,62,101,101,135,219,246,273,145,176,191,191,290,290,315,271,271],"floor_reached":20,"playtime":722,"items_purged":["Doubt","Strike_R"],"score":534,"play_id":"f40f4ed7-2aed-445b-8a76-9a8c4beedee0","local_time":"20190412192719","is_ascension_mode":true,"campfire_choices":[{"data":"Bash","floor":7.0,"key":"SMITH"},{"data":"Combust","floor":15.0,"key":"SMITH"}],"neow_cost":"NONE","seed_source_timestamp":0,"circlet_count":0,"master_deck":["AscendersBane","Strike_R","Strike_R","Strike_R","Defend_R","Defend_R","Defend_R","Defend_R","Bash+1","Rampage","Shrug It Off","Sword Boomerang","Shockwave","Flame Barrier","Combust+1","Rupture","Spot Weakness","Burning Pact","Juggernaut","Shrug It Off","Iron Wave+1"],"special_seed":0,"relics":["Black Blood","NeowsBlessing","Golden Idol","Magic Flower","MawBank","Gremlin Horn","Dodecahedron"],"potions_floor_usage":[],"damage_taken":[{"damage":0.0,"enemies":"Small Slimes","floor":1.0,"turns":1.0},{"damage":0.0,"enemies":"Gremlin Nob","floor":6.0,"turns":1.0},{"damage":0.0,"enemies":"Lagavulin","floor":8.0,"turns":1.0},{"damage":0.0,"enemies":"2 Louse","floor":10.0,"turns":3.0},{"damage":0.0,"enemies":"Jaw Worm","floor":11.0,"turns":5.0},{"damage":0.0,"enemies":"Gremlin Nob","floor":13.0,"turns":2.0},{"damage":11.0,"enemies":"Looter","floor":14.0,"turns":2.0},{"damage":65.0,"enemies":"The Guardian","floor":16.0,"turns":13.0},{"damage":19.0,"enemies":"Chosen","floor":18.0,"turns":7.0},{"damage":44,"enemies":"2 Thieves","floor":19,"turns":5},{"damage":39,"enemies":"Colosseum Slavers","floor":20,"turns":3}],"seed_played":"-1338083561798636590","potions_obtained":[{"floor":1.0,"key":"Strength Potion"},{"floor":8.0,"key":"EntropicBrew"},{"floor":13.0,"key":"SneckoOil"},{"floor":16.0,"key":"Block Potion"},{"floor":19,"key":"LiquidBronze"}],"is_trial":false,"path_per_floor":["M","?","?","?","$","E","R","E","T","M","M","$","E","M","R","B",null,"M","M","?"],"character_chosen":"IRONCLAD","items_purchased":["Shrug It Off","Rupture"],"campfire_rested":0,"item_purchase_floors":[5,12],"current_hp_per_floor":[74,74,74,68,68,68,68,68,68,68,68,68,68,66,66,10,54,50,21,0],"gold":271,"neow_bonus":"THREE_ENEMY_KILL","is_prod":false,"is_daily":false,"chose_seed":false,"campfire_upgraded":2,"win_rate":0,"timestamp":1555090039,"path_taken":["M","?","?","?","?","E","R","E","T","M","M","$","E","M","R","BOSS","M","M","?"],"build_version":"2019-01-23","purchased_purges":2,"victory":false,"max_hp_per_floor":[75,75,75,68,68,68,68,68,68,68,68,68,68,68,68,68,68,68,68,68],"card_choices":[{"not_picked":["Flame Barrier","Iron Wave"],"picked":"Rampage","floor":1.0},{"not_picked":["Armaments","Entrench"],"picked":"Sword Boomerang","floor":6.0},{"not_picked":["Wild Strike","Evolve"],"picked":"Shockwave","floor":8.0},{"not_picked":["Warcry","Searing Blow"],"picked":"Flame Barrier","floor":10.0},{"not_picked":["Spot Weakness","Havoc"],"picked":"Combust","floor":11.0},{"not_picked":["True Grit","Fiend Fire"],"picked":"Spot Weakness","floor":13.0},{"not_picked":["Heavy Blade","Armaments"],"picked":"Burning Pact","floor":14.0},{"not_picked":["Double Tap","Exhume"],"picked":"Juggernaut","floor":16.0},{"not_picked":["Heavy Blade+1","Burning Pact"],"picked":"Shrug It Off","floor":18.0},{"not_picked":["Spot Weakness","Cleave"],"picked":"Iron Wave+1","floor":19}],"player_experience":767639,"relics_obtained":[{"floor":6.0,"key":"Magic Flower"},{"floor":8.0,"key":"MawBank"},{"floor":9.0,"key":"Gremlin Horn"},{"floor":13.0,"key":"Dodecahedron"}],"event_choices":[{"cards_removed":["Strike_R"],"damage_healed":0.0,"max_hp_gain":0.0,"max_hp_loss":0.0,"gold_gain":0.0,"event_name":"The Cleric","player_choice":"Card Removal","floor":2.0,"gold_loss":75.0,"damage_taken":0.0},{"damage_healed":0.0,"max_hp_gain":0.0,"max_hp_loss":0.0,"gold_gain":150.0,"event_name":"Liars Game","player_choice":"AGREE","floor":3.0,"gold_loss":0.0,"damage_taken":0.0,"cards_obtained":["Doubt"]},{"damage_healed":0.0,"max_hp_gain":0.0,"max_hp_loss":7.0,"gold_gain":0.0,"event_name":"Golden Idol","player_choice":"Lose Max HP","floor":4.0,"gold_loss":0.0,"damage_taken":0.0,"relics_obtained":["Golden Idol"]},{"damage_healed":0,"gold_gain":0,"player_choice":"Fight","damage_taken":0,"max_hp_gain":0,"max_hp_loss":0,"event_name":"Colosseum","floor":20,"gold_loss":0}],"is_beta":false,"boss_relics":[{"not_picked":["Pandora\u0027s Box","Snecko Eye"],"picked":"Black Blood"}],"items_purged_floors":[5,12],"is_endless":false,"potions_floor_spawned":[1,8,11,13,16,19],"killed_by":"Colosseum Slavers","ascension_level":20}