{"gold_per_floor":[109,109,59,77,2,31,50,78,78,78,78,111,111,111,111,111],"floor_reached":16,"playtime":319,"items_purged":["Strike_G"],"score":240,"play_id":"78d41616-d58b-4f56-a9e5-7d7a5f3dfe94","local_time":"20190330203329","is_ascension_mode":true,"campfire_choices":[{"data":"Neutralize","floor":11,"key":"SMITH"},{"data":"Predator","floor":13,"key":"SMITH"},{"data":"All Out Attack","floor":15,"key":"SMITH"}],"neow_cost":"NONE","seed_source_timestamp":396914827585300,"circlet_count":0,"master_deck":["AscendersBane","Defend_G","Defend_G","Defend_G","Defend_G","Defend_G","Strike_G","Survivor","Neutralize+1","All Out Attack+1","Predator+1","Quick Slash","Flying Knee","Dagger Throw","Choke","Quick Slash"],"relics":["Ring of the Snake","NeowsBlessing","Smiling Mask","Singing Bowl","Pear","Kunai","Ginger"],"potions_floor_usage":[8,8,16],"damage_taken":[{"damage":0,"enemies":"Jaw Worm","floor":1,"turns":1},{"damage":0,"enemies":"Small Slimes","floor":4,"turns":1},{"damage":0,"enemies":"Gremlin Nob","floor":6,"turns":1},{"damage":0,"enemies":"2 Louse","floor":7,"turns":3},{"damage":6,"enemies":"3 Sentries","floor":8,"turns":7},{"damage":24,"enemies":"Gremlin Nob","floor":12,"turns":4},{"damage":31,"enemies":"Slime Boss","floor":16,"turns":4}],"seed_played":"-445597258391250409","potions_obtained":[{"floor":1,"key":"Swift Potion"},{"floor":7,"key":"EssenceOfSteel"},{"floor":8,"key":"Weak Potion"}],"is_trial":false,"path_per_floor":["M","?","?","M","$","E","M","E","T","?","R","E","R","?","R","B"],"character_chosen":"THE_SILENT","items_purchased":[],"campfire_rested":0,"item_purchase_floors":[],"current_hp_per_floor":[59,52,52,52,52,52,52,46,56,44,44,20,20,20,20,0],"gold":111,"neow_bonus":"THREE_ENEMY_KILL","is_prod":false,"is_daily":false,"chose_seed":false,"campfire_upgraded":3,"win_rate":0,"timestamp":1553974409,"path_taken":["M","?","?","M","$","E","M","E","T","?","R","E","R","?","R","BOSS"],"build_version":"2019-01-23","purchased_purges":1,"victory":false,"max_hp_per_floor":[66,66,66,66,66,66,66,66,76,76,76,76,76,76,76,76],"card_choices":[{"not_picked":["Distraction","Dagger Throw"],"picked":"All Out Attack","floor":1},{"not_picked":["Expertise","Heel Hook"],"picked":"Predator","floor":4},{"not_picked":["Sucker Punch","PiercingWail"],"picked":"Quick Slash","floor":6},{"not_picked":["Sucker Punch","Escape Plan"],"picked":"Flying Knee","floor":7},{"not_picked":["Underhanded Strike","Slice"],"picked":"Dagger Throw","floor":8},{"not_picked":["Unload","Dodge and Roll"],"picked":"Choke","floor":12}],"player_experience":1023445,"relics_obtained":[{"floor":6,"key":"Smiling Mask"},{"floor":8,"key":"Singing Bowl"},{"floor":9,"key":"Pear"},{"floor":12,"key":"Ginger"}],"event_choices":[{"cards_removed":["Strike_G"],"damage_healed":0,"gold_gain":0,"player_choice":"Card Removal","damage_taken":7,"max_hp_gain":0,"max_hp_loss":0,"event_name":"Golden Wing","floor":2,"gold_loss":0},{"cards_removed":["Strike_G"],"damage_healed":0,"gold_gain":0,"player_choice":"Card Removal","damage_taken":0,"max_hp_gain":0,"max_hp_loss":0,"event_name":"The Cleric","floor":3,"gold_loss":50},{"damage_healed":0,"gold_gain":0,"player_choice":"Success","damage_taken":12,"relics_obtained":["Kunai"],"max_hp_gain":0,"max_hp_loss":0,"event_name":"Scrap Ooze","floor":10,"gold_loss":0},{"damage_healed":0,"gold_gain":0,"cards_transformed":["Strike_G"],"player_choice":"Transformed","damage_taken":0,"max_hp_gain":0,"max_hp_loss":0,"event_name":"Transmorgrifier","floor":14,"gold_loss":0,"cards_obtained":["Quick Slash"]}],"is_beta":false,"boss_relics":[],"items_purged_floors":[5],"is_endless":false,"potions_floor_spawned":[1,7,8],"killed_by":"Slime Boss","ascension_level":14}