{"gold_per_floor":[118,128,128,146,22,35,35,47,47,76,76,76],"floor_reached":12,"playtime":355,"items_purged":[],"score":156,"play_id":"11bf4d4b-f712-41d1-b9ed-9b39a53c1204","local_time":"20190823145035","is_ascension_mode":true,"campfire_choices":[{"data":"Envenom","floor":7,"key":"SMITH"},{"data":"Noxious Fumes","floor":11,"key":"SMITH"}],"neow_cost":"NONE","seed_source_timestamp":813043935566800,"circlet_count":0,"master_deck":["AscendersBane","Strike_G","Strike_G","Strike_G","Strike_G","Strike_G","Defend_G","Defend_G","Defend_G","Defend_G","Defend_G","Survivor","Neutralize+1","Backflip","Deflect","Cloak And Dagger","Noxious Fumes+1","Backstab","Envenom+1","Endless Agony","Dodge and Roll"],"special_seed":0,"relics":["Ring of the Snake","Paper Crane","Gambling Chip"],"potions_floor_usage":[10],"damage_taken":[{"damage":2.0,"enemies":"Jaw Worm","floor":1.0,"turns":7.0},{"damage":6,"enemies":"Cultist","floor":2,"turns":5},{"damage":3,"enemies":"Small Slimes","floor":4,"turns":4},{"damage":0,"enemies":"Blue Slaver","floor":6,"turns":4},{"damage":1,"enemies":"Looter","floor":8,"turns":4},{"damage":2,"enemies":"Lagavulin","floor":10,"turns":5},{"damage":51,"enemies":"Gremlin Nob","floor":12,"turns":4}],"seed_played":"8020353763486227778","potions_obtained":[{"floor":2,"key":"Energy Potion"},{"floor":6,"key":"SteroidPotion"}],"is_trial":false,"path_per_floor":["M","M","?","M","$","M","R","M","T","E","R","E"],"character_chosen":"THE_SILENT","items_purchased":["Noxious Fumes","Backstab"],"campfire_rested":0,"item_purchase_floors":[5,5],"current_hp_per_floor":[63,57,57,54,54,54,54,53,53,51,51,0],"gold":76,"neow_bonus":"TEN_PERCENT_HP_BONUS","is_prod":false,"is_daily":false,"chose_seed":false,"campfire_upgraded":2,"win_rate":0,"timestamp":1566564635,"path_taken":["M","M","?","M","?","M","R","M","T","E","R","E"],"build_version":"2019-07-17","purchased_purges":0,"victory":false,"max_hp_per_floor":[72,72,72,72,72,72,72,72,72,72,72,72],"card_choices":[{"not_picked":["Bane","Concentrate"],"picked":"Backflip","floor":1.0},{"not_picked":["Prepared","Bane"],"picked":"Deflect","floor":2},{"not_picked":["Prepared","Eviscerate"],"picked":"Cloak And Dagger","floor":4},{"not_picked":["Dagger Spray","Cloak And Dagger"],"picked":"Envenom","floor":6},{"not_picked":["Sucker Punch","Dodge and Roll"],"picked":"Endless Agony","floor":8},{"not_picked":["Backflip","Phantasmal Killer"],"picked":"Dodge and Roll","floor":10}],"player_experience":1963018,"relics_obtained":[{"floor":9,"key":"Paper Crane"},{"floor":10,"key":"Gambling Chip"}],"event_choices":[{"damage_healed":0,"gold_gain":0,"player_choice":"Upgraded","damage_taken":0,"max_hp_gain":0,"max_hp_loss":0,"event_name":"Upgrade Shrine","floor":3,"gold_loss":0,"cards_upgraded":["Neutralize"]}],"is_beta":false,"boss_relics":[],"items_purged_floors":[],"is_endless":false,"potions_floor_spawned":[2,6],"killed_by":"Gremlin Nob","ascension_level":19}