{"gold_per_floor":[114,189,189,203,203,203,218,218,243,253,124,142,142,159,159,261,261,277,154,169,44,44,74,0,30,30,30,30,30,30,42,42,141,141,154,101,101,117,133,133,37,37,37,47,58,83,83,95,95,95],"floor_reached":50,"playtime":3030,"items_purged":["Strike_B","Strike_B","Strike_B"],"score":569,"play_id":"eea9e264-2a15-4fa2-9577-70727c8b870d","local_time":"20190326224827","is_ascension_mode":true,"campfire_choices":[{"data":"Zap","floor":6.0,"key":"SMITH"},{"data":"Dualcast","floor":8.0,"key":"SMITH"},{"data":"Scrape","floor":13.0,"key":"SMITH"},{"data":"Go for the Eyes","floor":15.0,"key":"SMITH"},{"data":"Buffer","floor":28.0,"key":"SMITH"},{"data":"Hologram","floor":30.0,"key":"SMITH"},{"floor":32.0,"key":"REST"},{"data":"Beam Cell","floor":40.0,"key":"SMITH"},{"data":"Seek","floor":42.0,"key":"SMITH"},{"data":"Hologram","floor":47.0,"key":"SMITH"},{"floor":49.0,"key":"REST"}],"neow_cost":"NONE","seed_source_timestamp":0,"circlet_count":0,"master_deck":["Defend_B","Defend_B","Defend_B","Zap+1","Dualcast+1","Scrape+1","Go for the Eyes+1","Gash","Gash","Go for the Eyes","Buffer+1","Hologram+1","Hologram+1","Scrape+1","Seek+1","Beam Cell+1","Stack","Gash","Stack","Steam+1"],"special_seed":0,"relics":["Cracked Core","PreservedInsect","Vajra","Sozu","Oddly Smooth Stone","Omamori","Runic Pyramid","Meat on the Bone","Orichalcum"],"potions_floor_usage":[50,50],"damage_taken":[{"damage":0.0,"enemies":"Small Slimes","floor":1.0,"turns":3.0},{"damage":1.0,"enemies":"2 Louse","floor":4.0,"turns":2.0},{"damage":2.0,"enemies":"Jaw Worm","floor":7.0,"turns":3.0},{"damage":7.0,"enemies":"3 Louse","floor":10.0,"turns":2.0},{"damage":3.0,"enemies":"Looter","floor":12.0,"turns":2.0},{"damage":4.0,"enemies":"Large Slime","floor":14.0,"turns":4.0},{"damage":33.0,"enemies":"The Guardian","floor":16.0,"turns":9.0},{"damage":0.0,"enemies":"Spheric Guardian","floor":18.0,"turns":3.0},{"damage":0.0,"enemies":"3 Byrds","floor":20.0,"turns":4.0},{"damage":30.0,"enemies":"Gremlin Leader","floor":23.0,"turns":6.0},{"damage":0.0,"enemies":"Book of Stabbing","floor":25.0,"turns":3.0},{"damage":25.0,"enemies":"Snecko","floor":31.0,"turns":4.0},{"damage":19.0,"enemies":"Collector","floor":33.0,"turns":6.0},{"damage":2.0,"enemies":"Orb Walker","floor":35.0,"turns":4.0},{"damage":8.0,"enemies":"3 Darklings","floor":38.0,"turns":4.0},{"damage":18.0,"enemies":"Sphere and 2 Shapes","floor":39.0,"turns":5.0},{"damage":0.0,"enemies":"Maw","floor":44.0,"turns":5.0},{"damage":0.0,"enemies":"Transient","floor":45.0,"turns":5.0},{"damage":0.0,"enemies":"Jaw Worm Horde","floor":48.0,"turns":3.0},{"damage":81,"enemies":"Donu and Deca","floor":50,"turns":15}],"seed_played":"8788822954021093687","potions_obtained":[{"floor":4.0,"key":"AttackPotion"},{"floor":10.0,"key":"Poison Potion"},{"floor":16.0,"key":"SkillPotion"}],"is_trial":false,"path_per_floor":["M","?","?","M","?","R","M","R","T","M","$","M","R","M","R","B",null,"M","$","M","$","?","E","?","E","T","?","R","?","R","M","R","B",null,"M","$","?","M","M","R","$","R","T","M","M","T","R","M","R","B"],"character_chosen":"DEFECT","items_purchased":["Gash","Hologram","Beam Cell","Gash","Stack"],"campfire_rested":2,"item_purchase_floors":[11,19,36,41,41],"current_hp_per_floor":[75,64,64,63,68,68,66,66,66,59,59,56,56,52,52,19,80,80,80,80,80,80,50,50,50,50,50,50,50,50,25,49,30,80,78,78,78,70,52,52,52,52,52,52,52,52,52,52,76,0],"gold":95,"neow_bonus":"RANDOM_COMMON_RELIC","is_prod":false,"is_daily":false,"chose_seed":false,"campfire_upgraded":9,"win_rate":0,"timestamp":1553665707,"path_taken":["M","?","?","M","?","R","M","R","T","?","$","M","R","M","R","BOSS","M","$","M","$","?","E","?","E","T","?","R","?","R","M","R","BOSS","M","$","?","M","?","R","$","R","T","M","M","?","R","M","R","BOSS"],"build_version":"2019-01-23","purchased_purges":3,"victory":false,"max_hp_per_floor":[75,75,75,75,80,80,80,80,80,80,80,80,80,80,80,80,80,80,80,80,80,80,80,80,80,80,80,80,80,80,80,80,80,80,80,80,80,80,80,80,80,80,80,80,80,80,80,80,80,80],"card_choices":[{"not_picked":["Gash","Skim"],"picked":"Scrape","floor":1.0},{"not_picked":["Static Discharge","Sweeping Beam","Ball Lightning"],"picked":"SKIP","floor":4.0},{"not_picked":["Beam Cell","Darkness"],"picked":"Go for the Eyes","floor":7.0},{"not_picked":["Leap","Beam Cell"],"picked":"Gash","floor":10.0},{"not_picked":["Ball Lightning","Conserve Battery"],"picked":"Go for the Eyes","floor":12.0},{"not_picked":["Compile Driver","Cold Snap","Stack"],"picked":"SKIP","floor":14.0},{"not_picked":["Fission","Creative AI"],"picked":"Buffer","floor":16.0},{"not_picked":["Fusion","Chill","Force Field"],"picked":"SKIP","floor":18.0},{"not_picked":["Fusion","Chill","Force Field"],"picked":"SKIP","floor":18.0},{"not_picked":["Go for the Eyes","Conserve Battery","Ball Lightning"],"picked":"SKIP","floor":20.0},{"not_picked":["Go for the Eyes","Conserve Battery","Ball Lightning"],"picked":"SKIP","floor":20.0},{"not_picked":["Blizzard","Barrage"],"picked":"Hologram","floor":23.0},{"not_picked":["Compile Driver","Steam+1"],"picked":"Scrape+1","floor":25.0},{"not_picked":["Lockon+1","Compile Driver","Redo+1"],"picked":"SKIP","floor":31.0},{"not_picked":["Amplify","Rainbow"],"picked":"Seek","floor":33.0},{"not_picked":["Compile Driver+1","Go for the Eyes","Heatsinks"],"picked":"SKIP","floor":35.0},{"not_picked":["Chaos+1","Hologram"],"picked":"Stack","floor":38.0},{"not_picked":["Conserve Battery+1","Aggregate","Static Discharge"],"picked":"SKIP","floor":39.0},{"not_picked":["Scrape+1","Streamline"],"picked":"Steam+1","floor":44.0},{"not_picked":["Stack+1","Ball Lightning+1","Genetic Algorithm"],"picked":"SKIP","floor":45.0},{"not_picked":["Go for the Eyes+1","Conserve Battery+1","Force Field+1"],"picked":"SKIP","floor":48.0}],"player_experience":64059,"relics_obtained":[{"floor":9.0,"key":"Vajra"},{"floor":23.0,"key":"Oddly Smooth Stone"},{"floor":25.0,"key":"Omamori"},{"floor":43.0,"key":"Meat on the Bone"},{"floor":46.0,"key":"Orichalcum"}],"event_choices":[{"damage_healed":0.0,"max_hp_gain":0.0,"max_hp_loss":0.0,"gold_gain":75.0,"event_name":"World of Goop","player_choice":"Gather Gold","floor":2.0,"gold_loss":0.0,"damage_taken":11.0},{"cards_removed":["Strike_B"],"damage_healed":0.0,"max_hp_gain":0.0,"max_hp_loss":0.0,"gold_gain":0.0,"event_name":"Living Wall","player_choice":"Forget","floor":3.0,"gold_loss":0.0,"damage_taken":0.0},{"damage_healed":0.0,"max_hp_gain":5.0,"max_hp_loss":0.0,"gold_gain":0.0,"event_name":"Big Fish","player_choice":"Donut","floor":5.0,"gold_loss":0.0,"damage_taken":0.0},{"damage_healed":0.0,"max_hp_gain":0.0,"max_hp_loss":0.0,"gold_gain":0.0,"event_name":"Vampires","player_choice":"Ignored","floor":22.0,"gold_loss":0.0,"damage_taken":0.0},{"damage_healed":0.0,"max_hp_gain":0.0,"max_hp_loss":0.0,"gold_gain":0.0,"event_name":"Masked Bandits","player_choice":"Paid Fearfully","floor":24.0,"gold_loss":74.0,"damage_taken":0.0},{"damage_healed":0.0,"max_hp_gain":0.0,"max_hp_loss":0.0,"gold_gain":0.0,"event_name":"Ghosts","player_choice":"Ignored","floor":27.0,"gold_loss":0.0,"damage_taken":0.0},{"cards_removed":["Defend_B"],"damage_healed":0.0,"max_hp_gain":0.0,"max_hp_loss":0.0,"gold_gain":0.0,"event_name":"Purifier","player_choice":"Purged","floor":37.0,"gold_loss":0.0,"damage_taken":0.0}],"is_beta":false,"boss_relics":[{"not_picked":["Astrolabe","Velvet Choker"],"picked":"Sozu"},{"not_picked":["Black Star","Fusion Hammer"],"picked":"Runic Pyramid"}],"items_purged_floors":[11,19,21],"is_endless":false,"potions_floor_spawned":[4,10,16,20,33,35,38,44,45],"killed_by":"Donu and Deca","ascension_level":3}