{"gold_per_floor":[17,33,33,52,52,52,79,79,79,113,132,65,130,130,130,203,203,222,222,9,19,19,19,19],"floor_reached":24,"playtime":1088,"items_purged":[],"score":403,"play_id":"909f3eda-a021-48e4-aac7-a74cdc0d0bf7","local_time":"20190527184134","is_ascension_mode":true,"campfire_choices":[{"data":"Streamline","floor":6,"key":"SMITH"},{"data":"Zap","floor":8,"key":"SMITH"},{"floor":15,"key":"REST"},{"floor":23,"key":"REST"}],"neow_cost":"NO_GOLD","seed_source_timestamp":49281653636327,"circlet_count":0,"master_deck":["AscendersBane","Strike_B","Strike_B","Strike_B","Strike_B","Defend_B","Defend_B","Defend_B","Defend_B","Zap+1","Dualcast","Core Surge","Streamline+1","Doom and Gloom+1","Cold Snap","Reboot+1","Coolheaded+1","Redo+1","Rebound","Biased Cognition","Blizzard"],"relics":["Cracked Core","Toxic Egg 2","Torii","Shovel","Tiny Chest","Velvet Choker","ClockworkSouvenir","Happy Flower"],"potions_floor_usage":[7,13,13],"damage_taken":[{"damage":0,"enemies":"Small Slimes","floor":1,"turns":2},{"damage":0,"enemies":"Cultist","floor":2,"turns":3},{"damage":1,"enemies":"2 Louse","floor":4,"turns":2},{"damage":8,"enemies":"Gremlin Nob","floor":7,"turns":3},{"damage":28,"enemies":"Lagavulin","floor":10,"turns":5},{"damage":4,"enemies":"Gremlin Gang","floor":11,"turns":3},{"damage":1,"enemies":"Gremlin Nob","floor":13,"turns":3},{"damage":30,"enemies":"The Guardian","floor":16,"turns":9},{"damage":34,"enemies":"2 Thieves","floor":18,"turns":3},{"damage":20,"enemies":"3 Byrds","floor":21,"turns":4},{"damage":40,"enemies":"Gremlin Leader","floor":24,"turns":5}],"seed_played":"-6855380713671018482","potions_obtained":[{"floor":2,"key":"EssenceOfSteel"},{"floor":3,"key":"AttackPotion"},{"floor":7,"key":"EssenceOfSteel"},{"floor":10,"key":"Swift Potion"},{"floor":16,"key":"Energy Potion"}],"is_trial":false,"path_per_floor":["M","M","?","M","$","R","E","R","T","E","M","?","E","?","R","B",null,"M","?","$","M","?","R","E"],"character_chosen":"DEFECT","items_purchased":["ClockworkSouvenir"],"campfire_rested":2,"item_purchase_floors":[20],"current_hp_per_floor":[64,64,64,63,63,63,55,55,55,27,23,23,22,27,49,19,62,28,28,28,8,8,30,0],"gold":19,"neow_bonus":"THREE_RARE_CARDS","is_prod":false,"is_daily":false,"chose_seed":false,"campfire_upgraded":2,"win_rate":0,"timestamp":1558978894,"path_taken":["M","M","?","M","$","R","E","R","T","E","?","?","E","?","R","BOSS","M","?","$","?","?","R","E"],"build_version":"2019-01-23","purchased_purges":0,"victory":false,"max_hp_per_floor":[71,71,71,71,71,71,71,71,71,71,71,71,71,76,76,76,76,76,76,76,76,76,76,76],"card_choices":[{"not_picked":["Multi-Cast","Seek"],"picked":"Core Surge","floor":0},{"not_picked":["Hologram","Gash"],"picked":"Streamline","floor":1},{"not_picked":["Stack","Go for the Eyes"],"picked":"Doom and Gloom","floor":2},{"not_picked":["Barrage","Redo"],"picked":"Cold Snap","floor":4},{"not_picked":["Cold Snap","Heatsinks"],"picked":"Reboot","floor":7},{"not_picked":["Rainbow+1","Reprogram+1"],"picked":"Coolheaded+1","floor":10},{"not_picked":["Go for the Eyes","Double Energy+1"],"picked":"Redo+1","floor":11},{"not_picked":["Streamline","Tempest+1"],"picked":"Rebound","floor":13},{"not_picked":["Machine Learning","Multi-Cast+1"],"picked":"Biased Cognition","floor":16},{"not_picked":["FTL","Compile Driver"],"picked":"Blizzard","floor":18},{"not_picked":["Compile Driver","Ball Lightning","Turbo+1"],"picked":"SKIP","floor":21}],"player_experience":1053773,"relics_obtained":[{"floor":7,"key":"Toxic Egg 2"},{"floor":9,"key":"Torii"},{"floor":10,"key":"Shovel"},{"floor":13,"key":"Tiny Chest"}],"event_choices":[{"damage_healed":0,"gold_gain":0,"player_choice":"Got Potions","damage_taken":0,"max_hp_gain":0,"max_hp_loss":0,"event_name":"Lab","floor":3,"gold_loss":0},{"damage_healed":0,"gold_gain":0,"player_choice":"Left Gold","damage_taken":0,"max_hp_gain":0,"max_hp_loss":0,"event_name":"World of Goop","floor":12,"gold_loss":67},{"damage_healed":0,"gold_gain":0,"player_choice":"Donut","damage_taken":0,"max_hp_gain":5,"max_hp_loss":0,"event_name":"Big Fish","floor":14,"gold_loss":0},{"damage_healed":0,"gold_gain":0,"player_choice":"Upgraded","damage_taken":0,"max_hp_gain":0,"max_hp_loss":0,"event_name":"Upgrade Shrine","floor":19,"gold_loss":0,"cards_upgraded":["Doom and Gloom"]},{"damage_healed":0,"gold_gain":0,"player_choice":"Gave Potion","damage_taken":0,"relics_obtained":["Happy Flower"],"max_hp_gain":0,"max_hp_loss":0,"event_name":"WeMeetAgain","floor":22,"gold_loss":0}],"is_beta":false,"boss_relics":[{"not_picked":["Busted Crown","Lizard Tail"],"picked":"Velvet Choker"}],"items_purged_floors":[],"is_endless":false,"potions_floor_spawned":[2,7,10,11,16],"killed_by":"Gremlin Leader","ascension_level":18}