{"gold_per_floor":[112,112,112,130,150,150,166,180,233,249,249,282,9,24,24,98,98,112,33,51,0,24,24],"floor_reached":23,"playtime":1831,"items_purged":["Strike_G"],"score":318,"play_id":"c1d5f4d1-e43b-4077-bf71-aa2832deb884","local_time":"20190311210014","is_ascension_mode":true,"campfire_choices":[{"data":"Neutralize","floor":6,"key":"SMITH"},{"data":"Crippling Poison","floor":11,"key":"SMITH"},{"data":"Predator","floor":15,"key":"SMITH"}],"neow_cost":"NONE","seed_source_timestamp":488658569655600,"circlet_count":0,"master_deck":["AscendersBane","Defend_G","Defend_G","Defend_G","Defend_G","Defend_G","Strike_G","Strike_G","Survivor","Neutralize+1","Backflip","Crippling Poison+1","Dagger Spray","Endless Agony","Predator+1","Acrobatics","Blur","Infinite Blades","Phantasmal Killer","Quick Slash","Footwork","Terror"],"relics":["Ring of the Snake","Happy Flower","Tiny Chest","Snake Skull","TwistedFunnel","Empty Cage","Regal Pillow"],"potions_floor_usage":[4,7,7,12,16,23],"damage_taken":[{"damage":0,"enemies":"Small Slimes","floor":1,"turns":5},{"damage":0,"enemies":"2 Louse","floor":4,"turns":3},{"damage":0,"enemies":"Cultist","floor":5,"turns":4},{"damage":0,"enemies":"Lots of Slimes","floor":7,"turns":2},{"damage":10,"enemies":"Red Slaver","floor":8,"turns":6},{"damage":13,"enemies":"Exordium Thugs","floor":10,"turns":5},{"damage":21,"enemies":"Gremlin Nob","floor":12,"turns":4},{"damage":4,"enemies":"2 Fungi Beasts","floor":14,"turns":2},{"damage":9,"enemies":"Hexaghost","floor":16,"turns":8},{"damage":13,"enemies":"Shell Parasite","floor":18,"turns":6},{"damage":3,"enemies":"3 Byrds","floor":20,"turns":4},{"damage":50,"enemies":"Gremlin Leader","floor":23,"turns":7}],"seed_played":"-7592603099895126733","potions_obtained":[{"floor":3,"key":"Swift Potion"},{"floor":3,"key":"Regen Potion"},{"floor":5,"key":"Fire Potion"},{"floor":8,"key":"PowerPotion"},{"floor":10,"key":"SkillPotion"},{"floor":18,"key":"SteroidPotion"}],"is_trial":false,"path_per_floor":["M","?","?","M","M","R","M","M","T","M","R","E","$","M","R","B",null,"M","$","M","$","T","E"],"character_chosen":"THE_SILENT","items_purchased":["TwistedFunnel","Footwork","Energy Potion"],"campfire_rested":0,"item_purchase_floors":[13,19,21],"current_hp_per_floor":[70,67,67,76,76,76,76,66,66,53,53,32,32,28,28,19,63,50,50,47,47,47,0],"gold":24,"neow_bonus":"TEN_PERCENT_HP_BONUS","is_prod":false,"is_daily":false,"chose_seed":false,"campfire_upgraded":3,"win_rate":0,"timestamp":1552334414,"path_taken":["M","?","?","M","M","R","M","?","T","M","R","E","$","M","R","BOSS","M","?","?","$","?","E"],"build_version":"2019-01-23","purchased_purges":1,"victory":false,"max_hp_per_floor":[77,77,77,77,77,77,77,77,77,77,77,77,77,77,77,77,77,77,77,77,77,77,77],"card_choices":[{"not_picked":["Underhanded Strike","Caltrops"],"picked":"Backflip","floor":1},{"not_picked":["Well Laid Plans","Backflip"],"picked":"Crippling Poison","floor":4},{"not_picked":["Outmaneuver","Bane"],"picked":"Dagger Spray","floor":5},{"not_picked":["Deadly Poison","Sucker Punch"],"picked":"Endless Agony","floor":7},{"not_picked":["PiercingWail","Sucker Punch"],"picked":"Predator","floor":8},{"not_picked":["Deadly Poison","Storm of Steel"],"picked":"Acrobatics","floor":10},{"not_picked":["Backflip","Flying Knee"],"picked":"Blur","floor":12},{"not_picked":["Acrobatics","Underhanded Strike"],"picked":"Infinite Blades","floor":14},{"not_picked":["Tools of the Trade","Die Die Die"],"picked":"Phantasmal Killer","floor":16},{"not_picked":["Cloak And Dagger","Expertise"],"picked":"Quick Slash","floor":18},{"not_picked":["Reflex","Sucker Punch"],"picked":"Terror","floor":20}],"player_experience":977027,"relics_obtained":[{"floor":9,"key":"Tiny Chest"},{"floor":12,"key":"Snake Skull"},{"floor":22,"key":"Regal Pillow"}],"event_choices":[{"damage_healed":0,"gold_gain":0,"player_choice":"Success","damage_taken":3,"relics_obtained":["Happy Flower"],"max_hp_gain":0,"max_hp_loss":0,"event_name":"Scrap Ooze","floor":2,"gold_loss":0},{"damage_healed":0,"gold_gain":0,"player_choice":"Got Potions","damage_taken":0,"max_hp_gain":0,"max_hp_loss":0,"event_name":"Lab","floor":3,"gold_loss":0}],"is_beta":false,"boss_relics":[{"not_picked":["Coffee Dripper","Astrolabe"],"picked":"Empty Cage"}],"items_purged_floors":[13],"is_endless":false,"potions_floor_spawned":[5,8,10,18],"killed_by":"Gremlin Leader","ascension_level":13}