{"gold_per_floor":[361,361,378,390,43,43,43,57,57,57,92,105,105,126,126,219,219,174,187,7,7,22,22,22,66,66,66,91,91,116,129,129,129],"floor_reached":33,"playtime":1389,"items_purged":["Strike_R","Strike_R"],"score":523,"play_id":"d645aad0-40c3-4778-98b0-e530ce7e6181","local_time":"20190701112927","is_ascension_mode":true,"campfire_choices":[{"data":"Apotheosis","floor":6,"key":"SMITH"},{"data":"Seeing Red","floor":10,"key":"SMITH"},{"data":"Bludgeon","floor":13,"key":"SMITH"},{"data":"Whirlwind","floor":15,"key":"SMITH"},{"floor":23,"key":"REST"},{"floor":27,"key":"REST"},{"floor":29,"key":"REST"},{"floor":32,"key":"REST"}],"neow_cost":"PERCENT_DAMAGE","seed_source_timestamp":1163096788311000,"circlet_count":0,"master_deck":["AscendersBane","Strike_R+1","Strike_R+1","Defend_R+1","Defend_R+1","Defend_R+1","Defend_R+1","Bash","Seeing Red+1","Bludgeon+1","Disarm","Rage","Apotheosis+1","Anger","Injury","Feel No Pain","True Grit","Whirlwind+1","Rage","Feed","Headbutt","Anger","Exhume","Uppercut+1","True Grit+1","Injury","Limit Break","Spot Weakness","Headbutt+1"],"relics":["Burning Blood","Golden Idol","Strawberry","Bottled Flame","Cursed Key","Sundial","Molten Egg 2"],"potions_floor_usage":[8,18,25,28,33],"damage_taken":[{"damage":8,"enemies":"Small Slimes","floor":1,"turns":3},{"damage":7,"enemies":"Jaw Worm","floor":3,"turns":3},{"damage":1,"enemies":"2 Louse","floor":4,"turns":3},{"damage":4,"enemies":"Blue Slaver","floor":8,"turns":4},{"damage":7,"enemies":"3 Sentries","floor":11,"turns":8},{"damage":27,"enemies":"Lots of Slimes","floor":12,"turns":6},{"damage":0,"enemies":"2 Fungi Beasts","floor":14,"turns":2},{"damage":18,"enemies":"The Guardian","floor":16,"turns":11},{"damage":17,"enemies":"2 Thieves","floor":18,"turns":5},{"damage":18,"enemies":"3 Byrds","floor":19,"turns":6},{"damage":18,"enemies":"Shelled Parasite and Fungi","floor":22,"turns":7},{"damage":46,"enemies":"Book of Stabbing","floor":25,"turns":6},{"damage":0,"enemies":"3 Cultists","floor":28,"turns":4},{"damage":35,"enemies":"Sentry and Sphere","floor":30,"turns":6},{"damage":14,"enemies":"Cultist and Chosen","floor":31,"turns":6},{"damage":90,"enemies":"Collector","floor":33,"turns":6}],"seed_played":"-8689306213416291355","potions_obtained":[{"floor":1,"key":"EssenceOfSteel"},{"floor":16,"key":"Block Potion"},{"floor":22,"key":"Swift Potion"},{"floor":25,"key":"EssenceOfSteel"},{"floor":31,"key":"SpeedPotion"}],"is_trial":false,"path_per_floor":["M","?","M","M","$","R","?","M","T","R","E","M","R","M","R","B",null,"M","M","$","?","M","R","?","E","T","R","M","R","M","M","R","B"],"character_chosen":"IRONCLAD","items_purchased":["Apotheosis","Anger","Exhume"],"campfire_rested":4,"item_purchase_floors":[5,5,20],"current_hp_per_floor":[48,48,47,52,52,52,52,54,61,61,60,39,39,45,45,33,70,62,54,54,54,42,68,60,20,20,46,55,82,57,49,77,0],"gold":129,"neow_bonus":"TWO_FIFTY_GOLD","is_prod":false,"is_daily":false,"chose_seed":false,"campfire_upgraded":4,"win_rate":0,"timestamp":1561973367,"path_taken":["M","?","M","M","$","R","?","?","T","R","E","M","R","M","R","BOSS","M","M","$","?","M","R","?","E","T","R","M","R","M","M","R","BOSS"],"build_version":"2019-01-23","purchased_purges":2,"victory":false,"max_hp_per_floor":[75,75,75,75,75,75,75,75,82,82,82,82,82,82,82,82,82,85,89,89,89,89,89,89,89,89,89,92,92,96,96,96,96],"card_choices":[{"not_picked":["Armaments","Sever Soul"],"picked":"Seeing Red","floor":1},{"not_picked":["Pummel","Sword Boomerang"],"picked":"Disarm","floor":3},{"not_picked":["Reckless Charge","Clash"],"picked":"Rage","floor":4},{"not_picked":["Clothesline","Armaments"],"picked":"Feel No Pain","floor":8},{"not_picked":["Sword Boomerang","Bloodletting"],"picked":"True Grit","floor":11},{"not_picked":["Warcry","Thunderclap"],"picked":"Whirlwind","floor":12},{"not_picked":["Entrench","Corruption"],"picked":"Rage","floor":14},{"not_picked":["Brutality","Berserk"],"picked":"Feed","floor":16},{"not_picked":["Fire Breathing","Disarm"],"picked":"Headbutt","floor":18},{"not_picked":["Sword Boomerang+1","Twin Strike"],"picked":"Anger","floor":19},{"not_picked":["Iron Wave","Perfected Strike+1"],"picked":"Uppercut+1","floor":22},{"not_picked":["Rupture","Body Slam"],"picked":"True Grit+1","floor":25},{"not_picked":["Shrug It Off","Disarm+1"],"picked":"Limit Break","floor":28},{"not_picked":["Pummel+1","Warcry"],"picked":"Spot Weakness","floor":30},{"not_picked":["Clothesline+1","Spot Weakness"],"picked":"Headbutt+1","floor":31}],"player_experience":1543045,"relics_obtained":[{"floor":9,"key":"Strawberry"},{"floor":11,"key":"Bottled Flame"},{"floor":25,"key":"Sundial"},{"floor":26,"key":"Molten Egg 2"}],"event_choices":[{"damage_healed":0,"gold_gain":0,"cards_transformed":["Strike_R"],"player_choice":"Change","damage_taken":0,"max_hp_gain":0,"max_hp_loss":0,"event_name":"Living Wall","floor":2,"gold_loss":0,"cards_obtained":["Bludgeon"]},{"damage_healed":0,"gold_gain":0,"player_choice":"Take Wound","damage_taken":0,"relics_obtained":["Golden Idol"],"max_hp_gain":0,"max_hp_loss":0,"event_name":"Golden Idol","floor":7,"gold_loss":0,"cards_obtained":["Injury"]},{"damage_healed":0,"gold_gain":0,"player_choice":"Simplicity","damage_taken":0,"max_hp_gain":0,"max_hp_loss":0,"event_name":"Back to Basics","floor":21,"gold_loss":0,"cards_upgraded":["Strike_R","Strike_R","Defend_R","Defend_R","Defend_R","Defend_R"]},{"damage_healed":0,"gold_gain":0,"player_choice":"","damage_taken":8,"max_hp_gain":0,"max_hp_loss":0,"event_name":"Knowing Skull","floor":24,"potions_obtained":[],"gold_loss":0,"cards_obtained":[]}],"is_beta":false,"boss_relics":[{"not_picked":["Runic Pyramid","Velvet Choker"],"picked":"Cursed Key"}],"items_purged_floors":[5,20],"is_endless":false,"potions_floor_spawned":[1,16,22,25,31],"killed_by":"Collector","ascension_level":17}