{"gold_per_floor":[113,128,53,53,72,72,105,119,119,149,149,149,179,27,27,99,99,110,110,110,129,148,148,176,176,176,186,201,76,76,110,110,184,184,198,48,67,79,79,107,107,121,148,148,148,165,165,196,196,196],"floor_reached":50,"playtime":3498,"items_purged":["Strike_R","Strike_R","Strike_R"],"score":1391,"play_id":"6c65c46b-1ef4-492d-b6ed-8f0e10d038e0","local_time":"20190708215615","is_ascension_mode":true,"campfire_choices":[{"data":"Combust","floor":6,"key":"SMITH"},{"data":"Heavy Blade","floor":12,"key":"SMITH"},{"data":"Demon Form","floor":15,"key":"SMITH"},{"floor":23,"key":"REST"},{"floor":25,"key":"REST"},{"data":"Armaments","floor":32,"key":"SMITH"},{"data":"Bludgeon","floor":44,"key":"SMITH"},{"data":"Battle Trance","floor":47,"key":"SMITH"},{"floor":49,"key":"REST"}],"neow_cost":"NONE","seed_source_timestamp":958561554189776,"circlet_count":0,"master_deck":["AscendersBane","Strike_R+1","Defend_R","Defend_R","Defend_R","Defend_R","Bash+1","Battle Trance+1","Combust+1","Heavy Blade+1","True Grit","Cleave","Evolve","Demon Form+1","Twin Strike","Shrug It Off","Fiend Fire","Armaments+1","Pummel","Intimidate","Feed","Flame Barrier","Feel No Pain","Intimidate+1","Second Wind","Cleave+1","Exhume","Pommel Strike+1","Bludgeon+1","Burning Pact","Shrug It Off+1","Limit Break+1","Carnage+1","Writhe","Spot Weakness+1","Thunderclap+1"],"relics":["Burning Blood","Red Skull","Prayer Wheel","Nunchaku","FossilizedHelix","Whetstone","White Beast Statue","Letter Opener","Ancient Tea Set","Anchor","Snecko Eye","Blood Vial","Bag of Preparation","Regal Pillow"],"potions_floor_usage":[8,10,16,22,22,24,24,27,31,31,33,50,50,50,50],"damage_taken":[{"damage":14,"enemies":"Jaw Worm","floor":1,"turns":3},{"damage":0,"enemies":"2 Louse","floor":2,"turns":3},{"damage":18,"enemies":"Small Slimes","floor":5,"turns":4},{"damage":34,"enemies":"3 Sentries","floor":7,"turns":6},{"damage":8,"enemies":"Gremlin Gang","floor":8,"turns":4},{"damage":11,"enemies":"Gremlin Nob","floor":10,"turns":3},{"damage":16,"enemies":"3 Sentries","floor":13,"turns":6},{"damage":0,"enemies":"Hexaghost","floor":16,"turns":7},{"damage":16,"enemies":"Spheric Guardian","floor":18,"turns":5},{"damage":40,"enemies":"2 Thieves","floor":21,"turns":4},{"damage":17,"enemies":"Snake Plant","floor":22,"turns":4},{"damage":22,"enemies":"Gremlin Leader","floor":24,"turns":7},{"damage":7,"enemies":"Sentry and Sphere","floor":27,"turns":4},{"damage":15,"enemies":"Centurion and Healer","floor":28,"turns":9},{"damage":15,"enemies":"Book of Stabbing","floor":31,"turns":3},{"damage":0,"enemies":"Champ","floor":33,"turns":8},{"damage":4,"enemies":"Orb Walker","floor":35,"turns":5},{"damage":0,"enemies":"3 Shapes","floor":37,"turns":3},{"damage":42,"enemies":"3 Darklings","floor":38,"turns":7},{"damage":15,"enemies":"Reptomancer","floor":40,"turns":5},{"damage":17,"enemies":"Maw","floor":42,"turns":6},{"damage":0,"enemies":"4 Shapes","floor":46,"turns":4},{"damage":21,"enemies":"Giant Head","floor":48,"turns":5},{"damage":116,"enemies":"Awakened One","floor":50,"turns":8}],"seed_played":"1145451469423678841","potions_obtained":[{"floor":5,"key":"SteroidPotion"},{"floor":7,"key":"BloodPotion"},{"floor":13,"key":"Swift Potion"},{"floor":18,"key":"Weak Potion"},{"floor":21,"key":"SkillPotion"},{"floor":22,"key":"EntropicBrew"},{"floor":24,"key":"SkillPotion"},{"floor":27,"key":"SteroidPotion"},{"floor":31,"key":"GamblersBrew"},{"floor":33,"key":"Poison Potion"},{"floor":35,"key":"LiquidBronze"},{"floor":37,"key":"PowerPotion"},{"floor":38,"key":"SpeedPotion"},{"floor":40,"key":"EntropicBrew"},{"floor":46,"key":"SkillPotion"}],"is_trial":false,"path_per_floor":["M","M","$","?","M","R","E","M","T","E","?","R","E","$","R","B",null,"M","$","?","M","M","R","E","R","T","M","M","$","?","E","R","B",null,"M","$","M","M","$","E","?","M","T","R","?","M","R","E","R","B"],"character_chosen":"IRONCLAD","items_purchased":["Shrug It Off","Bludgeon"],"campfire_rested":3,"item_purchase_floors":[14,36],"current_hp_per_floor":[60,66,66,59,47,47,19,17,17,30,30,30,20,20,20,26,63,53,53,53,22,11,34,18,41,41,43,34,34,34,25,25,31,69,71,71,81,48,48,39,39,30,30,30,48,59,59,46,88,0],"gold":196,"neow_bonus":"RANDOM_COMMON_RELIC","is_prod":false,"is_daily":false,"chose_seed":false,"campfire_upgraded":6,"win_rate":0,"timestamp":1562619375,"path_taken":["M","M","$","?","M","R","E","M","T","E","?","R","E","$","R","BOSS","M","$","?","M","?","R","E","R","T","M","M","$","?","E","R","BOSS","M","$","M","M","$","E","?","?","T","R","?","M","R","E","R","BOSS"],"build_version":"2019-07-05","purchased_purges":3,"victory":false,"max_hp_per_floor":[75,75,75,75,75,75,75,75,75,75,75,75,75,75,75,75,75,75,75,75,78,78,78,78,78,78,81,81,81,81,81,81,81,81,81,81,85,88,88,88,88,88,88,88,88,91,91,91,91,91],"card_choices":[{"not_picked":["Twin Strike","Flex"],"picked":"Battle Trance","floor":1},{"not_picked":["Pummel","Havoc"],"picked":"Combust","floor":2},{"not_picked":["Clothesline","Wild Strike"],"picked":"Heavy Blade","floor":5},{"not_picked":["Thunderclap","Pommel Strike"],"picked":"True Grit","floor":7},{"not_picked":["Flex","Thunderclap"],"picked":"Cleave","floor":8},{"not_picked":["Dropkick","Cleave"],"picked":"Evolve","floor":8},{"not_picked":["Shrug It Off","Thunderclap"],"picked":"Demon Form","floor":10},{"not_picked":["Hemokinesis","Shrug It Off"],"picked":"Twin Strike","floor":13},{"not_picked":["Bludgeon","Brutality"],"picked":"Fiend Fire","floor":16},{"not_picked":["Headbutt+1","Cleave"],"picked":"Armaments","floor":18},{"not_picked":["Combust+1","Sentinel"],"picked":"Pummel","floor":18},{"not_picked":["Iron Wave","Fire Breathing"],"picked":"Flame Barrier","floor":21},{"not_picked":["Bludgeon","Clothesline","Dual Wield"],"picked":"SKIP","floor":21},{"not_picked":["Heavy Blade","Evolve"],"picked":"Feel No Pain","floor":22},{"not_picked":["Sentinel","Warcry","Sever Soul"],"picked":"SKIP","floor":22},{"not_picked":["Rampage","Warcry"],"picked":"Intimidate+1","floor":24},{"not_picked":["Flame Barrier","True Grit","Anger"],"picked":"SKIP","floor":27},{"not_picked":["Body Slam","Shrug It Off","Hemokinesis"],"picked":"SKIP","floor":27},{"not_picked":["Warcry","Searing Blow"],"picked":"Second Wind","floor":28},{"not_picked":["Body Slam","Flex","Warcry"],"picked":"SKIP","floor":28},{"not_picked":["Clothesline","Pommel Strike"],"picked":"Cleave+1","floor":31},{"not_picked":["Immolate","Brutality"],"picked":"Exhume","floor":33},{"not_picked":["Armaments","Intimidate"],"picked":"Pommel Strike+1","floor":35},{"not_picked":["Infernal Blade","Bloodletting","Blood for Blood"],"picked":"SKIP","floor":35},{"not_picked":["Havoc","Sentinel"],"picked":"Burning Pact","floor":37},{"not_picked":["Wild Strike","Rampage+1","Havoc+1"],"picked":"SKIP","floor":37},{"not_picked":["Corruption","Cleave"],"picked":"Shrug It Off+1","floor":38},{"not_picked":["Corruption+1","Carnage","Rupture"],"picked":"SKIP","floor":38},{"not_picked":["Clash","Combust"],"picked":"Limit Break","floor":40},{"not_picked":["Feel No Pain+1","Second Wind+1"],"picked":"Carnage+1","floor":42},{"not_picked":["Heavy Blade","Headbutt+1","Warcry"],"picked":"SKIP","floor":42},{"not_picked":["Wild Strike","Power Through"],"picked":"Spot Weakness+1","floor":46},{"not_picked":["Anger","True Grit","Shrug It Off+1"],"picked":"SKIP","floor":46},{"not_picked":["Armaments","Cleave"],"picked":"Thunderclap+1","floor":48}],"player_experience":1149204,"relics_obtained":[{"floor":7,"key":"Prayer Wheel"},{"floor":9,"key":"Nunchaku"},{"floor":10,"key":"FossilizedHelix"},{"floor":13,"key":"Whetstone"},{"floor":24,"key":"Letter Opener"},{"floor":26,"key":"Ancient Tea Set"},{"floor":31,"key":"Anchor"},{"floor":40,"key":"Blood Vial"},{"floor":43,"key":"Bag of Preparation"},{"floor":48,"key":"Regal Pillow"}],"event_choices":[{"cards_removed":["Strike_R"],"damage_healed":0,"gold_gain":0,"player_choice":"Card Removal","damage_taken":7,"max_hp_gain":0,"max_hp_loss":0,"event_name":"Golden Wing","floor":4,"gold_loss":0},{"damage_healed":0,"gold_gain":0,"player_choice":"Ignored","damage_taken":0,"max_hp_gain":0,"max_hp_loss":0,"event_name":"Golden Idol","floor":11,"gold_loss":0},{"damage_healed":0,"gold_gain":0,"player_choice":"2 cards matched","damage_taken":0,"max_hp_gain":0,"max_hp_loss":0,"event_name":"Match and Keep!","floor":20,"gold_loss":0,"cards_obtained":["Intimidate","Feed"]},{"damage_healed":0,"gold_gain":0,"player_choice":"Forge","damage_taken":0,"max_hp_gain":0,"max_hp_loss":0,"event_name":"Accursed Blacksmith","floor":41,"gold_loss":0,"cards_upgraded":["Limit Break"]},{"damage_healed":18,"gold_gain":0,"player_choice":"Writhe","damage_taken":0,"max_hp_gain":0,"max_hp_loss":0,"event_name":"Winding Halls","floor":45,"gold_loss":0,"cards_obtained":["Writhe"]}],"is_beta":false,"boss_relics":[{"not_picked":["Lizard Tail","Black Blood"],"picked":"White Beast Statue"},{"not_picked":["Empty Cage","Runic Cube"],"picked":"Snecko Eye"}],"items_purged_floors":[3,14,29],"is_endless":false,"potions_floor_spawned":[5,7,13,18,21,22,24,27,28,31,33,35,37,38,40,42,46,48],"killed_by":"Awakened One","ascension_level":20}