{"gold_per_floor":[113,38,56,56,66,66,101,101,128,149,165,165,165],"floor_reached":13,"playtime":459,"items_purged":[],"score":153,"play_id":"c8f873fc-efac-4655-bcd5-b423dc7b614d","local_time":"20190520052428","is_ascension_mode":true,"campfire_choices":[{"data":"Bash","floor":6,"key":"SMITH"},{"data":"Armaments","floor":12,"key":"SMITH"}],"neow_cost":"PERCENT_DAMAGE","seed_source_timestamp":540828494091199,"circlet_count":0,"master_deck":["AscendersBane","Strike_R","Strike_R","Strike_R","Strike_R","Defend_R","Defend_R","Defend_R+1","Defend_R","Bash+1","Violence+1","Finesse","True Grit","Shrug It Off","Flame Barrier","Whirlwind","Injury","Armaments+1","True Grit"],"relics":["Burning Blood","Bronze Scales","Golden Idol","Bag of Preparation"],"potions_floor_usage":[7,7],"damage_taken":[{"damage":6,"enemies":"Cultist","floor":1,"turns":3},{"damage":0,"enemies":"Small Slimes","floor":3,"turns":3},{"damage":0,"enemies":"2 Louse","floor":5,"turns":3},{"damage":30,"enemies":"Lagavulin","floor":7,"turns":9},{"damage":0,"enemies":"Exordium Wildlife","floor":10,"turns":6},{"damage":1,"enemies":"Red Slaver","floor":11,"turns":5},{"damage":31,"enemies":"Exordium Thugs","floor":13,"turns":8}],"seed_played":"-4765805105082336528","potions_obtained":[{"floor":3,"key":"PowerPotion"},{"floor":5,"key":"Fire Potion"}],"is_trial":false,"path_per_floor":["M","?","M","?","M","R","E","?","T","M","M","R","M"],"character_chosen":"IRONCLAD","items_purchased":[],"campfire_rested":0,"item_purchase_floors":[],"current_hp_per_floor":[50,50,56,33,39,39,15,15,15,21,26,26,0],"gold":165,"neow_bonus":"RANDOM_COLORLESS_2","is_prod":false,"is_daily":false,"chose_seed":false,"campfire_upgraded":2,"win_rate":0,"timestamp":1558322668,"path_taken":["M","?","M","?","M","R","E","?","T","?","M","R","M"],"build_version":"2019-01-23","purchased_purges":0,"victory":false,"max_hp_per_floor":[75,75,75,75,75,75,75,75,75,75,75,75,75],"card_choices":[{"not_picked":["Blood for Blood","Twin Strike"],"picked":"True Grit","floor":1},{"not_picked":["Warcry","Fire Breathing"],"picked":"Shrug It Off","floor":3},{"not_picked":["Carnage","Iron Wave"],"picked":"Flame Barrier","floor":5},{"not_picked":["Inflame","Barricade"],"picked":"Whirlwind","floor":7},{"not_picked":["Reckless Charge","Shrug It Off"],"picked":"Armaments","floor":10},{"not_picked":["Blood for Blood","Combust"],"picked":"True Grit","floor":11}],"player_experience":1174865,"relics_obtained":[{"floor":7,"key":"Bronze Scales"},{"floor":9,"key":"Bag of Preparation"}],"event_choices":[{"cards_removed":["Strike_R"],"damage_healed":0,"gold_gain":0,"player_choice":"Card Removal","damage_taken":0,"max_hp_gain":0,"max_hp_loss":0,"event_name":"The Cleric","floor":2,"gold_loss":75},{"damage_healed":0,"gold_gain":0,"player_choice":"Entered Light","damage_taken":23,"max_hp_gain":0,"max_hp_loss":0,"event_name":"Shining Light","floor":4,"gold_loss":0,"cards_upgraded":["Violence","Defend_R"]},{"damage_healed":0,"gold_gain":0,"player_choice":"Take Wound","damage_taken":0,"relics_obtained":["Golden Idol"],"max_hp_gain":0,"max_hp_loss":0,"event_name":"Golden Idol","floor":8,"gold_loss":0,"cards_obtained":["Injury"]}],"is_beta":false,"boss_relics":[],"items_purged_floors":[],"is_endless":false,"potions_floor_spawned":[3,5],"killed_by":"Exordium Thugs","ascension_level":16}