{"gold_per_floor":[15,28,51,68,79,112,123,123,171,171,188,188,202,22,22,93,93,103,116,132,132,32,32],"floor_reached":23,"playtime":1239,"items_purged":["Strike_R","Decay"],"score":466,"play_id":"36a0216d-e51c-4fae-8a92-80993d14ef5b","local_time":"20190808152758","is_ascension_mode":true,"campfire_choices":[{"data":"Barricade","floor":8,"key":"SMITH"},{"data":"Flame Barrier","floor":12,"key":"SMITH"},{"data":"Jack Of All Trades","floor":15,"key":"SMITH"}],"neow_cost":"NO_GOLD","seed_source_timestamp":512351030194300,"circlet_count":0,"master_deck":["AscendersBane","Strike_R","Strike_R","Strike_R","Strike_R","Defend_R","Defend_R+1","Defend_R","Defend_R+1","Bash","Feel No Pain+1","Flame Barrier+1","Heavy Blade","Anger","Barricade+1","Pommel Strike","Shrug It Off","Warcry","Jack Of All Trades+1","Fiend Fire","Anger+1","Inflame","Flex"],"special_seed":0,"relics":["Burning Blood","PreservedInsect","Girya","War Paint","Black Star"],"potions_floor_usage":[6,16,16,23],"damage_taken":[{"damage":6.0,"enemies":"Cultist","floor":1.0,"turns":3.0},{"damage":13.0,"enemies":"Jaw Worm","floor":2.0,"turns":5.0},{"damage":2.0,"enemies":"Small Slimes","floor":4.0,"turns":6.0},{"damage":17.0,"enemies":"Exordium Wildlife","floor":5.0,"turns":5.0},{"damage":3,"enemies":"Gremlin Nob","floor":6,"turns":3},{"damage":4,"enemies":"2 Fungi Beasts","floor":7,"turns":5},{"damage":37,"enemies":"Gremlin Gang","floor":11,"turns":6},{"damage":14,"enemies":"Lots of Slimes","floor":13,"turns":5},{"damage":0,"enemies":"Hexaghost","floor":16,"turns":12},{"damage":12,"enemies":"Shell Parasite","floor":18,"turns":9},{"damage":14,"enemies":"3 Byrds","floor":19,"turns":5},{"damage":21,"enemies":"Snecko","floor":20,"turns":8},{"damage":48,"enemies":"Book of Stabbing","floor":23,"turns":6}],"seed_played":"4189887149415237687","potions_obtained":[{"floor":1.0,"key":"SkillPotion"},{"floor":6,"key":"Strength Potion"},{"floor":11,"key":"EssenceOfSteel"},{"floor":19,"key":"Dexterity Potion"}],"is_trial":false,"path_per_floor":["M","M","T","M","M","E","M","R","T","?","M","R","M","$","R","B",null,"M","M","M","?","$","E"],"character_chosen":"IRONCLAD","items_purchased":["Jack Of All Trades"],"campfire_rested":0,"item_purchase_floors":[14],"current_hp_per_floor":[82,75,75,79,68,71,73,73,73,73,42,42,34,34,34,40,77,71,63,48,48,48,0],"gold":32,"neow_bonus":"TWENTY_PERCENT_HP_BONUS","is_prod":false,"is_daily":false,"chose_seed":false,"campfire_upgraded":3,"win_rate":0,"timestamp":1565270878,"path_taken":["M","M","?","?","M","E","M","R","T","?","?","R","M","$","R","BOSS","M","?","M","?","$","E"],"build_version":"2019-07-17","purchased_purges":2,"victory":false,"max_hp_per_floor":[89,89,89,89,89,89,89,89,89,89,89,89,89,89,89,89,89,89,89,89,89,89,89],"card_choices":[{"not_picked":["Evolve","Wild Strike"],"picked":"Feel No Pain","floor":1.0},{"not_picked":["Flex","Clash"],"picked":"Flame Barrier","floor":2.0},{"not_picked":["Cleave","Blood for Blood"],"picked":"Heavy Blade","floor":4.0},{"not_picked":["Clothesline","Flex"],"picked":"Anger","floor":5.0},{"not_picked":["Wild Strike","Entrench"],"picked":"Barricade","floor":6},{"not_picked":["Cleave","Hemokinesis"],"picked":"Pommel Strike","floor":7},{"not_picked":["Sever Soul","Clothesline"],"picked":"Shrug It Off","floor":11},{"not_picked":["Clothesline","Havoc"],"picked":"Warcry","floor":13},{"not_picked":["Exhume","Immolate"],"picked":"Fiend Fire","floor":16},{"not_picked":["Headbutt","Sever Soul"],"picked":"Anger+1","floor":18},{"not_picked":["Perfected Strike","Seeing Red"],"picked":"Inflame","floor":19},{"not_picked":["Iron Wave","Perfected Strike"],"picked":"Flex","floor":20}],"player_experience":1816950,"relics_obtained":[{"floor":3.0,"key":"PreservedInsect"},{"floor":6,"key":"Girya"},{"floor":9,"key":"War Paint"}],"event_choices":[{"damage_healed":0,"gold_gain":0,"player_choice":"Upgraded","damage_taken":0,"max_hp_gain":0,"max_hp_loss":0,"event_name":"Upgrade Shrine","floor":10,"gold_loss":0,"cards_upgraded":["Feel No Pain"]},{"damage_healed":0,"gold_gain":0,"player_choice":"Smashed Altar","damage_taken":0,"max_hp_gain":0,"max_hp_loss":0,"event_name":"Forgotten Altar","floor":21,"gold_loss":0,"cards_obtained":["Decay"]}],"is_beta":false,"boss_relics":[{"not_picked":["Fusion Hammer","Eternal Feather"],"picked":"Black Star"}],"items_purged_floors":[14,22],"is_endless":false,"potions_floor_spawned":[1,6,11,19],"killed_by":"Book of Stabbing","ascension_level":18}