{"gold_per_floor":[118,129,142,155,173,173,190,216,288,288,306,340,354,118,118,196,196,216,216,216,7,22,22],"floor_reached":23,"playtime":1109,"items_purged":["Strike_B","Decay"],"score":359,"play_id":"c608bb99-b1cc-4630-bd77-d7cbc6864003","local_time":"20190517021714","is_ascension_mode":true,"campfire_choices":[{"data":"Zap","floor":6,"key":"SMITH"},{"data":"Fission","floor":10,"key":"SMITH"},{"data":"Strike_B","floor":15,"key":"PURGE"}],"neow_cost":"NONE","seed_source_timestamp":269735264214600,"circlet_count":0,"master_deck":["AscendersBane","Defend_B","Defend_B","Defend_B","Defend_B","Zap+1","Dualcast","Coolheaded","Self Repair","Glacier","Streamline","Cold Snap","Fission+1","Consume","Genetic Algorithm","Static Discharge","Heatsinks","Echo Form","Buffer","Injury","Parasite","Fusion","RitualDagger","Amplify","Go for the Eyes","Loop","Conserve Battery","Melter","Ball Lightning"],"relics":["Cracked Core","Art of War","Letter Opener","Peace Pipe","Calling Bell","Blood Vial","The Courier","Shovel"],"potions_floor_usage":[8,11,23],"damage_taken":[{"damage":1,"enemies":"Cultist","floor":1,"turns":3},{"damage":11,"enemies":"Small Slimes","floor":2,"turns":3},{"damage":6,"enemies":"2 Louse","floor":3,"turns":3},{"damage":10,"enemies":"Large Slime","floor":4,"turns":11},{"damage":17,"enemies":"2 Fungi Beasts","floor":5,"turns":4},{"damage":5,"enemies":"Red Slaver","floor":7,"turns":4},{"damage":24,"enemies":"3 Sentries","floor":8,"turns":9},{"damage":3,"enemies":"3 Louse","floor":11,"turns":3},{"damage":21,"enemies":"Lagavulin","floor":12,"turns":8},{"damage":0,"enemies":"Looter","floor":13,"turns":3},{"damage":12,"enemies":"Slime Boss","floor":16,"turns":11},{"damage":28,"enemies":"Shell Parasite","floor":18,"turns":11},{"damage":33,"enemies":"Spheric Guardian","floor":22,"turns":6},{"damage":24,"enemies":"Book of Stabbing","floor":23,"turns":1}],"seed_played":"-5333498321798867795","potions_obtained":[{"floor":4,"key":"Ancient Potion"},{"floor":5,"key":"Strength Potion"},{"floor":8,"key":"Swift Potion"},{"floor":11,"key":"Dexterity Potion"}],"is_trial":false,"path_per_floor":["M","M","M","M","M","R","M","E","T","R","M","E","M","$","R","B",null,"M","?","?","$","M","E"],"character_chosen":"DEFECT","items_purchased":["Echo Form","Loop","Conserve Battery","Melter"],"campfire_rested":0,"item_purchase_floors":[14,21,21,21],"current_hp_per_floor":[70,59,60,57,47,47,49,32,32,32,36,22,29,29,29,24,65,46,40,40,40,16,0],"gold":22,"neow_bonus":"TEN_PERCENT_HP_BONUS","is_prod":false,"is_daily":false,"chose_seed":false,"campfire_upgraded":2,"win_rate":0,"timestamp":1558052234,"path_taken":["M","M","?","M","M","R","M","E","T","R","M","E","M","$","R","BOSS","M","?","?","$","M","E"],"build_version":"2019-01-23","purchased_purges":2,"victory":false,"max_hp_per_floor":[78,78,78,78,78,78,78,78,78,78,78,78,78,78,78,78,78,78,78,78,78,78,78],"card_choices":[{"not_picked":["Go for the Eyes","Barrage"],"picked":"Coolheaded","floor":1},{"not_picked":["Loop","Redo"],"picked":"Self Repair","floor":2},{"not_picked":["Lockon","Barrage"],"picked":"Glacier","floor":3},{"not_picked":["Heatsinks","Darkness"],"picked":"Streamline","floor":4},{"not_picked":["Coolheaded","FTL"],"picked":"Cold Snap","floor":5},{"not_picked":["Go for the Eyes","Capacitor"],"picked":"Fission","floor":7},{"not_picked":["Coolheaded","Turbo"],"picked":"Consume","floor":8},{"not_picked":["Coolheaded","Reinforced Body"],"picked":"Genetic Algorithm","floor":11},{"not_picked":["Stack","Reinforced Body"],"picked":"Static Discharge","floor":12},{"not_picked":["Beam Cell","Recycle"],"picked":"Heatsinks","floor":13},{"not_picked":["Core Surge","Biased Cognition"],"picked":"Buffer","floor":16},{"not_picked":["Steam Power","Compile Driver"],"picked":"Fusion","floor":18},{"not_picked":["Barrage","Amplify"],"picked":"Ball Lightning","floor":22}],"player_experience":1121722,"relics_obtained":[{"floor":8,"key":"Art of War"},{"floor":9,"key":"Letter Opener"},{"floor":12,"key":"Peace Pipe"},{"floor":17,"key":"Blood Vial"},{"floor":17,"key":"The Courier"},{"floor":17,"key":"Shovel"}],"event_choices":[{"damage_healed":0,"gold_gain":0,"player_choice":"Joined the Cult","damage_taken":6,"max_hp_gain":0,"max_hp_loss":0,"event_name":"Nest","floor":19,"gold_loss":0,"cards_obtained":["RitualDagger"]},{"damage_healed":0,"gold_gain":0,"cards_transformed":["Strike_B","Strike_B"],"player_choice":"Became Test Subject","damage_taken":0,"max_hp_gain":0,"max_hp_loss":0,"event_name":"Drug Dealer","floor":20,"gold_loss":0,"cards_obtained":["Amplify","Go for the Eyes"]}],"is_beta":false,"boss_relics":[{"not_picked":["White Beast Statue","Runic Dome"],"picked":"Calling Bell"}],"items_purged_floors":[14,21],"is_endless":false,"potions_floor_spawned":[4,5,7,8,11,16,18],"killed_by":"Book of Stabbing","ascension_level":15}