{"gold_per_floor":[111,111,111,111,130,130,149,149,149,168,168,21,21,96,108,120],"floor_reached":16,"playtime":757,"items_purged":["Strike_R"],"score":132,"play_id":"8600370a-4a32-4e37-9cdc-1655066be249","local_time":"20190917155850","is_ascension_mode":true,"campfire_choices":[{"data":"Cleave","floor":6.0,"key":"SMITH"},{"data":"Bash","floor":8.0,"key":"SMITH"},{"data":"Inflame","floor":13.0,"key":"SMITH"},{"data":"Heavy Blade","floor":15,"key":"SMITH"}],"neow_cost":"NONE","seed_source_timestamp":356284575516611,"circlet_count":0,"master_deck":["AscendersBane","Strike_R","Strike_R","Strike_R","Defend_R","Defend_R","Defend_R","Defend_R","Bash+1","Shrug It Off","Cleave+1","Heavy Blade+1","Shrug It Off","Inflame+1","Evolve"],"special_seed":0,"relics":["Burning Blood","Centennial Puzzle","Bag of Preparation","Self Forming Clay","Golden Idol","MawBank"],"potions_floor_usage":[14,16],"damage_taken":[{"damage":8.0,"enemies":"2 Louse","floor":1.0,"turns":4.0},{"damage":17.0,"enemies":"Small Slimes","floor":5.0,"turns":7.0},{"damage":1.0,"enemies":"Cultist","floor":7.0,"turns":3.0},{"damage":4.0,"enemies":"Exordium Wildlife","floor":10.0,"turns":3.0},{"damage":0,"enemies":"3 Sentries","floor":14,"turns":8},{"damage":46,"enemies":"Hexaghost","floor":16,"turns":12}],"seed_played":"7802662073488361766","potions_obtained":[{"floor":5.0,"key":"SkillPotion"},{"floor":7.0,"key":"AttackPotion"},{"floor":10.0,"key":"Ancient Potion"}],"is_trial":false,"path_per_floor":["M","?","?","?","M","R","M","R","T","M","?","$","R","?","R","B"],"character_chosen":"IRONCLAD","items_purchased":["Inflame"],"campfire_rested":0,"item_purchase_floors":[12],"current_hp_per_floor":[70,63,51,43,32,32,37,37,37,39,39,39,39,45,45,0],"gold":120,"neow_bonus":"RANDOM_COMMON_RELIC","is_prod":false,"is_daily":false,"chose_seed":false,"campfire_upgraded":4,"win_rate":0,"timestamp":1568761130,"path_taken":["M","?","?","?","M","R","M","R","T","?","?","$","R","?","R","BOSS"],"build_version":"2019-07-17","purchased_purges":1,"victory":false,"max_hp_per_floor":[80,80,80,80,80,80,80,80,80,80,74,74,74,74,74,74],"card_choices":[{"not_picked":["Wild Strike","Seeing Red"],"picked":"Shrug It Off","floor":1.0},{"not_picked":["Bloodletting","Warcry"],"picked":"Cleave","floor":5.0},{"not_picked":["Anger","Sword Boomerang"],"picked":"Heavy Blade","floor":7.0},{"not_picked":["Thunderclap","Flex"],"picked":"Shrug It Off","floor":10.0},{"not_picked":["Wild Strike","Battle Trance"],"picked":"Evolve","floor":14}],"player_experience":214779,"relics_obtained":[{"floor":9.0,"key":"Self Forming Clay"},{"floor":14,"key":"MawBank"}],"event_choices":[{"cards_removed":["Strike_R"],"damage_healed":0.0,"max_hp_gain":0.0,"max_hp_loss":0.0,"gold_gain":0.0,"event_name":"Golden Wing","player_choice":"Card Removal","floor":2.0,"gold_loss":0.0,"damage_taken":7.0},{"damage_healed":0.0,"max_hp_gain":0.0,"max_hp_loss":0.0,"gold_gain":0.0,"event_name":"Scrap Ooze","player_choice":"Success","floor":3.0,"gold_loss":0.0,"damage_taken":12.0,"relics_obtained":["Bag of Preparation"]},{"damage_healed":0.0,"max_hp_gain":0.0,"max_hp_loss":0.0,"gold_gain":0.0,"event_name":"Wheel of Change","player_choice":"Damaged","floor":4.0,"gold_loss":0.0,"damage_taken":8.0},{"damage_healed":0.0,"max_hp_gain":0.0,"max_hp_loss":6.0,"gold_gain":0.0,"event_name":"Golden Idol","player_choice":"Lose Max HP","floor":11.0,"gold_loss":0.0,"damage_taken":0.0,"relics_obtained":["Golden Idol"]},{"damage_healed":0,"gold_gain":0,"player_choice":"Searched \u00271\u0027 times","damage_taken":0,"max_hp_gain":0,"max_hp_loss":0,"event_name":"Dead Adventurer","floor":14,"gold_loss":0}],"is_beta":false,"boss_relics":[],"items_purged_floors":[12],"is_endless":false,"potions_floor_spawned":[5,7,10],"killed_by":"Hexaghost","ascension_level":10}