{"gold_per_floor":[219,234,247,93,106,106,126,187,211,30,30,40,40,58,58,135,135,149,149,24,24,24,24,53,73,73,73,34,53,0,19,19,19],"floor_reached":33,"playtime":1255,"items_purged":["Strike_G","Strike_G","Strike_G"],"score":481,"play_id":"5467f8d9-40ff-4e43-bcc7-cc6045413577","local_time":"20190627112516","is_ascension_mode":true,"campfire_choices":[{"data":"Neutralize","floor":6,"key":"SMITH"},{"data":"Noxious Fumes","floor":13,"key":"SMITH"},{"data":"Well Laid Plans","floor":15,"key":"SMITH"},{"floor":23,"key":"REST"},{"data":"After Image","floor":27,"key":"SMITH"},{"floor":32,"key":"REST"}],"neow_cost":"NONE","seed_source_timestamp":817366510675300,"circlet_count":0,"master_deck":["AscendersBane","Defend_G","Defend_G","Defend_G","Defend_G","Defend_G","Strike_G","Survivor","Neutralize+1","Deadly Poison","Infinite Blades","Blade Dance","Noxious Fumes+1","Sucker Punch","Deadly Poison","Blade Dance","Well Laid Plans+1","Endless Agony","Dodge and Roll","After Image+1","Footwork+1","Regret","Caltrops","Endless Agony+1","Shame","Accuracy","Accuracy","PiercingWail+1"],"relics":["Ring of the Snake","Tiny Chest","Potion Belt","Cursed Key","Regal Pillow","Oddly Smooth Stone","Mercury Hourglass"],"potions_floor_usage":[5,8,8,16,31,33,33],"damage_taken":[{"damage":0,"enemies":"Small Slimes","floor":1,"turns":5},{"damage":0,"enemies":"Cultist","floor":2,"turns":5},{"damage":0,"enemies":"2 Louse","floor":3,"turns":3},{"damage":7,"enemies":"Exordium Thugs","floor":5,"turns":4},{"damage":0,"enemies":"Exordium Wildlife","floor":7,"turns":3},{"damage":6,"enemies":"Gremlin Nob","floor":8,"turns":3},{"damage":11,"enemies":"3 Louse","floor":12,"turns":3},{"damage":9,"enemies":"Exordium Thugs","floor":14,"turns":5},{"damage":18,"enemies":"Hexaghost","floor":16,"turns":8},{"damage":16,"enemies":"3 Byrds","floor":18,"turns":6},{"damage":21,"enemies":"Book of Stabbing","floor":24,"turns":8},{"damage":7,"enemies":"Shell Parasite","floor":25,"turns":6},{"damage":22,"enemies":"Sentry and Sphere","floor":29,"turns":6},{"damage":11,"enemies":"Centurion and Healer","floor":31,"turns":8},{"damage":40,"enemies":"Collector","floor":33,"turns":3}],"seed_played":"4073689515871520053","potions_obtained":[{"floor":2,"key":"GamblersBrew"},{"floor":3,"key":"Poison Potion"},{"floor":7,"key":"AttackPotion"},{"floor":14,"key":"LiquidBronze"},{"floor":25,"key":"PowerPotion"},{"floor":29,"key":"Swift Potion"}],"is_trial":false,"path_per_floor":["M","M","M","$","M","R","M","E","T","$","?","M","R","M","R","B",null,"M","?","$","T","?","R","E","M","T","R","$","M","$","M","R","B"],"character_chosen":"THE_SILENT","items_purchased":["Noxious Fumes","Well Laid Plans","Accuracy","FearPotion"],"campfire_rested":2,"item_purchase_floors":[4,10,28,30],"current_hp_per_floor":[59,59,59,59,52,52,52,46,46,46,46,35,35,26,26,8,52,36,36,36,36,30,64,43,36,36,36,36,14,14,3,37,0],"gold":19,"neow_bonus":"HUNDRED_GOLD","is_prod":false,"is_daily":false,"chose_seed":false,"campfire_upgraded":4,"win_rate":0,"timestamp":1561627516,"path_taken":["M","M","M","$","M","R","M","E","T","$","?","?","R","M","R","BOSS","M","?","?","?","?","R","E","M","T","R","$","M","$","M","R","BOSS"],"build_version":"2019-01-23","purchased_purges":3,"victory":false,"max_hp_per_floor":[66,66,66,66,66,66,66,66,66,66,66,66,66,66,66,66,66,66,66,66,66,66,66,66,66,66,66,66,66,66,66,66,66],"card_choices":[{"not_picked":["Prepared","Accuracy"],"picked":"Deadly Poison","floor":1},{"not_picked":["Masterful Stab","Bane"],"picked":"Infinite Blades","floor":2},{"not_picked":["All Out Attack","Riddle With Holes"],"picked":"Blade Dance","floor":3},{"not_picked":["Underhanded Strike","Dagger Throw"],"picked":"Sucker Punch","floor":5},{"not_picked":["Deflect","Dagger Throw"],"picked":"Deadly Poison","floor":7},{"not_picked":["Terror","Dagger Throw"],"picked":"Blade Dance","floor":8},{"not_picked":["Well Laid Plans","Expertise"],"picked":"Endless Agony","floor":12},{"not_picked":["Slice","Dagger Spray"],"picked":"Dodge and Roll","floor":14},{"not_picked":["Doppelganger","Phantasmal Killer"],"picked":"After Image","floor":16},{"not_picked":["Deadly Poison","Finisher"],"picked":"Footwork","floor":18},{"not_picked":["Backflip","Infinite Blades"],"picked":"Caltrops","floor":24},{"not_picked":["Dagger Throw","Doppelganger"],"picked":"Endless Agony+1","floor":25},{"not_picked":["Slice","Backflip"],"picked":"Accuracy","floor":29},{"not_picked":["Sucker Punch","Flying Knee"],"picked":"PiercingWail+1","floor":31}],"player_experience":1498165,"relics_obtained":[{"floor":8,"key":"Tiny Chest"},{"floor":9,"key":"Potion Belt"},{"floor":21,"key":"Regal Pillow"},{"floor":24,"key":"Oddly Smooth Stone"},{"floor":26,"key":"Mercury Hourglass"}],"event_choices":[{"cards_removed":["Strike_G"],"damage_healed":0,"gold_gain":0,"player_choice":"Purged","damage_taken":0,"max_hp_gain":0,"max_hp_loss":0,"event_name":"Purifier","floor":11,"gold_loss":0},{"damage_healed":0,"gold_gain":0,"player_choice":"Upgraded","damage_taken":0,"max_hp_gain":0,"max_hp_loss":0,"event_name":"Upgrade Shrine","floor":19,"gold_loss":0,"cards_upgraded":["Footwork"]},{"damage_healed":0,"gold_gain":0,"player_choice":"","damage_taken":6,"max_hp_gain":0,"max_hp_loss":0,"event_name":"Knowing Skull","floor":22,"potions_obtained":[],"gold_loss":0,"cards_obtained":[]}],"is_beta":false,"boss_relics":[{"not_picked":["Lizard Tail","Tiny House"],"picked":"Cursed Key"}],"items_purged_floors":[4,10,20],"is_endless":false,"potions_floor_spawned":[2,3,7,14,25,29],"killed_by":"Collector","ascension_level":16}