{"gold_per_floor":[368,384,400,400,419,444,444,457,457,457,457,457,457,472,472,572,572,585,598,29,29,40,72,72,83,83,96,24,43,43,43,43,138,138,155,200,200,3,18,18,29,29,29,29,29,41,41,69,69,69],"floor_reached":51,"playtime":3341,"items_purged":["Strike_G"],"score":859,"play_id":"2543a656-a5b2-4c64-a30a-93b78952da57","local_time":"20180623204226","is_ascension_mode":true,"campfire_choices":[{"data":"Neutralize","floor":7.0,"key":"SMITH"},{"floor":10.0,"key":"REST"},{"floor":12.0,"key":"REST"},{"floor":15.0,"key":"REST"},{"data":"Noxious Fumes","floor":24.0,"key":"SMITH"},{"floor":32.0,"key":"REST"},{"data":"Caltrops","floor":40,"key":"SMITH"},{"floor":42,"key":"REST"},{"data":"Footwork","floor":44,"key":"SMITH"},{"data":"Backflip","floor":49,"key":"SMITH"}],"neow_cost":"","seed_source_timestamp":0,"circlet_count":0,"master_deck":["Defend_G+1","Defend_G","Strike_G","Strike_G","Strike_G","Strike_G+1","Survivor","Neutralize+1","Backflip","Sucker Punch","Backflip+1","Noxious Fumes+1","Caltrops+1","Footwork+1","Heel Hook","Tools of the Trade","Flash of Steel+1","Sucker Punch+1","Deflect","Backstab+1","Bouncing Flask+1"],"special_seed":17705,"relics":["Ring of the Snake","Dream Catcher","Incense Burner","Busted Crown","Boot","Molten Egg 2","The Specimen","Mummified Hand","Pear","Sozu","Du-Vu Doll","Lee\u0027s Waffle","Gremlin Horn","Pantograph"],"potions_floor_usage":[50],"damage_taken":[{"damage":6.0,"enemies":"Jaw Worm","floor":1.0,"turns":5.0},{"damage":0.0,"enemies":"2 Louse","floor":2.0,"turns":3.0},{"damage":0.0,"enemies":"Cultist","floor":3.0,"turns":5.0},{"damage":4.0,"enemies":"2 Fungi Beasts","floor":5.0,"turns":4.0},{"damage":19.0,"enemies":"3 Sentries","floor":6.0,"turns":14.0},{"damage":22.0,"enemies":"Large Slime","floor":8.0,"turns":7.0},{"damage":0.0,"enemies":"Blue Slaver","floor":14.0,"turns":5.0},{"damage":6.0,"enemies":"Hexaghost","floor":16.0,"turns":11.0},{"damage":4.0,"enemies":"Shell Parasite","floor":18.0,"turns":6.0},{"damage":3.0,"enemies":"Spheric Guardian","floor":19.0,"turns":6.0},{"damage":11.0,"enemies":"3 Cultists","floor":22.0,"turns":7.0},{"damage":19.0,"enemies":"Gremlin Leader","floor":23.0,"turns":8.0},{"damage":14.0,"enemies":"Snake Plant","floor":25.0,"turns":4.0},{"damage":0.0,"enemies":"Snecko","floor":27.0,"turns":5.0},{"damage":2.0,"enemies":"Sentry and Sphere","floor":29.0,"turns":6.0},{"damage":1.0,"enemies":"Champ","floor":33.0,"turns":12.0},{"damage":0,"enemies":"Orb Walker","floor":35,"turns":4},{"damage":23,"floor":36,"turns":7},{"damage":7,"enemies":"3 Darklings","floor":39,"turns":6},{"damage":27,"enemies":"Maw","floor":41,"turns":8},{"damage":6,"enemies":"Sphere and 2 Shapes","floor":46,"turns":5},{"damage":18,"enemies":"2 Orb Walkers","floor":48,"turns":4},{"damage":45,"enemies":"Donu and Deca","floor":50,"turns":10}],"seed_played":"262655671342370601","potions_obtained":[{"floor":2.0,"key":"PowerPotion"},{"floor":14.0,"key":"SpeedPotion"},{"floor":16.0,"key":"Strength Potion"},{"floor":18.0,"key":"AttackPotion"},{"floor":22.0,"key":"FearPotion"},{"floor":25.0,"key":"Energy Potion"},{"floor":29.0,"key":"Dexterity Potion"},{"floor":30.0,"key":"GhostInAJar"},{"floor":30.0,"key":"Fruit Juice"},{"floor":33.0,"key":"Poison Potion"}],"is_trial":false,"path_per_floor":["M","M","M","?","M","E","R","M","T","R","?","R","?","M","R","B",null,"M","M","$","?","M","E","R","M","T","M","$","M","?","?","R","B",null,"M","?","?","$","M","R","M","R","T","R","$","M","?","E","R","B"],"character_chosen":"THE_SILENT","items_purchased":["Boot","Molten Egg 2","Flash of Steel","GhostInAJar","Lee\u0027s Waffle"],"campfire_rested":5,"item_purchase_floors":[],"current_hp_per_floor":[57,57,57,62,58,39,39,17,17,37,30,50,36,36,56,50,64,60,57,57,57,46,27,27,13,13,13,13,11,11,21,44,48,74,74,51,51,90,83,83,56,83,83,83,83,77,77,59,59,39],"gold":69,"neow_bonus":"","is_prod":false,"is_daily":false,"chose_seed":false,"campfire_upgraded":5,"win_rate":0,"timestamp":1529782946,"path_taken":["M","M","M","?","?","E","R","M","T","R","?","R","?","?","R","BOSS","M","M","$","?","M","E","R","M","T","?","$","M","?","?","R","BOSS","M","?","?","$","?","R","M","R","T","R","$","M","?","E","R","BOSS"],"build_version":"2018-06-21v2","purchased_purges":1,"victory":true,"max_hp_per_floor":[63,63,63,68,68,68,68,68,68,68,68,68,68,68,68,68,68,68,68,68,68,68,68,68,68,68,68,68,68,68,78,78,83,83,83,83,83,90,90,90,90,90,90,90,90,90,90,90,90,90],"card_choices":[{"not_picked":["Bane","Acrobatics","Flying Knee"],"picked":"SKIP","floor":1.0},{"not_picked":["All Out Attack","Dodge and Roll"],"picked":"Backflip","floor":2.0},{"not_picked":["Prepared","Backstab"],"picked":"Sucker Punch","floor":3.0},{"not_picked":["Accuracy","Heel Hook"],"picked":"Backflip","floor":5.0},{"not_picked":["Backstab","Reflex"],"picked":"Noxious Fumes","floor":6.0},{"not_picked":["Corpse Explosion","Underhanded Strike","Cloak And Dagger"],"picked":"SKIP","floor":8.0},{"not_picked":["Calculated Gamble","Blade Dance"],"picked":"Caltrops","floor":10.0},{"not_picked":["Backflip","Dodge and Roll"],"picked":"Footwork","floor":12.0},{"not_picked":["Crippling Poison","Acrobatics"],"picked":"Footwork","floor":14.0},{"not_picked":["Acrobatics","Eviscerate"],"picked":"Heel Hook","floor":15.0},{"not_picked":["After Image","Bullet Time"],"picked":"Tools of the Trade","floor":16.0},{"not_picked":["Acrobatics+1"],"picked":"SKIP","floor":18.0},{"not_picked":["Flying Knee"],"picked":"SKIP","floor":19.0},{"not_picked":["Backflip"],"picked":"SKIP","floor":22.0},{"not_picked":["Tools of the Trade"],"picked":"SKIP","floor":23.0},{"not_picked":[],"picked":"Sucker Punch+1","floor":25.0},{"not_picked":["Sucker Punch+1"],"picked":"SKIP","floor":27.0},{"not_picked":["Dodge and Roll"],"picked":"SKIP","floor":29.0},{"not_picked":[],"picked":"Deflect","floor":32.0},{"not_picked":["Distraction"],"picked":"SKIP","floor":35},{"not_picked":[],"picked":"Backstab+1","floor":36},{"not_picked":["Flying Knee+1"],"picked":"SKIP","floor":39},{"not_picked":["Flying Knee+1"],"picked":"SKIP","floor":41},{"not_picked":[],"picked":"Bouncing Flask+1","floor":46},{"not_picked":["Prepared+1"],"picked":"SKIP","floor":48}],"player_experience":479228,"relics_obtained":[{"floor":6.0,"key":"Dream Catcher"},{"floor":9.0,"key":"Incense Burner"},{"floor":23.0,"key":"The Specimen"},{"floor":26.0,"key":"Mummified Hand"},{"floor":36,"key":"Du-Vu Doll"},{"floor":43,"key":"Gremlin Horn"},{"floor":48,"key":"Pantograph"}],"event_choices":[{"event_name":"Big Fish","player_choice":"Donut","floor":4.0,"damage_taken":0.0},{"event_name":"Golden Wing","player_choice":"Card Removal","floor":11.0,"damage_taken":0.0},{"event_name":"Shining Light","player_choice":"Entered Light","floor":13.0,"damage_taken":0.0},{"event_name":"Purifier","player_choice":"One Purge","floor":21.0,"damage_taken":0.0},{"event_name":"The Lab","player_choice":"Got Potions","floor":30.0,"damage_taken":0.0},{"event_name":"The Mausoleum","player_choice":"Yes","floor":31.0,"damage_taken":0.0},{"event_name":"Mysterious Sphere","player_choice":"Fight","floor":36,"damage_taken":0},{"event_name":"Falling","player_choice":"Removed Power","floor":37,"damage_taken":0},{"event_name":"Purifier","player_choice":"One Purge","floor":47,"damage_taken":0}],"boss_relics":[{"not_picked":["Velvet Choker","Astrolabe"],"picked":"Busted Crown"},{"not_picked":["Black Star","Orrery"],"picked":"Sozu"}],"items_purged_floors":[],"is_endless":false,"potions_floor_spawned":[2,14,16,18,22,25,29,33,35,46],"ascension_level":5}