{"gold_per_floor":[117,192,209,125,140,140,105,124,124,150,150,166,166,180,180,252,252,267,267,292,81,99,99,116,116,116,127,127,127,127,141,141,216,216,230,243,0,15,26,26,38,38,64,64,64,64,64,64,64,64],"floor_reached":50,"playtime":4208,"items_purged":["Strike_B"],"score":886,"play_id":"1190ab3c-1c45-4305-b160-c260ec88f3d9","local_time":"20181027193556","is_ascension_mode":true,"campfire_choices":[{"data":"1","floor":6.0,"key":"LIFT"},{"data":"2","floor":11.0,"key":"LIFT"},{"data":"3","floor":15.0,"key":"LIFT"},{"data":"Biased Cognition","floor":23.0,"key":"SMITH"},{"data":"Loop","floor":25.0,"key":"SMITH"},{"data":"FTL","floor":28.0,"key":"SMITH"},{"floor":32.0,"key":"REST"},{"floor":40,"key":"REST"},{"floor":42,"key":"REST"},{"data":"Reinforced Body","floor":44,"key":"SMITH"},{"data":"Multi-Cast","floor":47,"key":"SMITH"},{"data":"Capacitor","floor":49,"key":"SMITH"}],"neow_cost":"PERCENT_DAMAGE","seed_source_timestamp":0,"circlet_count":0,"master_deck":["Strike_B","Strike_B","Defend_B","Defend_B","Defend_B+1","Defend_B+1","Zap","Dualcast","AscendersBane","FTL","Glacier","Loop+1","Capacitor+1","Biased Cognition+1","Gash","Gash","Multi-Cast+1","FTL+1","Steam","Compile Driver","Ball Lightning","Coolheaded","Cold Snap","Echo Form","Compile Driver","Parasite","Reinforced Body+1","Writhe"],"special_seed":0,"relics":["Cracked Core","Girya","War Paint","Mercury Hourglass","Busted Crown","Nilry\u0027s Codex","Bag of Marbles","Bottled Flame","Red Mask","Centennial Puzzle"],"potions_floor_usage":[39,50],"damage_taken":[{"damage":0.0,"enemies":"Cultist","floor":1.0,"turns":3.0},{"damage":7.0,"enemies":"Small Slimes","floor":3.0,"turns":3.0},{"damage":0.0,"enemies":"2 Louse","floor":5.0,"turns":4.0},{"damage":0.0,"enemies":"2 Fungi Beasts","floor":8.0,"turns":4.0},{"damage":8.0,"enemies":"3 Sentries","floor":10.0,"turns":8.0},{"damage":0.0,"enemies":"Looter","floor":12.0,"turns":3.0},{"damage":5.0,"enemies":"Lots of Slimes","floor":14.0,"turns":3.0},{"damage":16.0,"enemies":"The Guardian","floor":16.0,"turns":9.0},{"damage":0.0,"enemies":"Spheric Guardian","floor":18.0,"turns":3.0},{"damage":3.0,"enemies":"2 Thieves","floor":22.0,"turns":3.0},{"damage":4.0,"enemies":"Snake Plant","floor":24.0,"turns":4.0},{"damage":0.0,"enemies":"Cultist and Chosen","floor":27.0,"turns":4.0},{"damage":5.0,"enemies":"Centurion and Healer","floor":31.0,"turns":5.0},{"damage":0.0,"enemies":"Automaton","floor":33.0,"turns":7.0},{"damage":17.0,"enemies":"3 Darklings","floor":35.0,"turns":5.0},{"damage":2,"enemies":"3 Shapes","floor":36,"turns":3},{"damage":13,"enemies":"3 Darklings","floor":38,"turns":4},{"damage":19,"enemies":"Writhing Mass","floor":39,"turns":5},{"damage":24,"enemies":"Sphere and 2 Shapes","floor":41,"turns":6},{"damage":52,"enemies":"Donu and Deca","floor":50,"turns":4}],"seed_played":"2313760832104124910","potions_obtained":[{"floor":1.0,"key":"Swift Potion"},{"floor":3.0,"key":"Fire Potion"},{"floor":13.0,"key":"SmokeBomb"},{"floor":13.0,"key":"EntropicBrew"},{"floor":36,"key":"Explosive Potion"},{"floor":38,"key":"FearPotion"},{"floor":39,"key":"SteroidPotion"}],"is_trial":false,"path_per_floor":["M","?","M","$","M","R","?","M","T","E","R","M","?","M","R","B",null,"M","?","T","$","M","R","M","R","T","M","R","?","?","M","R","B",null,"M","M","?","M","M","R","M","R","T","R","?","?","R","?","R"],"character_chosen":"DEFECT","items_purchased":["Loop","FTL","Steam"],"campfire_rested":3,"item_purchase_floors":[4,21,21],"current_hp_per_floor":[46,35,28,28,28,28,45,45,45,37,37,37,37,32,32,16,57,57,36,36,36,33,33,29,29,29,29,29,9,9,4,26,26,64,47,45,45,32,13,35,11,33,33,33,33,48,48,48,48,0],"gold":64,"neow_bonus":"ONE_RARE_RELIC","is_prod":false,"is_daily":false,"chose_seed":false,"campfire_upgraded":6,"win_rate":0,"timestamp":1540665356,"path_taken":["M","?","M","$","M","R","?","M","T","E","R","M","?","?","R","BOSS","M","?","?","$","M","R","M","R","T","M","R","?","?","M","R","BOSS","M","M","?","M","M","R","M","R","T","R","?","?","R","?","R","BOSS"],"build_version":"2018-10-25v2","purchased_purges":1,"victory":false,"max_hp_per_floor":[71,71,71,71,71,71,71,71,71,71,71,71,71,71,71,71,71,71,71,71,71,71,71,71,71,71,71,71,76,76,76,76,76,76,76,76,76,76,76,76,76,76,76,76,76,76,76,76,76,76],"card_choices":[{"not_picked":["Lockon","Scrape"],"picked":"FTL","floor":1.0},{"not_picked":["Gash","Stack"],"picked":"Glacier","floor":3.0},{"not_picked":["Lockon","Stack","Force Field"],"picked":"SKIP","floor":5.0},{"not_picked":["Amplify","Glacier"],"picked":"Capacitor","floor":8.0},{"not_picked":["Blizzard","Coolheaded"],"picked":"Biased Cognition","floor":10.0},{"not_picked":["Sweeping Beam","Hologram"],"picked":"Gash","floor":12.0},{"not_picked":["Genetic Algorithm","Hologram"],"picked":"Gash","floor":14.0},{"not_picked":["Thunder Strike","Rainbow"],"picked":"Multi-Cast","floor":16.0},{"not_picked":["Aggregate"],"picked":"SKIP","floor":18.0},{"not_picked":[],"picked":"Compile Driver","floor":22.0},{"not_picked":[],"picked":"Ball Lightning","floor":24.0},{"not_picked":["Go for the Eyes"],"picked":"SKIP","floor":27.0},{"not_picked":[],"picked":"Cold Snap","floor":31.0},{"not_picked":[],"picked":"Echo Form","floor":33.0},{"not_picked":["Lockon+1"],"picked":"SKIP","floor":35.0},{"not_picked":["Force Field"],"picked":"SKIP","floor":36},{"not_picked":[],"picked":"Compile Driver","floor":38},{"not_picked":["Rip and Tear"],"picked":"SKIP","floor":39},{"not_picked":[],"picked":"Reinforced Body","floor":41}],"player_experience":925472,"relics_obtained":[{"floor":9.0,"key":"War Paint"},{"floor":10.0,"key":"Mercury Hourglass"},{"floor":19.0,"key":"Nilry\u0027s Codex"},{"floor":20.0,"key":"Bag of Marbles"},{"floor":26.0,"key":"Bottled Flame"},{"floor":43,"key":"Centennial Puzzle"}],"event_choices":[{"damage_healed":0.0,"max_hp_gain":0.0,"max_hp_loss":0.0,"gold_gain":75.0,"event_name":"World of Goop","player_choice":"Gather Gold","floor":2.0,"gold_loss":0.0,"damage_taken":11.0},{"damage_healed":17.0,"max_hp_gain":0.0,"max_hp_loss":0.0,"gold_gain":0.0,"event_name":"The Cleric","player_choice":"Healed","floor":7.0,"gold_loss":35.0,"damage_taken":0.0},{"damage_healed":0.0,"max_hp_gain":0.0,"max_hp_loss":0.0,"gold_gain":0.0,"event_name":"The Lab","player_choice":"Got Potions","floor":13.0,"gold_loss":0.0,"damage_taken":0.0},{"damage_healed":0.0,"max_hp_gain":0.0,"max_hp_loss":0.0,"gold_gain":0.0,"event_name":"Cursed Tome","player_choice":"Obtained Book","floor":19.0,"gold_loss":0.0,"damage_taken":21.0},{"damage_healed":0.0,"max_hp_gain":5.0,"max_hp_loss":0.0,"gold_gain":0.0,"event_name":"Forgotten Altar","player_choice":"Shed Blood","floor":29.0,"gold_loss":0.0,"damage_taken":25.0},{"damage_healed":0.0,"max_hp_gain":0.0,"max_hp_loss":0.0,"gold_gain":0.0,"cards_transformed":["Strike_B"],"event_name":"Transmorgrifier","player_choice":"Transformed","floor":30.0,"gold_loss":0.0,"damage_taken":0.0,"cards_obtained":["Coolheaded"]},{"damage_healed":0,"gold_gain":0,"player_choice":"Paid","damage_taken":0,"relics_obtained":["Red Mask"],"max_hp_gain":0,"max_hp_loss":0,"event_name":"Tomb of Lord Red Mask","floor":37,"gold_loss":243},{"damage_healed":0,"gold_gain":0,"player_choice":"Ignored","damage_taken":0,"max_hp_gain":0,"max_hp_loss":0,"event_name":"Mysterious Sphere","floor":45,"gold_loss":0},{"damage_healed":15,"gold_gain":0,"player_choice":"Writhe","damage_taken":0,"max_hp_gain":0,"max_hp_loss":0,"event_name":"Winding Halls","floor":46,"gold_loss":0,"cards_obtained":["Writhe"]},{"damage_healed":0,"gold_gain":0,"player_choice":"0 cards matched","damage_taken":0,"max_hp_gain":0,"max_hp_loss":0,"event_name":"Match and Keep!","floor":48,"gold_loss":0,"cards_obtained":[]}],"is_beta":false,"boss_relics":[{"not_picked":["Eternal Feather","Coffee Dripper"],"picked":"Busted Crown"},{"not_picked":["Philosopher\u0027s Stone","FrozenCore","Runic Pyramid"]}],"items_purged_floors":[21],"is_endless":false,"potions_floor_spawned":[1,3,16,18,22,36,38,39],"killed_by":"Donu and Deca","ascension_level":16}