{"gold_per_floor":[117,117,134,134,4,31,51,12,12,12,71,71],"floor_reached":12,"playtime":463,"items_purged":["Strike_B"],"score":202,"play_id":"54c9cf24-e7a1-472f-942d-446803ec74fb","local_time":"20191007194928","is_ascension_mode":true,"campfire_choices":[{"floor":10,"key":"REST"}],"neow_cost":"NONE","seed_source_timestamp":322938247274000,"circlet_count":0,"master_deck":["AscendersBane","Strike_B","Defend_B","Defend_B","Defend_B","Defend_B","Zap","Dualcast","Gash","BootSequence","Multi-Cast","Gash","Self Repair"],"relics":["Cracked Core","NeowsBlessing","StoneCalendar","Shuriken","Lantern"],"potions_floor_usage":[],"damage_taken":[{"damage":0,"enemies":"Cultist","floor":1,"turns":1},{"damage":0,"enemies":"Jaw Worm","floor":3,"turns":1},{"damage":0,"enemies":"Lagavulin","floor":6,"turns":2},{"damage":2,"enemies":"Small Slimes","floor":7,"turns":3},{"damage":61,"enemies":"Lagavulin Event","floor":11,"turns":7},{"damage":11,"enemies":"Gremlin Nob","floor":12,"turns":2}],"seed_played":"2798346656371974326","potions_obtained":[{"floor":11,"key":"Explosive Potion"}],"is_trial":false,"path_per_floor":["M","?","M","?","$","E","M","?","T","R","?","E"],"character_chosen":"DEFECT","items_purchased":["Fire Potion"],"campfire_rested":1,"item_purchase_floors":[5],"current_hp_per_floor":[64,57,57,57,57,57,55,55,55,71,10,0],"gold":71,"neow_bonus":"THREE_ENEMY_KILL","is_prod":false,"is_daily":false,"chose_seed":false,"campfire_upgraded":0,"win_rate":0,"timestamp":1570474168,"path_taken":["M","?","M","?","$","E","M","?","T","R","?","E"],"build_version":"2019-07-17","purchased_purges":1,"victory":false,"max_hp_per_floor":[71,71,71,71,71,71,71,71,71,71,71,71],"card_choices":[{"not_picked":["Stack","Steam","Storm"],"picked":"SKIP","floor":1},{"not_picked":["Go for the Eyes","Turbo"],"picked":"Gash","floor":3},{"not_picked":["Amplify","Double Energy"],"picked":"Multi-Cast","floor":6},{"not_picked":["Ball Lightning","Compile Driver"],"picked":"Gash","floor":7},{"not_picked":["Scrape","Tempest"],"picked":"Self Repair","floor":11}],"player_experience":1213568,"relics_obtained":[{"floor":6,"key":"StoneCalendar"},{"floor":9,"key":"Shuriken"},{"floor":11,"key":"Lantern"}],"event_choices":[{"cards_removed":["Strike_B"],"damage_healed":0,"gold_gain":0,"player_choice":"Card Removal","damage_taken":7,"max_hp_gain":0,"max_hp_loss":0,"event_name":"Golden Wing","floor":2,"gold_loss":0},{"damage_healed":0,"gold_gain":0,"cards_transformed":["Strike_B"],"player_choice":"Change","damage_taken":0,"max_hp_gain":0,"max_hp_loss":0,"event_name":"Living Wall","floor":4,"gold_loss":0,"cards_obtained":["BootSequence"]},{"damage_healed":0,"gold_gain":0,"player_choice":"Left Gold","damage_taken":0,"max_hp_gain":0,"max_hp_loss":0,"event_name":"World of Goop","floor":8,"gold_loss":39},{"damage_healed":0,"gold_gain":30,"player_choice":"Searched \u00272\u0027 times","damage_taken":0,"max_hp_gain":0,"max_hp_loss":0,"event_name":"Dead Adventurer","floor":11,"gold_loss":0}],"is_beta":false,"boss_relics":[],"items_purged_floors":[5],"is_endless":false,"potions_floor_spawned":[11],"killed_by":"Gremlin Nob","ascension_level":20}