{"gold_per_floor":[116,136,156,169,189,215,233,259,259,272,272,272,289,301,301,404,704,716],"floor_reached":18,"playtime":1520,"items_purged":[],"score":178,"play_id":"b4f4fab4-51e9-4a75-b1a8-7b459fcddedd","local_time":"20190527021444","is_ascension_mode":false,"campfire_choices":[{"floor":11,"key":"REST"},{"floor":15,"key":"REST"}],"neow_cost":"NONE","seed_source_timestamp":204256885413726,"circlet_count":0,"master_deck":["Strike_R","Strike_R","Strike_R","Strike_R","Strike_R","Defend_R","Defend_R","Defend_R","Defend_R","Bash","Armaments","Searing Blow","Limit Break","Double Tap","Infernal Blade","Anger","Berserk","Parasite","Decay","Regret"],"relics":["Burning Blood","Pear","Gremlin Horn","Paper Frog","Calling Bell","Old Coin","Frozen Egg 2","MawBank"],"potions_floor_usage":[5,6,10,16,16],"damage_taken":[{"damage":10,"enemies":"Cultist","floor":1,"turns":4},{"damage":6,"enemies":"Jaw Worm","floor":2,"turns":3},{"damage":0,"enemies":"Small Slimes","floor":3,"turns":3},{"damage":10,"enemies":"3 Louse","floor":4,"turns":4},{"damage":9,"enemies":"2 Fungi Beasts","floor":5,"turns":4},{"damage":42,"enemies":"3 Sentries","floor":6,"turns":11},{"damage":10,"enemies":"Looter","floor":7,"turns":5},{"damage":34,"enemies":"Gremlin Nob","floor":8,"turns":5},{"damage":8,"enemies":"Exordium Thugs","floor":10,"turns":4},{"damage":6,"enemies":"2 Fungi Beasts","floor":13,"turns":4},{"damage":2,"enemies":"Blue Slaver","floor":14,"turns":2},{"damage":56,"enemies":"Hexaghost","floor":16,"turns":9},{"damage":77,"enemies":"3 Byrds","floor":18,"turns":6}],"seed_played":"6468833256795481784","potions_obtained":[{"floor":1,"key":"Fire Potion"},{"floor":4,"key":"BloodPotion"},{"floor":7,"key":"SpeedPotion"},{"floor":8,"key":"SneckoOil"},{"floor":14,"key":"GamblersBrew"}],"is_trial":false,"path_per_floor":["M","M","M","M","M","E","M","E","T","M","R","?","M","M","R","B",null,"M"],"character_chosen":"IRONCLAD","items_purchased":[],"campfire_rested":2,"item_purchase_floors":[],"current_hp_per_floor":[76,76,80,76,73,55,51,23,23,21,48,48,48,52,79,29,90,13],"gold":716,"neow_bonus":"THREE_SMALL_POTIONS","is_prod":false,"is_daily":false,"chose_seed":false,"campfire_upgraded":0,"win_rate":0.0,"timestamp":1558937684,"path_taken":["M","M","M","M","M","E","M","E","T","M","R","?","M","M","R","BOSS","M"],"build_version":"2019-01-23","purchased_purges":0,"victory":false,"max_hp_per_floor":[80,80,80,80,80,90,90,90,90,90,90,90,90,90,90,90,90,90],"card_choices":[{"not_picked":["Iron Wave","Shockwave","Thunderclap"],"picked":"SKIP","floor":1},{"not_picked":["True Grit","Spot Weakness"],"picked":"Armaments","floor":2},{"not_picked":["Armaments","Rupture"],"picked":"Searing Blow","floor":3},{"not_picked":["Reckless Charge","Headbutt","Heavy Blade"],"picked":"SKIP","floor":4},{"not_picked":["Hemokinesis","Ghostly Armor","Heavy Blade"],"picked":"SKIP","floor":5},{"not_picked":["Heavy Blade","Warcry"],"picked":"Limit Break","floor":6},{"not_picked":["Shrug It Off","Dropkick","Burning Pact"],"picked":"SKIP","floor":7},{"not_picked":["Dropkick","Warcry"],"picked":"Double Tap","floor":8},{"not_picked":["Armaments","Burning Pact"],"picked":"Infernal Blade","floor":10},{"not_picked":["Heavy Blade","Flex"],"picked":"Anger","floor":13},{"not_picked":["Armaments","Twin Strike","Body Slam"],"picked":"SKIP","floor":14},{"not_picked":["Bludgeon","Feed"],"picked":"Berserk","floor":16}],"player_experience":31060,"relics_obtained":[{"floor":6,"key":"Pear"},{"floor":8,"key":"Gremlin Horn"},{"floor":9,"key":"Paper Frog"},{"floor":17,"key":"Old Coin"},{"floor":17,"key":"Frozen Egg 2"},{"floor":17,"key":"MawBank"}],"event_choices":[{"damage_healed":0,"gold_gain":0,"player_choice":"Ignored","damage_taken":0,"max_hp_gain":0,"max_hp_loss":0,"event_name":"Shining Light","floor":12,"gold_loss":0}],"is_beta":false,"boss_relics":[{"not_picked":["Ectoplasm","Coffee Dripper"],"picked":"Calling Bell"}],"items_purged_floors":[],"is_endless":false,"potions_floor_spawned":[1,4,7,8,14],"killed_by":"3 Byrds","ascension_level":0}