{"gold_per_floor":[117,4,4,22,22,22,22,22,22,35,35,7,36,50,50,124,124,135,154,154,164,214,214,233,233,259,259,290,290,16,16,16,16],"floor_reached":33,"playtime":1343,"items_purged":[],"score":509,"play_id":"17dd28e8-0c80-478d-b803-8a1bbda896fd","local_time":"20181021192647","is_ascension_mode":true,"campfire_choices":[{"floor":6.0,"key":"REST"},{"data":"Double Tap","floor":8.0,"key":"SMITH"},{"floor":15.0,"key":"REST"},{"data":"True Grit","floor":23.0,"key":"SMITH"},{"data":"True Grit","floor":27.0,"key":"SMITH"},{"data":"Shrug It Off","floor":29.0,"key":"SMITH"},{"data":"Rupture","floor":32.0,"key":"SMITH"}],"neow_cost":"CURSE","seed_source_timestamp":518120529819542,"circlet_count":0,"master_deck":["Strike_R+1","Strike_R+1","Strike_R+1","Strike_R+1","Strike_R+1","Defend_R+1","Defend_R+1","Defend_R+1","Defend_R+1","Bash","AscendersBane","Pain","Double Tap+1","Clothesline","Rupture+1","Clothesline","Shockwave","Twin Strike","Immolate","True Grit+1","Shrug It Off+1","Infernal Blade","Reaper","True Grit+1","Corruption","Thunderclap","Pummel","Writhe","Rage","Sword Boomerang","Twin Strike","Shame"],"special_seed":0,"relics":["Burning Blood","Turnip","Potion Belt","Du-Vu Doll","Nunchaku","Coffee Dripper","Oddly Smooth Stone","Centennial Puzzle","Bird Faced Urn","Strawberry","Peace Pipe"],"potions_floor_usage":[],"damage_taken":[{"damage":23.0,"enemies":"Jaw Worm","floor":1.0,"turns":4.0},{"damage":14.0,"enemies":"Cultist","floor":4.0,"turns":4.0},{"damage":8.0,"enemies":"Small Slimes","floor":10.0,"turns":3.0},{"damage":23.0,"enemies":"3 Sentries","floor":13.0,"turns":3.0},{"damage":5.0,"enemies":"Red Slaver","floor":14.0,"turns":3.0},{"damage":19.0,"enemies":"Slime Boss","floor":16.0,"turns":8.0},{"damage":16.0,"enemies":"3 Byrds","floor":18.0,"turns":4.0},{"damage":26.0,"enemies":"Spheric Guardian","floor":19.0,"turns":6.0},{"damage":22.0,"enemies":"Centurion and Healer","floor":21.0,"turns":5.0},{"damage":17.0,"enemies":"Snecko","floor":24.0,"turns":5.0},{"damage":18.0,"enemies":"Gremlin Leader","floor":28.0,"turns":4.0},{"damage":22,"enemies":"Collector","floor":33,"turns":2}],"seed_played":"-6171047402799830971","potions_obtained":[{"floor":1.0,"key":"Block Potion"},{"floor":10.0,"key":"PowerPotion"},{"floor":14.0,"key":"Regen Potion"},{"floor":18.0,"key":"GamblersBrew"},{"floor":21.0,"key":"PowerPotion"}],"is_trial":false,"path_per_floor":["M","$","?","M","?","R","?","R","T","M","?","$","E","M","R","B",null,"M","M","?","M","?","R","M","?","T","R","E","R","$","?","R"],"character_chosen":"IRONCLAD","items_purchased":["Rupture","Clothesline","True Grit","Strawberry","Sword Boomerang","Twin Strike"],"campfire_rested":2,"item_purchase_floors":[2,2,12,30,30,30],"current_hp_per_floor":[51,51,33,25,25,47,47,47,47,45,45,45,28,29,51,53,70,65,45,45,29,29,29,24,24,24,24,12,12,19,19,19,0],"gold":16,"neow_bonus":"THREE_RARE_CARDS","is_prod":false,"is_daily":false,"chose_seed":false,"campfire_upgraded":5,"win_rate":0,"timestamp":1540142807,"path_taken":["M","$","?","?","?","R","?","R","T","?","?","?","E","M","R","BOSS","M","M","?","?","?","R","M","?","T","R","E","R","$","?","R","BOSS"],"build_version":"2018-10-18","purchased_purges":0,"victory":false,"max_hp_per_floor":[75,75,75,75,75,75,75,75,75,75,75,75,75,75,75,75,75,75,75,75,75,75,75,75,75,75,75,75,75,82,82,82,82],"card_choices":[{"not_picked":["Berserk","Impervious"],"picked":"Double Tap","floor":0.0},{"not_picked":["Flex","Combust"],"picked":"Clothesline","floor":1.0},{"not_picked":["Battle Trance","Anger"],"picked":"Shockwave","floor":4.0},{"not_picked":["True Grit","Dual Wield"],"picked":"Twin Strike","floor":10.0},{"not_picked":["Ghostly Armor","Double Tap"],"picked":"Shrug It Off","floor":13.0},{"not_picked":["Flex","Armaments"],"picked":"Infernal Blade","floor":14.0},{"not_picked":["Feed","Juggernaut"],"picked":"Reaper","floor":16.0},{"not_picked":["Warcry","Cleave"],"picked":"True Grit","floor":18.0},{"not_picked":["Flex","Armaments"],"picked":"Corruption","floor":19.0},{"not_picked":["Shockwave","Warcry"],"picked":"Thunderclap","floor":21.0},{"not_picked":["Ghostly Armor","Havoc"],"picked":"Pummel","floor":24.0},{"not_picked":["Sword Boomerang","Exhume"],"picked":"Rage","floor":28.0}],"player_experience":453248,"relics_obtained":[{"floor":9.0,"key":"Du-Vu Doll"},{"floor":13.0,"key":"Nunchaku"},{"floor":26.0,"key":"Centennial Puzzle"},{"floor":28.0,"key":"Bird Faced Urn"}],"event_choices":[{"damage_healed":0.0,"max_hp_gain":0.0,"max_hp_loss":0.0,"gold_gain":0.0,"event_name":"Scrap Ooze","player_choice":"Success","floor":3.0,"gold_loss":0.0,"damage_taken":18.0,"relics_obtained":["Turnip"]},{"damage_healed":0.0,"max_hp_gain":0.0,"max_hp_loss":0.0,"gold_gain":0.0,"event_name":"WeMeetAgain","player_choice":"Gave Potion","floor":5.0,"gold_loss":0.0,"damage_taken":0.0,"relics_obtained":["Potion Belt"]},{"damage_healed":0.0,"max_hp_gain":0.0,"max_hp_loss":0.0,"gold_gain":0.0,"event_name":"The Cleric","player_choice":"Leave","floor":7.0,"gold_loss":0.0,"damage_taken":0.0},{"damage_healed":0.0,"max_hp_gain":0.0,"max_hp_loss":0.0,"gold_gain":0.0,"event_name":"Match and Keep!","player_choice":"1 cards matched","floor":11.0,"gold_loss":0.0,"damage_taken":0.0,"cards_obtained":["Immolate"]},{"damage_healed":0.0,"max_hp_gain":0.0,"max_hp_loss":0.0,"gold_gain":0.0,"event_name":"Back to Basics","player_choice":"Simplicity","floor":20.0,"gold_loss":0.0,"damage_taken":0.0,"cards_upgraded":["Strike_R","Strike_R","Strike_R","Strike_R","Strike_R","Defend_R","Defend_R","Defend_R","Defend_R"]},{"damage_healed":0.0,"max_hp_gain":0.0,"max_hp_loss":0.0,"gold_gain":50.0,"event_name":"Nest","player_choice":"Stole From Cult","floor":22.0,"gold_loss":0.0,"damage_taken":0.0},{"damage_healed":0.0,"max_hp_gain":0.0,"max_hp_loss":0.0,"gold_gain":0.0,"event_name":"The Mausoleum","player_choice":"Opened","floor":25.0,"gold_loss":0.0,"damage_taken":0.0,"relics_obtained":["Oddly Smooth Stone"],"cards_obtained":["Writhe"]},{"damage_healed":0.0,"max_hp_gain":0.0,"max_hp_loss":0.0,"gold_gain":0.0,"event_name":"Addict","player_choice":"Stole Relic","floor":31.0,"gold_loss":0.0,"damage_taken":0.0,"relics_obtained":["Peace Pipe"],"cards_obtained":["Shame"]}],"is_beta":false,"boss_relics":[{"not_picked":["Ectoplasm","Fusion Hammer"],"picked":"Coffee Dripper"}],"items_purged_floors":[],"is_endless":false,"potions_floor_spawned":[1,10,14,18,21],"killed_by":"Collector","ascension_level":19}