{"gold_per_floor":[117,84,102,117,131,159,159,179,179,198,20,20,39,59,59,59],"floor_reached":16,"playtime":2722,"items_purged":[],"score":106,"play_id":"25327e4a-ad21-44c9-8ac2-76bbdfd4f972","local_time":"20190526225311","is_ascension_mode":false,"campfire_choices":[{"data":"Tools of the Trade","floor":7,"key":"SMITH"},{"floor":15,"key":"REST"}],"neow_cost":"NONE","seed_source_timestamp":190961386938838,"circlet_count":0,"master_deck":["Defend_G","Defend_G","Defend_G","Defend_G","Defend_G","Strike_G","Strike_G","Strike_G","Strike_G","Strike_G","Survivor","Neutralize","Tools of the Trade+1","Flying Knee","Escape Plan","Tools of the Trade","Dash","Backflip","Blade Dance","Outmaneuver","Escape Plan","Decay","Infinite Blades","Blade Dance"],"relics":["Ring of the Snake","Potion Belt","Lantern"],"potions_floor_usage":[6,14,14,16,16,16],"damage_taken":[{"damage":0,"enemies":"2 Louse","floor":1,"turns":4},{"damage":0,"enemies":"Small Slimes","floor":3,"turns":3},{"damage":0,"enemies":"Cultist","floor":4,"turns":3},{"damage":2,"enemies":"2 Fungi Beasts","floor":5,"turns":5},{"damage":34,"enemies":"3 Sentries","floor":6,"turns":14},{"damage":18,"enemies":"Gremlin Gang","floor":8,"turns":9},{"damage":0,"enemies":"Red Slaver","floor":10,"turns":4},{"damage":0,"enemies":"3 Louse","floor":13,"turns":5},{"damage":0,"enemies":"Large Slime","floor":14,"turns":7},{"damage":52,"enemies":"The Guardian","floor":16,"turns":17}],"seed_played":"-9184944296068753920","potions_obtained":[{"floor":1,"key":"Swift Potion"},{"floor":4,"key":"PowerPotion"},{"floor":10,"key":"Energy Potion"},{"floor":13,"key":"GhostInAJar"}],"is_trial":false,"path_per_floor":["M","?","M","M","M","E","R","M","T","M","$","?","M","M","R","B"],"character_chosen":"THE_SILENT","items_purchased":["Escape Plan","Block Potion","Swift Potion"],"campfire_rested":1,"item_purchase_floors":[11,11,11],"current_hp_per_floor":[70,70,70,70,68,34,34,16,16,16,16,16,16,16,37,0],"gold":59,"neow_bonus":"ONE_RANDOM_RARE_CARD","is_prod":false,"is_daily":false,"chose_seed":false,"campfire_upgraded":1,"win_rate":0,"timestamp":1558925591,"path_taken":["M","?","M","M","M","E","R","M","T","M","$","?","M","?","R","BOSS"],"build_version":"2019-01-23","purchased_purges":0,"victory":false,"max_hp_per_floor":[70,70,70,70,70,70,70,70,70,70,70,70,70,70,70,70],"card_choices":[{"not_picked":["Finisher","Dodge and Roll"],"picked":"Flying Knee","floor":1},{"not_picked":["Dagger Spray","Acrobatics"],"picked":"Escape Plan","floor":3},{"not_picked":["Deflect","Slice"],"picked":"Tools of the Trade","floor":4},{"not_picked":["Dodge and Roll","Bouncing Flask"],"picked":"Dash","floor":5},{"not_picked":["Flying Knee","Poisoned Stab"],"picked":"Backflip","floor":6},{"not_picked":["Prepared","Underhanded Strike"],"picked":"Blade Dance","floor":8},{"not_picked":["Acrobatics","Blade Dance"],"picked":"Outmaneuver","floor":10},{"not_picked":["Underhanded Strike","Dagger Spray"],"picked":"Infinite Blades","floor":13},{"not_picked":["Bane","Deadly Poison"],"picked":"Blade Dance","floor":14}],"player_experience":17950,"relics_obtained":[{"floor":6,"key":"Potion Belt"},{"floor":9,"key":"Lantern"}],"event_choices":[{"damage_healed":0,"gold_gain":0,"player_choice":"Left Gold","damage_taken":0,"max_hp_gain":0,"max_hp_loss":0,"event_name":"World of Goop","floor":2,"gold_loss":33},{"damage_healed":0,"gold_gain":0,"player_choice":"Cursed","damage_taken":0,"max_hp_gain":0,"max_hp_loss":0,"event_name":"Wheel of Change","floor":12,"gold_loss":0,"cards_obtained":["Decay"]}],"is_beta":false,"boss_relics":[],"items_purged_floors":[],"is_endless":false,"potions_floor_spawned":[1,4,10,13],"killed_by":"The Guardian","ascension_level":0}