{"gold_per_floor":[113,63,43,60,5,5,38,55,104,104,119,129,148,173,173,271,271,289,61,61,77,27,27,47,9,9,36,36,52,52,52,52,149,149,169,249,249,127,137,137,153,153,153,171,22,37,37,55,55,55],"floor_reached":51,"playtime":2346,"items_purged":["Strike_B","Barrage+1"],"score":677,"play_id":"95a1ebd6-2a2a-4c2b-9500-670da9d41189","local_time":"20181118231448","is_ascension_mode":false,"campfire_choices":[{"data":"Creative AI","floor":6.0,"key":"SMITH"},{"data":"Buffer","floor":10.0,"key":"SMITH"},{"data":"Defragment","floor":15.0,"key":"SMITH"},{"data":"Amplify","floor":23.0,"key":"SMITH"},{"data":"Defragment","floor":28.0,"key":"SMITH"},{"data":"Double Energy","floor":30,"key":"SMITH"},{"data":"Zap","floor":32,"key":"SMITH"},{"data":"Reboot","floor":40,"key":"SMITH"},{"data":"Dark Shackles","floor":42,"key":"SMITH"},{"data":"Cold Snap","floor":47,"key":"SMITH"},{"data":"Cold Snap","floor":49,"key":"SMITH"}],"neow_cost":"NONE","seed_source_timestamp":359958032020485,"circlet_count":0,"master_deck":["Defend_B+1","Defend_B","Zap+1","Ball Lightning","Creative AI+1","Buffer+1","Leap+1","Go for the Eyes+1","Go for the Eyes+1","Defragment+1","Amplify+1","Core Surge","Cold Snap+1","Cold Snap+1","Undo","Defragment+1","Static Discharge+1","Double Energy+1","Dark Shackles+1","Reboot+1","White Noise+1","Leap+1","Self Repair+1","Stack","Glacier","Cold Snap+1","Steam+1","Steam+1"],"special_seed":0,"relics":["Eternal Feather","Omamori","Ancient Tea Set","Regal Pillow","Whetstone","Empty Cage","War Paint","Matryoshka","Bag of Marbles","Astrolabe","Question Card","Cables","Bag of Preparation","Boot","DataDisk"],"potions_floor_usage":[33,50,50,50,50],"damage_taken":[{"damage":7.0,"enemies":"2 Louse","floor":1.0,"turns":2.0},{"damage":6.0,"enemies":"Jaw Worm","floor":4.0,"turns":3.0},{"damage":27.0,"enemies":"Gremlin Nob","floor":7.0,"turns":4.0},{"damage":0.0,"enemies":"Cultist","floor":8.0,"turns":5.0},{"damage":0.0,"enemies":"Large Slime","floor":11.0,"turns":6.0},{"damage":11.0,"enemies":"Lots of Slimes","floor":12.0,"turns":6.0},{"damage":0.0,"enemies":"Looter","floor":13.0,"turns":3.0},{"damage":15.0,"enemies":"Lagavulin","floor":14.0,"turns":8.0},{"damage":19.0,"enemies":"Hexaghost","floor":16.0,"turns":12.0},{"damage":10.0,"enemies":"Chosen","floor":18.0,"turns":5.0},{"damage":3.0,"enemies":"3 Byrds","floor":21.0,"turns":7.0},{"damage":4.0,"enemies":"Centurion and Healer","floor":24.0,"turns":10.0},{"damage":37.0,"enemies":"Gremlin Leader","floor":27.0,"turns":8.0},{"damage":10,"enemies":"Chosen and Byrds","floor":29,"turns":8},{"damage":26,"enemies":"Champ","floor":33,"turns":9},{"damage":4,"enemies":"3 Darklings","floor":35,"turns":6},{"damage":20,"enemies":"3 Shapes","floor":39,"turns":4},{"damage":8,"enemies":"Maw","floor":41,"turns":10},{"damage":0,"enemies":"Transient","floor":44,"turns":5},{"damage":0,"enemies":"3 Darklings","floor":46,"turns":6},{"damage":0,"enemies":"4 Shapes","floor":48,"turns":9},{"damage":22,"enemies":"Awakened One","floor":50,"turns":9}],"seed_played":"6421615147780680065","potions_obtained":[{"floor":3.0,"key":"Explosive Potion"},{"floor":7.0,"key":"LiquidBronze"},{"floor":8.0,"key":"Dexterity Potion"},{"floor":12.0,"key":"SkillPotion"},{"floor":14.0,"key":"EssenceOfSteel"},{"floor":16.0,"key":"Swift Potion"},{"floor":18.0,"key":"Fruit Juice"},{"floor":24.0,"key":"LiquidBronze"},{"floor":27.0,"key":"Explosive Potion"},{"floor":33,"key":"Poison Potion"},{"floor":44,"key":"EntropicBrew"},{"floor":46,"key":"LiquidBronze"}],"is_trial":false,"path_per_floor":["M","?","?","M","?","R","E","M","T","R","M","M","M","E","R","B",null,"M","$","?","M","?","R","M","$","T","E","R","M","R","?","R","B",null,"M","T","?","$","M","R","M","R","T","M","$","M","R","M","R","B",null],"character_chosen":"DEFECT","items_purchased":["War Paint","Defragment","Stack","DataDisk"],"campfire_rested":0,"item_purchase_floors":[19,25,38,45],"current_hp_per_floor":[68,68,68,62,62,68,41,41,41,47,47,36,36,21,30,11,75,65,65,65,62,62,71,67,67,67,35,47,37,49,49,61,35,80,76,76,68,68,58,73,75,80,80,80,80,80,80,80,80,58],"gold":55,"neow_bonus":"BOSS_RELIC","is_prod":false,"is_daily":false,"chose_seed":false,"campfire_upgraded":11,"win_rate":0,"timestamp":1542579288,"path_taken":["M","?","?","?","?","R","E","?","T","R","M","M","M","E","R","BOSS","M","$","?","M","?","R","?","?","T","E","R","M","R","?","R","BOSS","M","?","?","$","M","R","M","R","T","?","$","M","R","M","R","BOSS"],"build_version":"2018-11-15","purchased_purges":2,"victory":true,"max_hp_per_floor":[75,75,75,75,75,75,75,75,75,75,75,75,75,75,75,75,75,75,75,75,75,75,75,75,75,75,80,80,80,80,80,80,80,80,80,80,80,80,80,80,80,80,80,80,80,80,80,80,80,80],"card_choices":[{"not_picked":["Gash","Compile Driver"],"picked":"Ball Lightning","floor":1.0},{"not_picked":["Gash","Hologram"],"picked":"Creative AI","floor":4.0},{"not_picked":["Barrage","Conserve Battery"],"picked":"Buffer","floor":7.0},{"not_picked":["Steam","Streamline"],"picked":"Leap","floor":8.0},{"not_picked":["Rebound","Hologram"],"picked":"Go for the Eyes","floor":11.0},{"not_picked":["Streamline","Skim"],"picked":"Go for the Eyes","floor":12.0},{"not_picked":["Beam Cell","Double Energy"],"picked":"Defragment","floor":13.0},{"not_picked":["Streamline","Compile Driver"],"picked":"Amplify","floor":14.0},{"not_picked":["Thunder Strike","Seek"],"picked":"Core Surge","floor":16.0},{"not_picked":["Chill","Steam Power+1"],"picked":"Cold Snap","floor":18.0},{"not_picked":["Chaos","Beam Cell","Rebound"],"picked":"SKIP","floor":21.0},{"not_picked":["Streamline","Compile Driver"],"picked":"Undo","floor":24.0},{"not_picked":["Rip and Tear","Steam Power+1"],"picked":"Static Discharge+1","floor":27.0},{"not_picked":["Skim","Melter"],"picked":"Double Energy","floor":29},{"not_picked":["Creative AI","Amplify"],"picked":"Reboot","floor":33},{"not_picked":["Gash","Consume"],"picked":"Self Repair+1","floor":35},{"not_picked":["Tempest","Streamline","Go for the Eyes+1"],"picked":"Glacier","floor":39},{"not_picked":["Heatsinks+1","Beam Cell","Undo"],"picked":"Cold Snap+1","floor":41},{"not_picked":["BootSequence","Beam Cell","Rebound"],"picked":"Steam+1","floor":44},{"not_picked":["Reprogram+1","Hello World","Gash","Steam"],"picked":"SKIP","floor":46},{"not_picked":["Genetic Algorithm","Rebound","Barrage"],"picked":"Steam+1","floor":48}],"player_experience":501272,"relics_obtained":[{"floor":7.0,"key":"Ancient Tea Set"},{"floor":9.0,"key":"Regal Pillow"},{"floor":14.0,"key":"Whetstone"},{"floor":26.0,"key":"Matryoshka"},{"floor":27.0,"key":"Bag of Marbles"},{"floor":36,"key":"Question Card"},{"floor":36,"key":"Cables"},{"floor":43,"key":"Bag of Preparation"},{"floor":43,"key":"Boot"}],"event_choices":[{"cards_removed":["Strike_B"],"damage_healed":0.0,"max_hp_gain":0.0,"max_hp_loss":0.0,"gold_gain":0.0,"event_name":"The Cleric","player_choice":"Card Removal","floor":2.0,"gold_loss":50.0,"damage_taken":0.0},{"damage_healed":0.0,"max_hp_gain":0.0,"max_hp_loss":0.0,"gold_gain":0.0,"event_name":"The Woman in Blue","player_choice":"Bought 1 Potion","floor":3.0,"gold_loss":0.0,"damage_taken":0.0},{"damage_healed":0.0,"max_hp_gain":0.0,"max_hp_loss":0.0,"gold_gain":0.0,"event_name":"WeMeetAgain","player_choice":"Paid Gold","floor":5.0,"gold_loss":55.0,"damage_taken":0.0,"relics_obtained":["Omamori"]},{"damage_healed":0.0,"max_hp_gain":0.0,"max_hp_loss":0.0,"gold_gain":0.0,"event_name":"The Library","player_choice":"Read","floor":20.0,"gold_loss":0.0,"damage_taken":0.0,"cards_obtained":["Cold Snap"]},{"damage_healed":0.0,"max_hp_gain":0.0,"max_hp_loss":0.0,"gold_gain":0.0,"event_name":"The Joust","player_choice":"Bet on Murderer","floor":22.0,"gold_loss":50.0,"damage_taken":0.0},{"damage_healed":0,"gold_gain":0,"player_choice":"1 cards matched","damage_taken":0,"max_hp_gain":0,"max_hp_loss":0,"event_name":"Match and Keep!","floor":31,"gold_loss":0,"cards_obtained":["Dark Shackles"]},{"damage_healed":0,"gold_gain":0,"player_choice":"Damaged","damage_taken":8,"max_hp_gain":0,"max_hp_loss":0,"event_name":"Wheel of Change","floor":37,"gold_loss":0}],"is_beta":false,"boss_relics":[{"not_picked":["Pandora\u0027s Box","Coffee Dripper"],"picked":"Empty Cage"},{"not_picked":["Calling Bell","Snecko Eye"],"picked":"Astrolabe"}],"items_purged_floors":[19,38],"is_endless":false,"potions_floor_spawned":[7,8,12,14,16,18,24,27,33,44,46,48],"ascension_level":0}