{"gold_per_floor":[111,121,121,196,210,210,224,224,249,249,261,222,248,264,264,264],"floor_reached":16,"playtime":414,"items_purged":[],"score":107,"play_id":"8bf7e484-cd64-4176-816f-0c8bdb11bafe","local_time":"20190326143738","is_ascension_mode":true,"campfire_choices":[{"floor":6,"key":"REST"},{"floor":8,"key":"REST"},{"floor":10,"key":"REST"},{"floor":15,"key":"REST"}],"neow_cost":"NONE","seed_source_timestamp":244676619482633,"circlet_count":0,"master_deck":["Strike_B","Strike_B","Strike_B","Defend_B","Defend_B","Defend_B","Defend_B","Zap","Dualcast","Genetic Algorithm","Echo Form","Capacitor","Static Discharge","Turbo","Sunder","Self Repair"],"relics":["Fusion Hammer","Dream Catcher","Juzu Bracelet"],"potions_floor_usage":[],"damage_taken":[{"damage":0,"enemies":"Cultist","floor":1,"turns":4},{"damage":1,"enemies":"2 Louse","floor":2,"turns":3},{"damage":11,"enemies":"Small Slimes","floor":5,"turns":4},{"damage":9,"enemies":"3 Louse","floor":7,"turns":4},{"damage":6,"enemies":"Looter","floor":11,"turns":4},{"damage":28,"enemies":"Gremlin Nob","floor":13,"turns":5},{"damage":15,"enemies":"2 Fungi Beasts","floor":14,"turns":4},{"damage":0,"enemies":"Slime Boss","floor":16,"turns":1}],"seed_played":"4550777517017245740","potions_obtained":[{"floor":7,"key":"PowerPotion"},{"floor":11,"key":"Energy Potion"}],"is_trial":false,"path_per_floor":["M","M","?","?","M","R","M","R","T","R","M","$","E","M","R","B"],"character_chosen":"DEFECT","items_purchased":["Sunder"],"campfire_rested":4,"item_purchase_floors":[12],"current_hp_per_floor":[75,74,67,56,45,67,58,75,75,75,69,69,41,26,48,48],"gold":264,"neow_bonus":"BOSS_RELIC","is_prod":false,"is_daily":false,"chose_seed":false,"campfire_upgraded":0,"win_rate":0,"timestamp":1553636258,"path_taken":["M","M","?","?","M","R","M","R","T","R","M","$","E","M","R","BOSS"],"build_version":"2019-01-23","purchased_purges":0,"victory":false,"max_hp_per_floor":[75,75,75,75,75,75,75,75,75,75,75,75,75,75,75,75],"card_choices":[{"not_picked":["Barrage","Redo"],"picked":"Genetic Algorithm","floor":1},{"not_picked":["Go for the Eyes","Ball Lightning"],"picked":"Echo Form","floor":2},{"not_picked":["Beam Cell","Coolheaded"],"picked":"Capacitor","floor":5},{"not_picked":["Compile Driver","Steam Power","Lockon"],"picked":"SKIP","floor":7},{"not_picked":["Stack","Conserve Battery"],"picked":"Static Discharge","floor":10},{"not_picked":["Genetic Algorithm","Fusion"],"picked":"Turbo","floor":11},{"not_picked":["Gash","Conserve Battery","Aggregate"],"picked":"SKIP","floor":13},{"not_picked":["Static Discharge","FTL","Genetic Algorithm"],"picked":"SKIP","floor":14},{"not_picked":["Core Surge","Reinforced Body"],"picked":"Self Repair","floor":15}],"player_experience":52240,"relics_obtained":[{"floor":9,"key":"Dream Catcher"},{"floor":13,"key":"Juzu Bracelet"}],"event_choices":[{"cards_removed":["Strike_B"],"damage_healed":0,"gold_gain":0,"player_choice":"Card Removal","damage_taken":7,"max_hp_gain":0,"max_hp_loss":0,"event_name":"Golden Wing","floor":3,"gold_loss":0},{"damage_healed":0,"gold_gain":75,"player_choice":"Gather Gold","damage_taken":11,"max_hp_gain":0,"max_hp_loss":0,"event_name":"World of Goop","floor":4,"gold_loss":0}],"is_beta":false,"boss_relics":[],"items_purged_floors":[],"is_endless":false,"potions_floor_spawned":[7,11],"killed_by":"Slime Boss","ascension_level":1}