{"gold_per_floor":[117,137,151,151,166,192,192,219,300,265,282,282,53,71,71,71],"floor_reached":16,"playtime":512,"items_purged":["Pain"],"score":224,"play_id":"832623ff-79ad-4ce8-ac57-7cbadc50fe4a","local_time":"20190120113435","is_ascension_mode":true,"campfire_choices":[{"floor":7.0,"key":"REST"},{"data":"Perfected Strike","floor":12.0,"key":"SMITH"},{"data":"Perfected Strike","floor":15.0,"key":"SMITH"}],"neow_cost":"NONE","seed_source_timestamp":924891327442664,"circlet_count":0,"master_deck":["AscendersBane","Strike_R","Strike_R","Strike_R","Strike_R","Strike_R","Defend_R","Defend_R","Defend_R","Defend_R","Bash","Armaments","Feel No Pain","Cleave","Perfected Strike+1","Iron Wave","Perfected Strike+1","Metallicize","Feel No Pain","Whirlwind","Iron Wave"],"special_seed":0,"relics":["Burning Blood","NeowsBlessing","WarpedTongs","Ginger","Ice Cream"],"potions_floor_usage":[16],"damage_taken":[{"damage":0.0,"enemies":"2 Louse","floor":1.0,"turns":1.0},{"damage":0.0,"enemies":"Cultist","floor":2.0,"turns":1.0},{"damage":0.0,"enemies":"Small Slimes","floor":3.0,"turns":1.0},{"damage":15.0,"enemies":"Blue Slaver","floor":5.0,"turns":3.0},{"damage":58.0,"enemies":"Lagavulin","floor":6.0,"turns":6.0},{"damage":27.0,"enemies":"3 Sentries","floor":8.0,"turns":8.0},{"damage":0.0,"enemies":"Exordium Wildlife","floor":11.0,"turns":3.0},{"damage":2.0,"enemies":"3 Louse","floor":14.0,"turns":2.0},{"damage":50,"enemies":"Hexaghost","floor":16,"turns":9}],"seed_played":"7663619079685584474","potions_obtained":[{"floor":5.0,"key":"Fire Potion"},{"floor":8.0,"key":"Fruit Juice"},{"floor":11.0,"key":"Energy Potion"}],"is_trial":false,"path_per_floor":["M","M","M","?","M","E","R","E","T","?","M","R","$","M","R","B"],"character_chosen":"IRONCLAD","items_purchased":["Feel No Pain","Whirlwind"],"campfire_rested":1,"item_purchase_floors":[13,13],"current_hp_per_floor":[74,75,75,75,66,14,36,15,15,33,39,39,39,43,43,0],"gold":71,"neow_bonus":"THREE_ENEMY_KILL","is_prod":false,"is_daily":false,"chose_seed":false,"campfire_upgraded":2,"win_rate":0,"timestamp":1547980475,"path_taken":["M","M","M","?","?","E","R","E","T","?","M","R","$","M","R","BOSS"],"build_version":"2019-01-17v2","purchased_purges":1,"victory":false,"max_hp_per_floor":[75,75,75,75,75,75,75,75,75,75,75,75,75,75,75,80],"card_choices":[{"not_picked":["Flex","Burning Pact"],"picked":"Armaments","floor":1.0},{"not_picked":["Combust","Sentinel"],"picked":"Feel No Pain","floor":2.0},{"not_picked":["Fire Breathing","Wild Strike"],"picked":"Cleave","floor":3.0},{"not_picked":["Headbutt","Burning Pact"],"picked":"Perfected Strike","floor":5.0},{"not_picked":["Metallicize","Wild Strike"],"picked":"Iron Wave","floor":6.0},{"not_picked":["Bludgeon","Pummel"],"picked":"Perfected Strike","floor":8.0},{"not_picked":["Seeing Red","Anger"],"picked":"Metallicize","floor":11.0},{"not_picked":["Seeing Red","Bloodletting"],"picked":"Iron Wave","floor":14.0}],"player_experience":609198,"relics_obtained":[{"floor":6.0,"key":"Ginger"},{"floor":8.0,"key":"Ice Cream"}],"event_choices":[{"damage_healed":0.0,"max_hp_gain":0.0,"max_hp_loss":0.0,"gold_gain":0.0,"event_name":"Accursed Blacksmith","player_choice":"Rummage","floor":4.0,"gold_loss":0.0,"damage_taken":0.0,"relics_obtained":["WarpedTongs"],"cards_obtained":["Pain"]},{"damage_healed":18.0,"max_hp_gain":0.0,"max_hp_loss":0.0,"gold_gain":0.0,"event_name":"The Cleric","player_choice":"Healed","floor":10.0,"gold_loss":35.0,"damage_taken":0.0}],"is_beta":false,"boss_relics":[],"items_purged_floors":[13],"is_endless":false,"potions_floor_spawned":[5,8,11],"killed_by":"Hexaghost","ascension_level":20}