{"gold_per_floor":[110,110,126,81,96,96,127,127,154,186,205,205],"floor_reached":12,"playtime":390,"items_purged":[],"score":106,"play_id":"3df8b7de-f95b-43d9-adcf-3264189b519f","local_time":"20190728163307","is_ascension_mode":true,"campfire_choices":[{"data":"True Grit","floor":6,"key":"SMITH"},{"data":"Havoc","floor":8,"key":"SMITH"}],"neow_cost":"NONE","seed_source_timestamp":1617205084436888,"circlet_count":0,"master_deck":["Strike_R","Strike_R","Strike_R","Strike_R","Defend_R","Defend_R","Defend_R","Defend_R","Bash","Spot Weakness","True Grit+1","Havoc+1"],"relics":["Burning Blood","Bag of Preparation","Centennial Puzzle","Art of War"],"potions_floor_usage":[10,12],"damage_taken":[{"damage":0,"enemies":"Small Slimes","floor":1,"turns":3},{"damage":6,"enemies":"Cultist","floor":3,"turns":3},{"damage":7,"enemies":"2 Louse","floor":5,"turns":2},{"damage":44,"enemies":"Gremlin Nob","floor":7,"turns":5},{"damage":25,"enemies":"Lagavulin","floor":10,"turns":6},{"damage":4,"enemies":"2 Fungi Beasts","floor":11,"turns":4},{"damage":41,"enemies":"Gremlin Nob","floor":12,"turns":3}],"seed_played":"-7214725355510727760","potions_obtained":[{"floor":5,"key":"Swift Potion"},{"floor":7,"key":"AttackPotion"}],"is_trial":false,"path_per_floor":["M","?","M","?","M","R","E","R","T","E","M","E"],"character_chosen":"IRONCLAD","items_purchased":[],"campfire_rested":0,"item_purchase_floors":[],"current_hp_per_floor":[88,88,88,88,87,87,49,49,49,30,32,0],"gold":205,"neow_bonus":"TEN_PERCENT_HP_BONUS","is_prod":false,"is_daily":false,"chose_seed":false,"campfire_upgraded":2,"win_rate":0,"timestamp":1564345987,"path_taken":["M","?","?","?","M","R","E","R","T","E","M","E"],"build_version":"2019-07-17","purchased_purges":0,"victory":false,"max_hp_per_floor":[88,88,88,88,88,88,88,88,88,88,88,88],"card_choices":[{"not_picked":["Clothesline","Pummel"],"picked":"Spot Weakness","floor":1},{"not_picked":["Clothesline","Warcry","Feel No Pain"],"picked":"SKIP","floor":3},{"not_picked":["Dropkick","Wild Strike"],"picked":"True Grit","floor":5},{"not_picked":["Infernal Blade","Berserk"],"picked":"Havoc","floor":7},{"not_picked":["Thunderclap","Flex","Burning Pact"],"picked":"SKIP","floor":10},{"not_picked":["Thunderclap","Flex","Burning Pact"],"picked":"SKIP","floor":10},{"not_picked":["Thunderclap","Clash","Twin Strike"],"picked":"SKIP","floor":11}],"player_experience":317845,"relics_obtained":[{"floor":7,"key":"Bag of Preparation"},{"floor":9,"key":"Centennial Puzzle"},{"floor":10,"key":"Art of War"}],"event_choices":[{"cards_removed":["Strike_R"],"damage_healed":0,"gold_gain":0,"player_choice":"Purged","damage_taken":0,"max_hp_gain":0,"max_hp_loss":0,"event_name":"Purifier","floor":2,"gold_loss":0},{"damage_healed":0,"gold_gain":0,"player_choice":"Left Gold","damage_taken":0,"max_hp_gain":0,"max_hp_loss":0,"event_name":"World of Goop","floor":4,"gold_loss":45}],"is_beta":false,"boss_relics":[],"items_purged_floors":[],"is_endless":false,"potions_floor_spawned":[5,7],"killed_by":"Gremlin Nob","ascension_level":4}