{"gold_per_floor":[209,284,284,302,318,344,344,358,358,392,392,43,43,8,8,110,110,130,130,149,5,5,5,19,19,43,43,43,43,53,66,66,66],"floor_reached":33,"playtime":1161,"items_purged":["Strike_B"],"score":405,"play_id":"d04378d4-11bd-4703-9e18-588396a43314","local_time":"20190302200812","is_ascension_mode":true,"campfire_choices":[{"data":"Fusion","floor":7,"key":"SMITH"},{"floor":11,"key":"REST"},{"data":"Buffer","floor":15,"key":"SMITH"},{"floor":23,"key":"REST"},{"data":"Creative AI","floor":25,"key":"SMITH"},{"data":"Conserve Battery","floor":27,"key":"SMITH"},{"floor":29,"key":"REST"},{"floor":32,"key":"REST"}],"neow_cost":"NONE","seed_source_timestamp":86743571998300,"circlet_count":0,"master_deck":["AscendersBane","Zap","Dualcast","Ball Lightning","Cold Snap","Fusion+1","Sweeping Beam","Glacier","Leap","Buffer+1","Sunder+1","Conserve Battery+1","Creative AI+1","Barrage+1","Multi-Cast","Genetic Algorithm","Leap","Doom and Gloom+1","Seek","Chill+1","Cold Snap+1","Gash+1","RitualDagger+1","Core Surge+1","Self Repair"],"relics":["Cracked Core","Bottled Lightning","Molten Egg 2","Bag of Preparation","Pandora\u0027s Box","Ginger","Juzu Bracelet","Happy Flower"],"potions_floor_usage":[6,18,30],"damage_taken":[{"damage":8,"enemies":"Jaw Worm","floor":1,"turns":4},{"damage":1,"enemies":"Cultist","floor":4,"turns":4},{"damage":3,"enemies":"2 Louse","floor":5,"turns":2},{"damage":13,"enemies":"Lagavulin","floor":6,"turns":8},{"damage":6,"enemies":"Looter","floor":8,"turns":3},{"damage":19,"enemies":"Gremlin Nob","floor":10,"turns":5},{"damage":39,"enemies":"The Guardian","floor":16,"turns":15},{"damage":35,"enemies":"3 Byrds","floor":18,"turns":5},{"damage":15,"enemies":"2 Thieves","floor":20,"turns":2},{"damage":8,"enemies":"Chosen and Byrds","floor":24,"turns":6},{"damage":11,"enemies":"Shelled Parasite and Fungi","floor":30,"turns":8},{"damage":31,"enemies":"Cultist and Chosen","floor":31,"turns":7},{"damage":60,"enemies":"Champ","floor":33,"turns":10}],"seed_played":"-6879969445386695595","potions_obtained":[{"floor":5,"key":"Block Potion"},{"floor":8,"key":"SneckoOil"},{"floor":20,"key":"Swift Potion"}],"is_trial":false,"path_per_floor":["M","?","?","M","M","E","R","M","T","E","R","$","?","?","R","B",null,"M","?","M","$","?","R","M","R","T","R","?","R","M","M","R","B"],"character_chosen":"DEFECT","items_purchased":["Buffer","Sunder+1","Conserve Battery","Juzu Bracelet"],"campfire_rested":4,"item_purchase_floors":[12,12,12,21],"current_hp_per_floor":[60,49,49,48,45,32,32,26,26,7,29,29,34,54,54,15,64,29,29,14,14,14,38,30,30,30,30,24,48,37,6,30,0],"gold":66,"neow_bonus":"HUNDRED_GOLD","is_prod":false,"is_daily":false,"chose_seed":false,"campfire_upgraded":4,"win_rate":0,"timestamp":1551553692,"path_taken":["M","?","?","M","?","E","R","M","T","E","R","$","?","?","R","BOSS","M","?","M","$","?","R","M","R","T","R","?","R","M","M","R","BOSS"],"build_version":"2019-01-23","purchased_purges":1,"victory":false,"max_hp_per_floor":[75,75,75,75,75,75,75,75,75,75,75,75,80,80,80,80,80,80,80,80,80,80,80,80,80,80,80,80,80,80,80,80,80],"card_choices":[{"not_picked":["Turbo","Go for the Eyes"],"picked":"Ball Lightning","floor":1},{"not_picked":["Redo","Rebound"],"picked":"Cold Snap","floor":4},{"not_picked":["Redo","Undo"],"picked":"Fusion","floor":5},{"not_picked":["Hello World","Steam Power"],"picked":"Sweeping Beam","floor":6},{"not_picked":["Streamline","Auto Shields"],"picked":"Glacier","floor":8},{"not_picked":["Beam Cell+1","Glacier"],"picked":"Leap","floor":10},{"not_picked":["Thunder Strike+1","Multi-Cast"],"picked":"Creative AI","floor":16},{"not_picked":["Leap+1","Barrage+1"],"picked":"Chill+1","floor":18},{"not_picked":["Barrage+1","Gash+1"],"picked":"Cold Snap+1","floor":20},{"not_picked":["Turbo+1","Steam"],"picked":"Gash+1","floor":24},{"not_picked":["Sweeping Beam+1","Steam"],"picked":"Core Surge+1","floor":30},{"not_picked":["Ball Lightning+1","Redo"],"picked":"Self Repair","floor":31}],"player_experience":878344,"relics_obtained":[{"floor":6,"key":"Bottled Lightning"},{"floor":9,"key":"Molten Egg 2"},{"floor":10,"key":"Bag of Preparation"},{"floor":26,"key":"Happy Flower"}],"event_choices":[{"damage_healed":0,"gold_gain":75,"player_choice":"Gather Gold","damage_taken":11,"max_hp_gain":0,"max_hp_loss":0,"event_name":"World of Goop","floor":2,"gold_loss":0},{"cards_removed":["Strike_B"],"damage_healed":0,"gold_gain":0,"player_choice":"Offered Basic","damage_taken":0,"max_hp_gain":0,"max_hp_loss":0,"event_name":"Bonfire Elementals","floor":3,"gold_loss":0},{"damage_healed":0,"gold_gain":0,"player_choice":"Donut","damage_taken":0,"max_hp_gain":5,"max_hp_loss":0,"event_name":"Big Fish","floor":13,"gold_loss":0},{"damage_healed":20,"gold_gain":0,"player_choice":"Healed","damage_taken":0,"max_hp_gain":0,"max_hp_loss":0,"event_name":"The Cleric","floor":14,"gold_loss":35},{"damage_healed":0,"gold_gain":0,"player_choice":"Opened","damage_taken":0,"relics_obtained":["Ginger"],"max_hp_gain":0,"max_hp_loss":0,"event_name":"The Mausoleum","floor":19,"gold_loss":0,"cards_obtained":["Writhe"]},{"cards_removed":["Writhe"],"damage_healed":0,"gold_gain":0,"player_choice":"Removed Curses","damage_taken":0,"max_hp_gain":0,"max_hp_loss":0,"event_name":"Fountain of Cleansing","floor":22,"gold_loss":0},{"damage_healed":0,"gold_gain":0,"player_choice":"Joined the Cult","damage_taken":6,"max_hp_gain":0,"max_hp_loss":0,"event_name":"Nest","floor":28,"gold_loss":0,"cards_obtained":["RitualDagger"]}],"is_beta":false,"boss_relics":[{"not_picked":["Calling Bell","Sozu"],"picked":"Pandora\u0027s Box"}],"items_purged_floors":[12],"is_endless":false,"potions_floor_spawned":[5,8,20],"killed_by":"Champ","ascension_level":12}