{"gold_per_floor":[113,131,45,45,45,108,118,135,158,190,190,92,122,134,134,134],"floor_reached":16,"playtime":435,"items_purged":["Strike_B"],"score":261,"play_id":"387b66f2-4828-4b81-a36b-66e5eec0a662","local_time":"20190708193454","is_ascension_mode":true,"campfire_choices":[{"data":"Defragment","floor":15,"key":"SMITH"}],"neow_cost":"NONE","seed_source_timestamp":411328100334862,"circlet_count":0,"master_deck":["AscendersBane","Strike_B","Strike_B","Strike_B","Defend_B","Defend_B","Defend_B","Defend_B","Zap","Dualcast","Turbo","Capacitor","Defragment+1","Hologram","Hyperbeam","Self Repair","Hologram","Steam","Steam","Hologram","Turbo","Hologram","Gash"],"special_seed":0,"relics":["Cracked Core","NeowsBlessing","Tiny Chest","Orichalcum","Pen Nib","Dodecahedron","Bronze Scales"],"potions_floor_usage":[16],"damage_taken":[{"damage":0.0,"enemies":"Jaw Worm","floor":1.0,"turns":1.0},{"damage":0.0,"enemies":"Small Slimes","floor":2.0,"turns":1.0},{"damage":0.0,"enemies":"Lagavulin","floor":6.0,"turns":1.0},{"damage":10.0,"enemies":"Cultist","floor":7.0,"turns":4.0},{"damage":0.0,"enemies":"Exordium Wildlife","floor":8.0,"turns":2.0},{"damage":25.0,"enemies":"Gremlin Nob","floor":10.0,"turns":6.0},{"damage":0,"enemies":"2 Fungi Beasts","floor":14,"turns":2},{"damage":46,"enemies":"Hexaghost","floor":16,"turns":9}],"seed_played":"1579072586588745871","potions_obtained":[{"floor":2.0,"key":"EntropicBrew"},{"floor":14,"key":"Dexterity Potion"}],"is_trial":false,"path_per_floor":["M","M","$","?","?","E","M","M","T","E","T","$","?","M","R","B"],"character_chosen":"DEFECT","items_purchased":["Defragment","Hologram","Hologram"],"campfire_rested":0,"item_purchase_floors":[3,3,12],"current_hp_per_floor":[64,64,64,64,64,64,61,61,61,43,43,43,43,43,43,0],"gold":134,"neow_bonus":"THREE_ENEMY_KILL","is_prod":false,"is_daily":false,"chose_seed":false,"campfire_upgraded":1,"win_rate":0,"timestamp":1562639694,"path_taken":["M","M","$","?","?","E","?","M","T","E","?","$","?","M","R","BOSS"],"build_version":"2019-07-05","purchased_purges":1,"victory":false,"max_hp_per_floor":[71,71,71,71,71,71,71,71,71,71,71,71,71,71,71,71],"card_choices":[{"not_picked":["Conserve Battery","Sweeping Beam"],"picked":"Turbo","floor":1.0},{"not_picked":["Ball Lightning","Gash"],"picked":"Capacitor","floor":2.0},{"not_picked":["Force Field","Reinforced Body"],"picked":"Steam","floor":6.0},{"not_picked":["Sweeping Beam","Storm"],"picked":"Steam","floor":7.0},{"not_picked":["FTL","Fusion"],"picked":"Hologram","floor":8.0},{"not_picked":["Creative AI","Streamline"],"picked":"Turbo","floor":10.0},{"not_picked":["Streamline","Blizzard"],"picked":"Gash","floor":14}],"player_experience":156151,"relics_obtained":[{"floor":6.0,"key":"Tiny Chest"},{"floor":9.0,"key":"Orichalcum"},{"floor":10.0,"key":"Pen Nib"},{"floor":11.0,"key":"Dodecahedron"}],"event_choices":[{"damage_healed":0.0,"max_hp_gain":0.0,"max_hp_loss":0.0,"gold_gain":0.0,"event_name":"The Cleric","player_choice":"Leave","floor":4.0,"gold_loss":0.0,"damage_taken":0.0},{"damage_healed":0.0,"max_hp_gain":0.0,"max_hp_loss":0.0,"gold_gain":0.0,"event_name":"Match and Keep!","player_choice":"3 cards matched","floor":5.0,"gold_loss":0.0,"damage_taken":0.0,"cards_obtained":["Hyperbeam","Self Repair","Hologram"]},{"damage_healed":0,"gold_gain":30,"player_choice":"Searched \u00272\u0027 times","damage_taken":0,"relics_obtained":["Bronze Scales"],"max_hp_gain":0,"max_hp_loss":0,"event_name":"Dead Adventurer","floor":13,"gold_loss":0}],"is_beta":false,"boss_relics":[],"items_purged_floors":[12],"is_endless":false,"potions_floor_spawned":[2,7,14],"killed_by":"Hexaghost","ascension_level":15}