{"gold_per_floor":[146,146,158,158,233,259,259,287,341,341,46,63,77,27,27,127,127,146,146,20,20,34,34,34,54,107,107,121,131,164,178,178,178],"floor_reached":33,"playtime":2583,"items_purged":["Strike_G"],"score":398,"play_id":"92977f01-646b-4be7-bcc5-894066cacbe8","local_time":"20180814224532","is_ascension_mode":true,"campfire_choices":[{"floor":7,"key":"REST"},{"data":"Quick Slash","floor":10,"key":"SMITH"},{"floor":15,"key":"REST"},{"floor":23,"key":"REST"},{"data":"Noxious Fumes","floor":27,"key":"SMITH"},{"floor":32,"key":"REST"}],"neow_cost":"NONE","seed_source_timestamp":512414163133659,"circlet_count":0,"master_deck":["Defend_G","Defend_G","Defend_G","Defend_G","Defend_G","Strike_G","Strike_G","Strike_G","Strike_G+1","Survivor","Neutralize","Sucker Punch","Quick Slash+1","Predator+1","Leg Sweep","Heel Hook","Noxious Fumes+1","After Image","Infinite Blades","A Thousand Cuts","Heel Hook+1"],"relics":["Ring of the Snake","Tiny Chest","Oddly Smooth Stone","Centennial Puzzle","Pen Nib","Whetstone","Juzu Bracelet","Omamori","Runic Pyramid","Spirit Poop","Lantern","Vajra","Bottled Tornado"],"potions_floor_usage":[8,16,16,18,30,33],"damage_taken":[{"damage":0,"enemies":"2 Louse","floor":1,"turns":3},{"damage":0,"enemies":"Cultist","floor":3,"turns":3},{"damage":26,"enemies":"3 Sentries","floor":6,"turns":11},{"damage":13,"enemies":"Gremlin Nob","floor":8,"turns":4},{"damage":0,"enemies":"Jaw Worm","floor":12,"turns":3},{"damage":1,"enemies":"2 Fungi Beasts","floor":13,"turns":2},{"damage":23,"enemies":"Slime Boss","floor":16,"turns":6},{"damage":16,"enemies":"2 Thieves","floor":18,"turns":3},{"damage":5,"enemies":"3 Byrds","floor":22,"turns":6},{"damage":13,"enemies":"Snake Plant","floor":25,"turns":7},{"damage":0,"enemies":"Snecko","floor":28,"turns":5},{"damage":11,"enemies":"3 Cultists","floor":29,"turns":6},{"damage":3,"enemies":"Gremlin Leader","floor":30,"turns":8},{"damage":11,"enemies":"Cultist and Chosen","floor":31,"turns":5},{"damage":47,"enemies":"Automaton","floor":33,"turns":8}],"seed_played":"1252025616809431439","potions_obtained":[{"floor":6,"key":"AttackPotion"},{"floor":8,"key":"SpeedPotion"},{"floor":13,"key":"Explosive Potion"},{"floor":16,"key":"PowerPotion"},{"floor":29,"key":"EssenceOfSteel"},{"floor":30,"key":"Strength Potion"}],"is_trial":false,"path_per_floor":["M","?","M","?","?","E","R","E","T","R","$","M","M","$","R","B",null,"M","?","$","?","M","R","$","M","T","R","M","M","E","M","R"],"character_chosen":"THE_SILENT","items_purchased":["Juzu Bracelet","Omamori","Fire Potion","SteroidPotion"],"campfire_rested":4,"item_purchase_floors":[11,11,14,20],"current_hp_per_floor":[63,63,63,63,52,26,47,34,34,34,34,34,33,33,54,31,60,44,44,44,44,39,60,60,47,47,47,47,36,33,22,43,0],"gold":178,"neow_bonus":"RANDOM_COMMON_RELIC","is_prod":false,"is_daily":false,"chose_seed":false,"campfire_upgraded":2,"win_rate":0,"timestamp":1534283132,"path_taken":["M","?","M","?","?","E","R","E","T","R","?","M","M","$","R","BOSS","M","?","$","?","M","R","?","M","T","R","M","M","E","M","R","BOSS"],"build_version":"2018-08-09","purchased_purges":1,"victory":false,"max_hp_per_floor":[70,70,70,70,70,70,70,70,70,70,70,70,70,70,70,70,70,70,70,70,70,70,70,70,70,70,70,70,70,70,70,70,70],"card_choices":[{"not_picked":["Deflect","Acrobatics"],"picked":"Sucker Punch","floor":1},{"not_picked":["Expertise","Underhanded Strike"],"picked":"Predator","floor":3},{"not_picked":["Blade Dance","Deadly Poison"],"picked":"Leg Sweep","floor":6},{"not_picked":["Slice","Storm of Steel","All Out Attack"],"picked":"SKIP","floor":8},{"not_picked":["Dagger Throw","Distraction"],"picked":"Heel Hook","floor":12},{"not_picked":["Quick Slash","Well Laid Plans"],"picked":"Noxious Fumes","floor":13},{"not_picked":["Venomology","Unload"],"picked":"After Image","floor":16},{"not_picked":["Deadly Poison","Slice","Sucker Punch"],"picked":"SKIP","floor":18},{"not_picked":["Calculated Gamble","Setup","Leg Sweep"],"picked":"SKIP","floor":22},{"not_picked":["Prepared","Predator","Flying Knee"],"picked":"SKIP","floor":25},{"not_picked":["Reflex","Blade Dance","Slice"],"picked":"SKIP","floor":28},{"not_picked":["Setup","Dagger Throw"],"picked":"Infinite Blades","floor":29},{"not_picked":["Masterful Stab","Riddle With Holes"],"picked":"A Thousand Cuts","floor":30},{"not_picked":["Bane","Choke"],"picked":"Heel Hook+1","floor":31}],"player_experience":565014,"relics_obtained":[{"floor":6,"key":"Centennial Puzzle"},{"floor":8,"key":"Pen Nib"},{"floor":9,"key":"Whetstone"},{"floor":26,"key":"Vajra"},{"floor":30,"key":"Bottled Tornado"}],"event_choices":[{"event_name":"Match and Keep!","player_choice":"1 cards matched","floor":2,"damage_taken":0},{"event_name":"Big Fish","player_choice":"Box","floor":4,"damage_taken":0},{"event_name":"World of Goop","player_choice":"Gather Gold","floor":5,"damage_taken":0},{"event_name":"Bonfire Elementals","player_choice":"CURSE","floor":19,"damage_taken":0},{"event_name":"The Mausoleum","player_choice":"Yes","floor":21,"damage_taken":0}],"is_beta":false,"boss_relics":[{"not_picked":["Lizard Tail","Ectoplasm"],"picked":"Runic Pyramid"}],"items_purged_floors":[20],"is_endless":false,"potions_floor_spawned":[6,8,13,16,29,30],"killed_by":"Automaton","ascension_level":9}