{"gold_per_floor":[113,63,63,79,95,95,127,127,127,127,144,144,171,190,190,269,269,280,358,373,373,393,393,410,410,410,422,441,45,45,55,55,55],"floor_reached":33,"playtime":1402,"items_purged":["Defend_G"],"score":469,"play_id":"54fdb6f2-a3c2-46f9-8919-b3d54b7d2d31","local_time":"20190309175940","is_ascension_mode":true,"campfire_choices":[{"data":"Masterful Stab","floor":6,"key":"SMITH"},{"data":"Dodge and Roll","floor":10,"key":"SMITH"},{"data":"Quick Slash","floor":12,"key":"SMITH"},{"floor":15,"key":"REST"},{"data":"Bullet Time","floor":23,"key":"SMITH"},{"data":"Predator","floor":25,"key":"SMITH"},{"floor":32,"key":"REST"}],"neow_cost":"NONE","seed_source_timestamp":305448931190700,"circlet_count":0,"master_deck":["AscendersBane","Defend_G","Defend_G","Defend_G","Defend_G+1","Strike_G+1","Survivor","Neutralize+1","Dodge and Roll+1","Masterful Stab+1","Quick Slash+1","Backflip","Escape Plan","Choke","Crippling Poison","Bullet Time+1","Skewer+1","Dodge and Roll+1","Deadly Poison+1","Flying Knee","Escape Plan","Masterful Stab","Predator+1","Terror","Caltrops","Backflip","Dodge and Roll","Acrobatics"],"relics":["Ring of the Snake","Ancient Tea Set","Blue Candle","Meat on the Bone","Bronze Scales","Astrolabe","Sundial","Pear","Anchor","GremlinMask"],"potions_floor_usage":[7,13,16,24,27,33],"damage_taken":[{"damage":4,"enemies":"Jaw Worm","floor":1,"turns":8},{"damage":0,"enemies":"2 Louse","floor":4,"turns":2},{"damage":0,"enemies":"Small Slimes","floor":5,"turns":4},{"damage":17,"enemies":"Lagavulin","floor":7,"turns":7},{"damage":0,"enemies":"Exordium Thugs","floor":11,"turns":4},{"damage":0,"enemies":"3 Sentries","floor":13,"turns":8},{"damage":0,"enemies":"Red Slaver","floor":14,"turns":2},{"damage":19,"enemies":"The Guardian","floor":16,"turns":14},{"damage":12,"enemies":"Shell Parasite","floor":18,"turns":5},{"damage":1,"enemies":"Chosen","floor":20,"turns":4},{"damage":0,"enemies":"Snecko","floor":22,"turns":5},{"damage":0,"enemies":"3 Cultists","floor":24,"turns":4},{"damage":22,"enemies":"Sentry and Sphere","floor":27,"turns":7},{"damage":20,"enemies":"Snake Plant","floor":28,"turns":3},{"damage":0,"enemies":"Centurion and Healer","floor":31,"turns":6},{"damage":71,"enemies":"Collector","floor":33,"turns":10}],"seed_played":"6768959480085858160","potions_obtained":[{"floor":1,"key":"AttackPotion"},{"floor":11,"key":"LiquidBronze"},{"floor":14,"key":"AttackPotion"},{"floor":22,"key":"Swift Potion"},{"floor":24,"key":"SkillPotion"},{"floor":31,"key":"GhostInAJar"}],"is_trial":false,"path_per_floor":["M","?","?","M","M","R","E","?","T","R","M","R","E","M","R","B",null,"M","T","M","?","M","R","M","R","T","M","M","$","?","M","R","B"],"character_chosen":"THE_SILENT","items_purchased":["Anchor","Caltrops","Backflip","Dodge and Roll"],"campfire_rested":2,"item_purchase_floors":[29,29,29,29],"current_hp_per_floor":[59,59,45,45,45,45,28,28,28,28,40,40,40,40,61,42,63,51,51,50,43,43,43,43,43,53,43,35,35,35,47,71,0],"gold":55,"neow_bonus":"RANDOM_COMMON_RELIC","is_prod":false,"is_daily":false,"chose_seed":false,"campfire_upgraded":5,"win_rate":0,"timestamp":1552150780,"path_taken":["M","?","?","M","M","R","E","?","T","R","M","R","E","?","R","BOSS","M","?","M","?","M","R","M","R","T","M","?","$","?","M","R","BOSS"],"build_version":"2019-01-23","purchased_purges":1,"victory":false,"max_hp_per_floor":[70,70,70,70,70,70,70,70,70,70,70,70,70,70,70,70,70,70,70,70,70,70,70,70,70,80,80,80,80,80,80,80,80],"card_choices":[{"not_picked":["Accuracy","Prepared"],"picked":"Dodge and Roll","floor":1},{"not_picked":["Heel Hook","Slice"],"picked":"Masterful Stab","floor":4},{"not_picked":["All Out Attack","Caltrops"],"picked":"Quick Slash","floor":5},{"not_picked":["Sucker Punch","Quick Slash"],"picked":"Backflip","floor":7},{"not_picked":["Underhanded Strike","Flying Knee"],"picked":"Escape Plan","floor":11},{"not_picked":["Reflex","Sucker Punch"],"picked":"Choke","floor":13},{"not_picked":["Reflex","Distraction"],"picked":"Crippling Poison","floor":14},{"not_picked":["Unload","Night Terror"],"picked":"Bullet Time","floor":16},{"not_picked":["Escape Plan","PiercingWail"],"picked":"Flying Knee","floor":18},{"not_picked":["Noxious Fumes","Cloak And Dagger"],"picked":"Escape Plan","floor":20},{"not_picked":["Flying Knee","Outmaneuver"],"picked":"Masterful Stab","floor":22},{"not_picked":["Crippling Poison","Terror"],"picked":"Predator","floor":24},{"not_picked":["Dodge and Roll","Riddle With Holes"],"picked":"Terror","floor":27},{"not_picked":["Cloak And Dagger","Quick Slash","Sucker Punch"],"picked":"SKIP","floor":28},{"not_picked":["Distraction","Predator"],"picked":"Acrobatics","floor":31}],"player_experience":971017,"relics_obtained":[{"floor":7,"key":"Blue Candle"},{"floor":9,"key":"Meat on the Bone"},{"floor":13,"key":"Bronze Scales"},{"floor":19,"key":"Sundial"},{"floor":26,"key":"Pear"}],"event_choices":[{"cards_removed":["Strike_G"],"damage_healed":0,"gold_gain":0,"player_choice":"Card Removal","damage_taken":0,"max_hp_gain":0,"max_hp_loss":0,"event_name":"The Cleric","floor":2,"gold_loss":50},{"damage_healed":0,"gold_gain":0,"player_choice":"Entered Light","damage_taken":14,"max_hp_gain":0,"max_hp_loss":0,"event_name":"Shining Light","floor":3,"gold_loss":0,"cards_upgraded":["Strike_G","Defend_G"]},{"damage_healed":0,"gold_gain":0,"player_choice":"Upgraded","damage_taken":0,"max_hp_gain":0,"max_hp_loss":0,"event_name":"Upgrade Shrine","floor":8,"gold_loss":0,"cards_upgraded":["Neutralize"]},{"damage_healed":0,"gold_gain":0,"player_choice":"Damaged","damage_taken":7,"max_hp_gain":0,"max_hp_loss":0,"event_name":"Wheel of Change","floor":21,"gold_loss":0},{"damage_healed":0,"gold_gain":0,"player_choice":"Trade","damage_taken":0,"relics_obtained":["GremlinMask"],"max_hp_gain":0,"max_hp_loss":0,"event_name":"FaceTrader","floor":30,"gold_loss":0}],"is_beta":false,"boss_relics":[{"not_picked":["Empty Cage","Pandora\u0027s Box"],"picked":"Astrolabe"}],"items_purged_floors":[29],"is_endless":false,"potions_floor_spawned":[1,11,14,22,24,31],"killed_by":"Collector","ascension_level":13}