{"path_per_floor":["M","M","M","$","M","E","R","E","T","?","R","?","?","$","R","B",null,"M","$","?","$","?","R","E","R","T","R","?","E","?","E","R"],"character_chosen":"IRONCLAD","items_purchased":["Bag of Marbles","Bronze Scales","Metallicize","Blood Vial","Shrug It Off","Sever Soul","Shuriken"],"gold_per_floor":[366,376,391,24,40,69,69,99,99,274,274,274,274,25,25,129,129,109,70,250,7,7,7,37,37,63,63,63,121,121,153,153],"floor_reached":33,"campfire_rested":5,"playtime":1692,"current_hp_per_floor":[59,58,58,58,64,34,34,8,8,8,29,29,17,17,38,24,60,42,42,18,18,42,63,29,29,29,50,50,52,52,17,38],"items_purged":["Doubt"],"gold":153,"score":463,"play_id":"cf9aa77a-3c2f-4074-982d-7b7ba6ab3dce","is_prod":false,"is_daily":false,"is_ascension_mode":true,"campfire_upgraded":2,"path_taken":["M","M","M","$","M","E","R","E","T","?","R","?","?","$","R","BOSS","M","$","?","$","?","R","E","R","T","R","?","E","?","E","R","BOSS"],"build_version":"2018-02-15-PROD1","purchased_purges":2,"victory":false,"master_deck":["Defend_R","Defend_R","Defend_R","Bash","Blood for Blood+1","Pummel","Rampage","Metallicize+1","Thunderclap","Fiend Fire","Feel No Pain","Shrug It Off","Intimidate","Shrug It Off","Dark Embrace","Sever Soul","True Grit+1","Bite","Bite","Bite","Bite","Bite","Spot Weakness"],"max_hp_per_floor":[72,72,72,72,72,72,72,72,72,72,72,72,72,72,72,72,72,72,72,72,72,72,72,72,72,72,72,72,72,72,72,72],"relics":["Burning Blood","Bag of Marbles","Bronze Scales","Dream Catcher","Ice Cream","Ginger","Oddly Smooth Stone","Mark of Pain","Shuriken","Bottled Tornado","Prayer Wheel","Tiny Chest","Ornamental Fan"],"card_choices":[{"not_picked":["Fire Breathing","Rage"],"picked":"Blood for Blood"},{"not_picked":["Warcry","Iron Wave"],"picked":"Pummel"},{"not_picked":["Rupture","Fire Breathing"],"picked":"Rampage"},{"not_picked":["Havoc","Iron Wave"],"picked":"Thunderclap"},{"not_picked":["Searing Blow","Clash"],"picked":"Fiend Fire"},{"not_picked":["Wild Strike","Cleave"],"picked":"Feel No Pain"},{"not_picked":["Havoc","Power Through"],"picked":"Shrug It Off"},{"not_picked":["Fiend Fire","Immolate"],"picked":"Dark Embrace"},{"not_picked":["Body Slam","Power Through"],"picked":"True Grit"},{"not_picked":["Iron Wave","Clothesline"],"picked":"Spot Weakness"}],"player_experience":225177,"potions_floor_usage":[31,33],"damage_taken":[{"damage":19.0,"enemies":"Jaw Worm","floor":1.0,"turns":5.0},{"damage":7.0,"enemies":"Small Slimes","floor":2.0,"turns":4.0},{"damage":6.0,"enemies":"Cultist","floor":3.0,"turns":3.0},{"damage":15.0,"enemies":"Gremlin Gang","floor":5.0,"turns":5.0},{"damage":36.0,"enemies":"Gremlin Nob","floor":6.0,"turns":4.0},{"damage":32.0,"enemies":"Lagavulin","floor":8.0,"turns":4.0},{"damage":22.0,"enemies":"Hexaghost","floor":16.0,"turns":10.0},{"damage":26.0,"enemies":"2 Thieves","floor":18.0,"turns":4.0},{"damage":42.0,"enemies":"Slavers","floor":24.0,"turns":6.0},{"damage":20,"enemies":"Gremlin Leader","floor":29,"turns":7},{"damage":49,"enemies":"Book of Stabbing","floor":31,"turns":6},{"damage":66,"enemies":"Champ","floor":33,"turns":11}],"event_choices":[{"event_name":"Liars Game","player_choice":"agreed","floor":10.0,"damage_taken":0.0},{"event_name":"Transmorgrifier","player_choice":"Transform","floor":12.0,"damage_taken":0.0},{"event_name":"Scrap Ooze","player_choice":"success","floor":13.0,"damage_taken":12.0},{"event_name":"Knowing Skull","player_choice":"GOLD GOLD ","floor":20.0,"damage_taken":0.0},{"event_name":"The Library","player_choice":"Heal","floor":22.0,"damage_taken":0.0},{"event_name":"Vampires","player_choice":"Became a vampire (Vial)","floor":28.0,"damage_taken":0.0},{"event_name":"Drug Dealer","player_choice":"Ignored","floor":30,"damage_taken":0}],"boss_relics":[],"potions_floor_spawned":[1,2,3,29,31],"seed_played":"7048753769761587680","killed_by":"Champ","ascension_level":7,"is_trial":false}