{"gold_per_floor":[116,135,12,24,24,24,53,53,80,108,121,44,44,44,44,122,122,133,151,151,26,38,38,51,51,76,86,86,86,103,30,30,30],"floor_reached":33,"playtime":1218,"items_purged":["Strike_B","Strike_B"],"score":446,"play_id":"7dffb0ef-9444-4091-b8ad-a5df8aea8a0e","local_time":"20190520000718","is_ascension_mode":true,"campfire_choices":[{"data":"Hyperbeam","floor":6,"key":"SMITH"},{"data":"Zap","floor":8,"key":"SMITH"},{"data":"Conserve Battery","floor":15,"key":"SMITH"},{"data":"Auto Shields","floor":23,"key":"SMITH"},{"data":"Leap","floor":25,"key":"SMITH"},{"floor":32,"key":"REST"}],"neow_cost":"NONE","seed_source_timestamp":521036699621600,"circlet_count":0,"master_deck":["AscendersBane","Defend_B","Defend_B","Defend_B","Defend_B","Zap+1","Dualcast","Auto Shields+1","Conserve Battery+1","Hyperbeam+1","FTL","Cold Snap","Compile Driver","Beam Cell","Loop+1","Seek","White Noise+1","Self Repair","Leap+1","BootSequence","Storm","Coolheaded+1","Stack","BootSequence+1","Defragment","Ball Lightning"],"relics":["Cracked Core","Ancient Tea Set","Dream Catcher","Matryoshka","Runic Pyramid","Art of War","Potion Belt","Anchor","Du-Vu Doll"],"potions_floor_usage":[7,7,16,22,24,27],"damage_taken":[{"damage":2,"enemies":"2 Louse","floor":1,"turns":2},{"damage":0,"enemies":"Cultist","floor":2,"turns":3},{"damage":0,"enemies":"Jaw Worm","floor":4,"turns":4},{"damage":15,"enemies":"Gremlin Nob","floor":7,"turns":5},{"damage":7,"enemies":"3 Sentries","floor":10,"turns":3},{"damage":1,"enemies":"Blue Slaver","floor":11,"turns":3},{"damage":40,"enemies":"Hexaghost","floor":16,"turns":10},{"damage":11,"enemies":"2 Thieves","floor":18,"turns":2},{"damage":19,"enemies":"Spheric Guardian","floor":19,"turns":5},{"damage":19,"enemies":"Shelled Parasite and Fungi","floor":22,"turns":6},{"damage":1,"enemies":"Centurion and Healer","floor":24,"turns":7},{"damage":11,"enemies":"Snake Plant","floor":27,"turns":4},{"damage":3,"enemies":"Sentry and Sphere","floor":30,"turns":5},{"damage":70,"enemies":"Champ","floor":33,"turns":18}],"seed_played":"5774966922311249673","potions_obtained":[{"floor":2,"key":"Block Potion"},{"floor":11,"key":"Block Potion"},{"floor":16,"key":"AttackPotion"},{"floor":19,"key":"GamblersBrew"},{"floor":24,"key":"Weak Potion"}],"is_trial":false,"path_per_floor":["M","M","$","M","?","R","E","R","T","E","M","$","?","?","R","B",null,"M","M","?","$","M","R","M","R","T","M","T","?","M","$","R","B"],"character_chosen":"DEFECT","items_purchased":["Fire Potion","Loop","Leap","Defragment"],"campfire_rested":1,"item_purchase_floors":[3,12,21,31],"current_hp_per_floor":[69,69,69,69,69,69,54,54,54,47,46,46,46,46,46,6,60,49,30,30,30,25,25,31,31,31,27,27,27,31,31,54,0],"gold":30,"neow_bonus":"TEN_PERCENT_HP_BONUS","is_prod":false,"is_daily":false,"chose_seed":false,"campfire_upgraded":5,"win_rate":0,"timestamp":1558303638,"path_taken":["M","M","$","M","?","R","E","R","T","E","?","?","?","?","R","BOSS","M","?","?","$","?","R","M","R","T","M","?","?","?","?","R","BOSS"],"build_version":"2019-01-23","purchased_purges":2,"victory":false,"max_hp_per_floor":[78,78,78,78,78,78,78,78,78,78,78,78,78,78,78,78,78,78,78,78,78,78,78,78,78,78,78,78,78,78,78,78,78],"card_choices":[{"not_picked":["Redo","Hologram"],"picked":"Auto Shields","floor":1},{"not_picked":["Redo","Steam Power"],"picked":"Conserve Battery","floor":2},{"not_picked":["Recycle","Redo"],"picked":"Hyperbeam","floor":4},{"not_picked":["Coolheaded","Steam Power"],"picked":"Cold Snap","floor":7},{"not_picked":["Steam","Barrage"],"picked":"Compile Driver","floor":10},{"not_picked":["Rebound","Redo"],"picked":"Beam Cell","floor":11},{"not_picked":["Meteor Strike","All For One"],"picked":"Seek","floor":16},{"not_picked":["Leap","Scrape"],"picked":"White Noise","floor":18},{"not_picked":["Compile Driver","Beam Cell"],"picked":"Self Repair","floor":19},{"not_picked":["Barrage","Conserve Battery"],"picked":"BootSequence","floor":22},{"not_picked":["Sweeping Beam","Reprogram"],"picked":"Storm","floor":24},{"not_picked":["Heatsinks","Streamline"],"picked":"Coolheaded+1","floor":27},{"not_picked":["Barrage","Stack"],"picked":"BootSequence+1","floor":30},{"not_picked":["Steam","Redo+1"],"picked":"Ball Lightning","floor":32}],"player_experience":1156884,"relics_obtained":[{"floor":7,"key":"Ancient Tea Set"},{"floor":9,"key":"Dream Catcher"},{"floor":10,"key":"Matryoshka"},{"floor":26,"key":"Art of War"},{"floor":26,"key":"Potion Belt"},{"floor":28,"key":"Anchor"},{"floor":28,"key":"Du-Vu Doll"}],"event_choices":[{"damage_healed":0,"gold_gain":0,"cards_transformed":["Strike_B"],"player_choice":"Transformed","damage_taken":0,"max_hp_gain":0,"max_hp_loss":0,"event_name":"Transmorgrifier","floor":5,"gold_loss":0,"cards_obtained":["FTL"]},{"damage_healed":0,"gold_gain":0,"player_choice":"Leave","damage_taken":0,"max_hp_gain":0,"max_hp_loss":0,"event_name":"The Cleric","floor":13,"gold_loss":0},{"damage_healed":0,"gold_gain":0,"player_choice":"Upgraded","damage_taken":0,"max_hp_gain":0,"max_hp_loss":0,"event_name":"Upgrade Shrine","floor":14,"gold_loss":0,"cards_upgraded":["Loop"]},{"damage_healed":0,"gold_gain":0,"player_choice":"Upgraded","damage_taken":0,"max_hp_gain":0,"max_hp_loss":0,"event_name":"Upgrade Shrine","floor":20,"gold_loss":0,"cards_upgraded":["White Noise"]},{"damage_healed":0,"gold_gain":0,"cards_transformed":["Strike_B"],"player_choice":"Transformed","damage_taken":0,"max_hp_gain":0,"max_hp_loss":0,"event_name":"Transmorgrifier","floor":29,"gold_loss":0,"cards_obtained":["Stack"]}],"is_beta":false,"boss_relics":[{"not_picked":["Black Star","Snecko Eye"],"picked":"Runic Pyramid"}],"items_purged_floors":[3,21],"is_endless":false,"potions_floor_spawned":[2,11,16,19,24],"killed_by":"Champ","ascension_level":15}