{"gold_per_floor":[113,113,132,142,142,142,173,189,216,248,248,18,18,31,31,107,107,123,123,134,134,134],"floor_reached":22,"playtime":948,"items_purged":["Strike_G"],"score":349,"play_id":"4f9cbef0-2ed1-4391-9356-ff38960d1871","local_time":"20190610170620","is_ascension_mode":true,"campfire_choices":[{"data":"Neutralize","floor":6,"key":"SMITH"},{"data":"Poisoned Stab","floor":11,"key":"SMITH"},{"data":"Poisoned Stab","floor":13,"key":"SMITH"},{"data":"Bane","floor":15,"key":"SMITH"}],"neow_cost":"NONE","seed_source_timestamp":4974444240700,"circlet_count":0,"master_deck":["AscendersBane","Defend_G","Defend_G","Defend_G","Defend_G","Defend_G","Strike_G","Survivor","Neutralize+1","Poisoned Stab+1","Bane+1","Blur","Flying Knee","Poisoned Stab+1","Dash","Dagger Throw","After Image","Escape Plan","Bullet Time","All Out Attack+1","Ghostly","Ghostly","Ghostly","Choke+1","Writhe"],"relics":["Ring of the Snake","Blood Vial","Bag of Marbles","Potion Belt","Smiling Mask","Empty Cage","Bag of Preparation"],"potions_floor_usage":[7,7,10,16,22,22],"damage_taken":[{"damage":0,"enemies":"Small Slimes","floor":1,"turns":4},{"damage":0,"enemies":"2 Louse","floor":3,"turns":2},{"damage":0,"enemies":"Cultist","floor":4,"turns":4},{"damage":9,"enemies":"Lagavulin","floor":7,"turns":8},{"damage":1,"enemies":"Looter","floor":8,"turns":3},{"damage":3,"enemies":"Gremlin Nob","floor":10,"turns":3},{"damage":1,"enemies":"2 Fungi Beasts","floor":14,"turns":2},{"damage":21,"enemies":"Slime Boss","floor":16,"turns":12},{"damage":0,"enemies":"2 Thieves","floor":18,"turns":3},{"damage":0,"enemies":"Spheric Guardian","floor":20,"turns":6},{"damage":5,"enemies":"Colosseum Slavers","floor":22,"turns":8},{"damage":46,"enemies":"Colosseum Nobs","floor":22,"turns":5}],"seed_played":"-4660636942331010661","potions_obtained":[{"floor":4,"key":"Energy Potion"},{"floor":5,"key":"EssenceOfSteel"},{"floor":7,"key":"Strength Potion"},{"floor":14,"key":"Dexterity Potion"},{"floor":18,"key":"LiquidBronze"},{"floor":20,"key":"Block Potion"}],"is_trial":false,"path_per_floor":["M","?","M","M","?","R","E","M","T","E","R","$","R","M","R","B",null,"M","?","M","?","?"],"character_chosen":"THE_SILENT","items_purchased":["After Image"],"campfire_rested":0,"item_purchase_floors":[12],"current_hp_per_floor":[61,61,63,65,65,65,57,58,58,57,57,57,57,58,58,39,59,61,33,33,33,0],"gold":134,"neow_bonus":"RANDOM_COMMON_RELIC","is_prod":false,"is_daily":false,"chose_seed":false,"campfire_upgraded":4,"win_rate":0,"timestamp":1560179180,"path_taken":["M","?","M","M","?","R","E","M","T","E","R","$","R","?","R","BOSS","M","?","M","?","?"],"build_version":"2019-01-23","purchased_purges":1,"victory":false,"max_hp_per_floor":[66,66,66,66,66,66,66,66,66,66,66,66,66,66,66,66,66,66,33,33,33,33],"card_choices":[{"not_picked":["Caltrops","Accuracy"],"picked":"Poisoned Stab","floor":1},{"not_picked":["Sucker Punch","Prepared"],"picked":"Blur","floor":3},{"not_picked":["Backflip","Escape Plan"],"picked":"Flying Knee","floor":4},{"not_picked":["Outmaneuver","Sucker Punch"],"picked":"Poisoned Stab","floor":7},{"not_picked":["PiercingWail","Bane"],"picked":"Dash","floor":8},{"not_picked":["Reflex","Slice"],"picked":"Dagger Throw","floor":10},{"not_picked":["Expertise","Dagger Spray"],"picked":"Escape Plan","floor":14},{"not_picked":["Wraith Form v2","Unload"],"picked":"Bullet Time","floor":16},{"not_picked":["Acrobatics","PiercingWail"],"picked":"All Out Attack+1","floor":18},{"not_picked":["Underhanded Strike","Deadly Poison"],"picked":"Choke+1","floor":20}],"player_experience":1292021,"relics_obtained":[{"floor":7,"key":"Bag of Marbles"},{"floor":9,"key":"Potion Belt"},{"floor":10,"key":"Smiling Mask"}],"event_choices":[{"damage_healed":0,"gold_gain":0,"cards_transformed":["Strike_G"],"player_choice":"Change","damage_taken":0,"max_hp_gain":0,"max_hp_loss":0,"event_name":"Living Wall","floor":2,"gold_loss":0,"cards_obtained":["Bane"]},{"damage_healed":0,"gold_gain":0,"player_choice":"Got Potions","damage_taken":0,"max_hp_gain":0,"max_hp_loss":0,"event_name":"Lab","floor":5,"gold_loss":0},{"damage_healed":0,"gold_gain":0,"player_choice":"Became a Ghost","damage_taken":0,"max_hp_gain":0,"max_hp_loss":33,"event_name":"Ghosts","floor":19,"gold_loss":0,"cards_obtained":["Ghostly","Ghostly","Ghostly"]},{"damage_healed":0,"gold_gain":0,"player_choice":"Opened","damage_taken":0,"relics_obtained":["Bag of Preparation"],"max_hp_gain":0,"max_hp_loss":0,"event_name":"The Mausoleum","floor":21,"gold_loss":0,"cards_obtained":["Writhe"]},{"damage_healed":0,"gold_gain":0,"player_choice":"Fight","damage_taken":0,"max_hp_gain":0,"max_hp_loss":0,"event_name":"Colosseum","floor":22,"gold_loss":0},{"damage_healed":0,"gold_gain":0,"player_choice":"Fought Nobs","damage_taken":0,"max_hp_gain":0,"max_hp_loss":0,"event_name":"Colosseum","floor":22,"gold_loss":0}],"is_beta":false,"boss_relics":[{"not_picked":["Orrery","Fusion Hammer"],"picked":"Empty Cage"}],"items_purged_floors":[12],"is_endless":false,"potions_floor_spawned":[4,7,14,18,20],"killed_by":"Colosseum Nobs","ascension_level":16}