{"gold_per_floor":[10,23,40,40,40,67,83,83,109,138,138,35,35,46,46,119,119,139,414,425,438,123,141,91,108,134,146,146,146,146,161,161,238,288,305,316,316,316,328,328,340,340,340,340,352,245,256,256,256,256,256],"floor_reached":51,"playtime":2808,"items_purged":["Strike_R","Strike_R","Strike_R","Strike_R"],"score":1297,"play_id":"277f14d0-f470-4c73-be3c-39259830eff2","local_time":"20190603194648","is_ascension_mode":true,"campfire_choices":[{"data":"Heavy Blade","floor":8,"key":"SMITH"},{"data":"Fiend Fire","floor":11,"key":"SMITH"},{"data":"Spot Weakness","floor":13,"key":"SMITH"},{"data":"Shockwave","floor":15,"key":"SMITH"},{"data":"Feed","floor":28,"key":"SMITH"},{"data":"Heavy Blade","floor":30,"key":"SMITH"},{"data":"Flame Barrier","floor":32,"key":"SMITH"},{"data":"Pummel","floor":40,"key":"SMITH"},{"data":"Shrug It Off","floor":42,"key":"SMITH"},{"data":"Bash","floor":44,"key":"SMITH"},{"floor":49,"key":"REST"}],"neow_cost":"NO_GOLD","seed_source_timestamp":416808592262240,"circlet_count":0,"master_deck":["AscendersBane","Defend_R","Defend_R+1","Defend_R","Bash+1","Shockwave+1","Spot Weakness+1","Heavy Blade+1","Anger+1","Fiend Fire+1","Battle Trance+1","Feed+1","Flame Barrier+1","Cleave+1","Heavy Blade+1","Pummel+1","Feed","Shrug It Off+1","Sword Boomerang+1","The Bomb","Intimidate"],"relics":["Burning Blood","FossilizedHelix","Omamori","Smiling Mask","Dream Catcher","Velvet Choker","ClockworkSouvenir","Lantern","War Paint","Tiny House","Juzu Bracelet"],"potions_floor_usage":[6,7,10,16,21,27,33,39,50,51],"damage_taken":[{"damage":4,"enemies":"Jaw Worm","floor":1,"turns":4},{"damage":0,"enemies":"Cultist","floor":2,"turns":4},{"damage":0,"enemies":"Small Slimes","floor":3,"turns":3},{"damage":15,"enemies":"3 Sentries","floor":6,"turns":6},{"damage":0,"enemies":"Red Slaver","floor":7,"turns":2},{"damage":21,"enemies":"Gremlin Nob","floor":10,"turns":4},{"damage":5,"enemies":"Gremlin Gang","floor":14,"turns":5},{"damage":36,"enemies":"Hexaghost","floor":16,"turns":5},{"damage":12,"enemies":"Shell Parasite","floor":18,"turns":4},{"damage":7,"enemies":"Chosen","floor":20,"turns":4},{"damage":0,"enemies":"Snake Plant","floor":21,"turns":2},{"damage":0,"enemies":"Snecko","floor":23,"turns":3},{"damage":9,"enemies":"Centurion and Healer","floor":25,"turns":5},{"damage":6,"enemies":"Sentry and Sphere","floor":27,"turns":5},{"damage":0,"enemies":"Snecko","floor":31,"turns":4},{"damage":80,"enemies":"Automaton","floor":33,"turns":10},{"damage":0,"enemies":"Orb Walker","floor":35,"turns":2},{"damage":13,"enemies":"3 Shapes","floor":36,"turns":7},{"damage":0,"enemies":"Transient","floor":39,"turns":6},{"damage":9,"enemies":"3 Darklings","floor":41,"turns":5},{"damage":32,"enemies":"Jaw Worm Horde","floor":45,"turns":4},{"damage":0,"enemies":"Transient","floor":47,"turns":6},{"damage":99,"enemies":"Awakened One","floor":50,"turns":13},{"damage":12,"enemies":"Time Eater","floor":51,"turns":2}],"seed_played":"-3323380953083879189","potions_obtained":[{"floor":1,"key":"Swift Potion"},{"floor":2,"key":"Fire Potion"},{"floor":7,"key":"Fruit Juice"},{"floor":20,"key":"SkillPotion"},{"floor":25,"key":"Block Potion"},{"floor":34,"key":"Regen Potion"},{"floor":35,"key":"EssenceOfSteel"},{"floor":41,"key":"Weak Potion"}],"is_trial":false,"path_per_floor":["M","M","M","?","$","E","M","R","T","E","R","$","R","M","R","B",null,"M","?","M","M","$","M","$","M","T","M","R","?","R","M","R","B",null,"M","M","?","?","M","R","M","R","T","R","M","$","M","?","R","B","B"],"character_chosen":"IRONCLAD","items_purchased":["Poison Potion","ClockworkSouvenir","Explosive Potion","Block Potion"],"campfire_rested":1,"item_purchase_floors":[12,22,22,46],"current_hp_per_floor":[70,75,75,75,75,66,77,77,77,62,62,62,62,63,63,33,68,65,65,67,73,73,79,79,79,79,79,79,79,79,85,85,11,75,81,78,78,78,98,98,95,95,95,95,72,72,78,73,101,8,0],"gold":256,"neow_bonus":"ONE_RARE_RELIC","is_prod":false,"is_daily":false,"chose_seed":false,"campfire_upgraded":10,"win_rate":0,"timestamp":1559587608,"path_taken":["M","M","M","?","?","E","M","R","T","E","R","$","R","?","R","BOSS","M","?","M","?","$","M","$","M","T","M","R","?","R","M","R","BOSS","M","M","?","?","?","R","M","R","T","R","M","$","M","?","R","BOSS","BOSS"],"build_version":"2019-01-23","purchased_purges":4,"victory":false,"max_hp_per_floor":[75,75,75,75,75,75,80,80,80,80,80,80,80,80,80,80,80,83,83,86,86,86,86,86,89,89,89,89,89,89,89,89,89,94,94,98,98,98,98,98,98,98,98,98,101,101,101,101,101,101,101],"card_choices":[{"not_picked":["Second Wind","Pummel"],"picked":"Shockwave","floor":1},{"not_picked":["Dual Wield","Warcry"],"picked":"Spot Weakness","floor":2},{"not_picked":["Havoc","Body Slam"],"picked":"Heavy Blade","floor":3},{"not_picked":["Juggernaut","Bloodletting"],"picked":"Anger","floor":6},{"not_picked":["Iron Wave","Bloodletting","Havoc"],"picked":"SKIP","floor":7},{"not_picked":["Clothesline","Warcry"],"picked":"Fiend Fire","floor":10},{"not_picked":["Heavy Blade","Carnage"],"picked":"Battle Trance","floor":14},{"not_picked":["Fiend Fire","Brutality"],"picked":"Feed","floor":16},{"not_picked":["Rage","Headbutt"],"picked":"Flame Barrier","floor":18},{"not_picked":["Thunderclap","Sever Soul"],"picked":"Cleave","floor":20},{"not_picked":["Searing Blow","Headbutt"],"picked":"Heavy Blade","floor":21},{"not_picked":["Rupture","Thunderclap","Carnage"],"picked":"SKIP","floor":23},{"not_picked":["Warcry","Iron Wave","Rupture"],"picked":"SKIP","floor":25},{"not_picked":["Perfected Strike","Heavy Blade","Hemokinesis+1"],"picked":"SKIP","floor":27},{"not_picked":["Feed","True Grit"],"picked":"Pummel","floor":31},{"not_picked":["Brutality","Fiend Fire"],"picked":"Feed","floor":33},{"not_picked":["Inflame","Sever Soul","Intimidate"],"picked":"SKIP","floor":35},{"not_picked":["Pummel","Armaments+1"],"picked":"Shrug It Off","floor":36},{"not_picked":["Warcry+1","Iron Wave","Thunderclap+1"],"picked":"SKIP","floor":39},{"not_picked":["Shrug It Off","Pommel Strike"],"picked":"Sword Boomerang+1","floor":41},{"not_picked":["Armaments+1","Whirlwind","Uppercut"],"picked":"SKIP","floor":45},{"not_picked":["Iron Wave","Body Slam","Cleave"],"picked":"SKIP","floor":47},{"not_picked":["Forethought","Mayhem"],"picked":"The Bomb","floor":48},{"not_picked":["Clash+1","Cleave"],"picked":"Intimidate","floor":49}],"player_experience":1065153,"relics_obtained":[{"floor":6,"key":"Omamori"},{"floor":9,"key":"Smiling Mask"},{"floor":10,"key":"Dream Catcher"},{"floor":26,"key":"Lantern"},{"floor":43,"key":"Juzu Bracelet"}],"event_choices":[{"cards_removed":["Strike_R"],"damage_healed":0,"gold_gain":0,"player_choice":"Offered Basic","damage_taken":0,"max_hp_gain":0,"max_hp_loss":0,"event_name":"Bonfire Elementals","floor":4,"gold_loss":0},{"damage_healed":0,"gold_gain":275,"player_choice":"Desecrate","damage_taken":0,"max_hp_gain":0,"max_hp_loss":0,"event_name":"Golden Shrine","floor":19,"gold_loss":0,"cards_obtained":["Regret"]},{"damage_healed":0,"gold_gain":0,"player_choice":"Opened","damage_taken":0,"relics_obtained":["War Paint"],"max_hp_gain":0,"max_hp_loss":0,"event_name":"The Mausoleum","floor":29,"gold_loss":0,"cards_obtained":["Writhe"]},{"cards_removed":["Defend_R"],"damage_healed":0,"gold_gain":0,"player_choice":"Removed Skill","damage_taken":0,"max_hp_gain":0,"max_hp_loss":0,"event_name":"Falling","floor":37,"gold_loss":0},{"damage_healed":0,"gold_gain":0,"player_choice":"Forge","damage_taken":0,"max_hp_gain":0,"max_hp_loss":0,"event_name":"Accursed Blacksmith","floor":38,"gold_loss":0,"cards_upgraded":["Cleave"]},{"damage_healed":0,"gold_gain":0,"player_choice":"Memory 2","damage_taken":5,"max_hp_gain":0,"max_hp_loss":0,"event_name":"SensoryStone","floor":48,"gold_loss":0}],"is_beta":false,"boss_relics":[{"not_picked":["Lizard Tail","White Beast Statue"],"picked":"Velvet Choker"},{"not_picked":["Philosopher\u0027s Stone","Runic Cube"],"picked":"Tiny House"}],"items_purged_floors":[12,22,24,46],"is_endless":false,"potions_floor_spawned":[1,2,7,20,25,35,36,41],"killed_by":"Time Eater","ascension_level":20}