{"gold_per_floor":[13,13,25,25,40,72,72,54,54,54,54,65,65,65],"floor_reached":14,"playtime":358,"items_purged":[],"score":158,"play_id":"d5697b75-66db-4efc-8cdd-700f2f4af35c","local_time":"20190524202212","is_ascension_mode":true,"campfire_choices":[{"floor":7,"key":"REST"},{"floor":10,"key":"REST"}],"neow_cost":"NO_GOLD","seed_source_timestamp":940403398000500,"circlet_count":0,"master_deck":["AscendersBane","Strike_B","Strike_B","Defend_B","Defend_B","Defend_B","Zap","Dualcast","Cold Snap","Leap","Loop","Coolheaded","Reinforced Body","Auto Shields"],"relics":["Cracked Core","Ornamental Fan","Gambling Chip","FossilizedHelix","Mummified Hand"],"potions_floor_usage":[5],"damage_taken":[{"damage":2,"enemies":"Jaw Worm","floor":1,"turns":3},{"damage":9,"enemies":"2 Louse","floor":3,"turns":2},{"damage":0,"enemies":"Cultist","floor":5,"turns":4},{"damage":19,"enemies":"Lagavulin","floor":6,"turns":9},{"damage":0,"enemies":"Exordium Thugs","floor":8,"turns":5},{"damage":21,"enemies":"3 Louse","floor":12,"turns":4},{"damage":24,"enemies":"The Mushroom Lair","floor":14,"turns":4}],"seed_played":"7026082241352807093","potions_obtained":[{"floor":3,"key":"Regen Potion"},{"floor":12,"key":"SpeedPotion"}],"is_trial":false,"path_per_floor":["M","?","M","?","M","E","R","M","T","R","$","M","T","?"],"character_chosen":"DEFECT","items_purchased":[],"campfire_rested":2,"item_purchase_floors":[],"current_hp_per_floor":[62,17,8,8,20,1,22,22,22,43,43,22,22,0],"gold":65,"neow_bonus":"REMOVE_TWO","is_prod":false,"is_daily":false,"chose_seed":false,"campfire_upgraded":0,"win_rate":0,"timestamp":1558722132,"path_taken":["M","?","M","?","M","E","R","M","T","R","$","?","?","?"],"build_version":"2019-01-23","purchased_purges":0,"victory":false,"max_hp_per_floor":[71,71,71,71,71,71,71,71,71,71,71,71,71,71],"card_choices":[{"not_picked":["Stack","Streamline"],"picked":"Cold Snap","floor":1},{"not_picked":["Redo","Aggregate"],"picked":"Leap","floor":3},{"not_picked":["Cold Snap","Stack"],"picked":"Loop","floor":5},{"not_picked":["Stack","Leap"],"picked":"Coolheaded","floor":6},{"not_picked":["Reprogram","Aggregate"],"picked":"Reinforced Body","floor":8},{"not_picked":["Doom and Gloom","Consume"],"picked":"Auto Shields","floor":12}],"player_experience":1197555,"relics_obtained":[{"floor":6,"key":"Gambling Chip"},{"floor":9,"key":"FossilizedHelix"},{"floor":13,"key":"Mummified Hand"}],"event_choices":[{"damage_healed":0,"gold_gain":0,"player_choice":"Success","damage_taken":45,"relics_obtained":["Ornamental Fan"],"max_hp_gain":0,"max_hp_loss":0,"event_name":"Scrap Ooze","floor":2,"gold_loss":0},{"cards_removed":["Defend_B"],"damage_healed":0,"gold_gain":0,"player_choice":"Offered Basic","damage_taken":0,"max_hp_gain":0,"max_hp_loss":0,"event_name":"Bonfire Elementals","floor":4,"gold_loss":0},{"damage_healed":0,"gold_gain":0,"player_choice":"Fought Mushrooms","damage_taken":0,"max_hp_gain":0,"max_hp_loss":0,"event_name":"Mushrooms","floor":14,"gold_loss":0}],"is_beta":false,"boss_relics":[],"items_purged_floors":[],"is_endless":false,"potions_floor_spawned":[3,12],"killed_by":"The Mushroom Lair","ascension_level":15}