{"path_per_floor":["M","$","?","M","M","E","M","?","T","M","$","?","$","?","R","B",null,"M","M","?","?","$","E","R","T","T","E","?","?","$","?","R"],"character_chosen":"IRONCLAD","items_purchased":["Flex","Juzu Bracelet","Intimidate","Inflame","Vajra","Strength Potion"],"gold_per_floor":[111,62,62,75,89,115,135,135,185,167,20,84,10,10,10,131,169,153,166,166,166,95,134,134,181,261,292,207,207,12,12,12],"floor_reached":33,"campfire_rested":3,"playtime":2047,"current_hp_per_floor":[80,80,80,80,80,55,47,47,47,41,41,27,27,27,51,31,85,69,53,85,85,85,34,61,61,71,36,36,36,36,36,66],"items_purged":[],"gold":12,"play_id":"996ec5be-15a8-4fa6-9936-e181ce5a9901","is_prod":false,"is_daily":false,"campfire_rituals":0,"campfire_upgraded":0,"is_hardmode":false,"path_taken":["M","$","?","M","M","E","?","?","T","M","$","?","?","?","R","BOSS","M","M","?","?","$","E","R","?","T","E","?","?","$","?","R","BOSS"],"build_version":"2018-01-11-PROD2","purchased_purges":0,"victory":false,"master_deck":["Strike_R","Strike_R","Strike_R","Strike_R","Strike_R","Defend_R","Defend_R","Defend_R","Defend_R","Bash","Cleave","Flex","Thunderclap","Limit Break","Sever Soul","Shockwave","Wild Strike","Spot Weakness","Intimidate","Injury","Berserk","Flex","Anger","Iron Wave","Heavy Blade","Inflame","Pommel Strike","Metallicize","Double Tap"],"max_hp_per_floor":[80,80,80,80,80,80,80,80,80,80,80,80,80,80,80,80,85,85,85,85,85,85,92,92,92,102,102,102,102,102,102,102],"relics":["Burning Blood","NeowsBlessing","Ornamental Fan","Prayer Wheel","Juzu Bracelet","Centennial Puzzle","Golden Idol","Tiny House","Strawberry","Pen Nib","Pear","Dream Catcher","Nloth\u0027s Gift","Vajra"],"campfire_meditates":0,"card_choices":[{"not_picked":["Twin Strike","Clothesline"],"picked":"Cleave"},{"not_picked":["Iron Wave","Sword Boomerang"],"picked":"Thunderclap"},{"not_picked":["Flex","Rupture"],"picked":"Limit Break"},{"not_picked":["Armaments","Headbutt"],"picked":"Sever Soul"},{"not_picked":["Body Slam","Seeing Red"],"picked":"Combust"},{"not_picked":["Sword Boomerang","Pummel"],"picked":"Wild Strike"},{"not_picked":["Battle Trance","Rage"],"picked":"Spot Weakness"},{"not_picked":["Reaper","Brutality"],"picked":"Berserk"},{"not_picked":["Armaments","Inflame"],"picked":"Flex"},{"not_picked":["Iron Wave","Shockwave"],"picked":"Anger"},{"not_picked":["Evolve","Perfected Strike"],"picked":"Iron Wave"},{"not_picked":["Headbutt","Seeing Red"],"picked":"Pommel Strike"},{"not_picked":["Hemokinesis","Pommel Strike"],"picked":"Metallicize"},{"not_picked":["True Grit","Cleave"],"picked":"Double Tap"}],"player_experience":32526,"potions_floor_usage":[7,12,16,23,27,33],"damage_taken":[{"damage":0,"enemies":"2 Louse","floor":1,"turns":1},{"damage":0,"enemies":"Blue Slaver","floor":4,"turns":1},{"damage":0,"enemies":"Jaw Worm","floor":5,"turns":1},{"damage":31,"enemies":"Lagavulin","floor":6,"turns":5},{"damage":20,"enemies":"Gremlin Gang","floor":7,"turns":4},{"damage":12,"enemies":"Exordium Thugs","floor":10,"turns":4},{"damage":20,"enemies":"3 Sentries","floor":12,"turns":5},{"damage":26,"enemies":"Hexaghost","floor":16,"turns":8},{"damage":22,"enemies":"2 Thieves","floor":18,"turns":5},{"damage":22,"enemies":"Shell Parasite","floor":19,"turns":7},{"damage":64,"enemies":"Gremlin Leader","floor":23,"turns":9},{"damage":41,"enemies":"Book of Stabbing","floor":27,"turns":6},{"damage":84,"enemies":"Automaton","floor":33,"turns":6}],"event_choices":[{"event_name":"Upgrade Shrine","player_choice":"Upgraded","floor":3,"damage_taken":0},{"event_name":"Living Wall","player_choice":"Change","floor":8,"damage_taken":0},{"event_name":"Dead Adventurer","player_choice":"Searched \u00271\u0027 times","floor":12,"damage_taken":0},{"event_name":"Golden Idol","player_choice":"Take Wound","floor":14,"damage_taken":0},{"event_name":"Wheel of Change","player_choice":"Full Heal","floor":20,"damage_taken":0},{"event_name":"The Library","player_choice":"Read","floor":21,"damage_taken":0},{"event_name":"Addict","player_choice":"Obtained Relic","floor":28,"damage_taken":0},{"event_name":"N\u0027loth","player_choice":"Traded a Paper Frog","floor":29,"damage_taken":0},{"event_name":"Vampires","player_choice":"Ignored","floor":31,"damage_taken":0}],"boss_relics":[{"not_picked":["Mark of Pain","Philosopher\u0027s Stone"],"picked":"Tiny House"}],"potions_floor_spawned":[5,6,7,23],"seed_played":"-1381340128537795789","killed_by":"Automaton","is_trial":false}