{"gold_per_floor":[11,29,45,45,45,45,45,45,45,45,85,85,106,119,119,217,217,241,27,50,50,70,70,11,35,35,35],"floor_reached":27,"playtime":880,"items_purged":[],"score":383,"play_id":"63e70011-acaa-4440-bb02-35ca077aac4c","local_time":"20190609045902","is_ascension_mode":true,"campfire_choices":[{"data":"Neutralize","floor":6.0,"key":"SMITH"},{"data":"Infinite Blades","floor":8.0,"key":"SMITH"},{"data":"Caltrops","floor":10.0,"key":"SMITH"},{"data":"Accuracy","floor":12.0,"key":"SMITH"},{"data":"Skewer","floor":15.0,"key":"SMITH"},{"floor":23,"key":"REST"}],"neow_cost":"NO_GOLD","seed_source_timestamp":173698489882500,"circlet_count":0,"master_deck":["AscendersBane","Defend_G","Defend_G","Defend_G","Defend_G","Strike_G","Strike_G","Strike_G","Survivor","Neutralize+1","Quick Slash","Dagger Throw","Infinite Blades+1","Accuracy+1","Caltrops+1","Injury","Slice","Cloak And Dagger","Blade Dance","Skewer+1","Wraith Form v2","Blade Dance","Calculated Gamble","Panache","Cloak And Dagger","RitualDagger","PiercingWail+1","Cloak And Dagger+1"],"special_seed":0,"relics":["Ring of the Serpent","Golden Idol","Pantograph","The Courier","Bronze Scales","Toxic Egg 2","Singing Bowl"],"potions_floor_usage":[20,22],"damage_taken":[{"damage":0.0,"enemies":"2 Louse","floor":1.0,"turns":2.0},{"damage":11.0,"enemies":"Small Slimes","floor":2.0,"turns":5.0},{"damage":0.0,"enemies":"Cultist","floor":3.0,"turns":4.0},{"damage":22.0,"enemies":"3 Sentries","floor":11.0,"turns":7.0},{"damage":8.0,"enemies":"3 Louse","floor":13.0,"turns":4.0},{"damage":1.0,"enemies":"Looter","floor":14.0,"turns":3.0},{"damage":15.0,"enemies":"Hexaghost","floor":16.0,"turns":8.0},{"damage":16.0,"enemies":"Shell Parasite","floor":18.0,"turns":5.0},{"damage":6,"enemies":"Chosen","floor":20,"turns":4},{"damage":17,"enemies":"Centurion and Healer","floor":22,"turns":4},{"damage":15,"enemies":"Snecko","floor":25,"turns":4},{"damage":28,"enemies":"Sentry and Sphere","floor":27,"turns":3}],"seed_played":"632998872974084351","potions_obtained":[{"floor":1.0,"key":"Dexterity Potion"},{"floor":3.0,"key":"SpeedPotion"},{"floor":11.0,"key":"GamblersBrew"},{"floor":18.0,"key":"Regen Potion"},{"floor":20,"key":"Strength Potion"}],"is_trial":false,"path_per_floor":["M","M","M","?","?","R","?","R","T","R","E","R","M","M","R","B",null,"M","$","M","?","M","R","?","M","T","M"],"character_chosen":"THE_SILENT","items_purchased":["Calculated Gamble","Panache"],"campfire_rested":1,"item_purchase_floors":[19,19],"current_hp_per_floor":[59,48,48,48,43,43,43,43,43,43,21,21,13,12,12,22,55,39,39,45,39,22,41,41,26,26,0],"gold":35,"neow_bonus":"TRANSFORM_TWO_CARDS","is_prod":false,"is_daily":false,"chose_seed":false,"campfire_upgraded":5,"win_rate":0,"timestamp":1560049142,"path_taken":["M","M","M","?","?","R","?","R","T","R","E","R","M","?","R","BOSS","M","$","M","?","M","R","?","?","T","M"],"build_version":"2019-01-23","purchased_purges":0,"victory":false,"max_hp_per_floor":[66,66,66,66,66,66,66,66,66,66,66,66,66,66,66,66,66,66,66,66,66,66,66,66,66,66,66],"card_choices":[{"not_picked":["Prepared","Backflip"],"picked":"Infinite Blades","floor":1.0},{"not_picked":["Flechettes","Dagger Throw"],"picked":"Accuracy","floor":2.0},{"not_picked":["Choke","Acrobatics"],"picked":"Caltrops","floor":3.0},{"not_picked":["Accuracy","Prepared"],"picked":"Cloak And Dagger","floor":11.0},{"not_picked":["Concentrate","Finisher"],"picked":"Blade Dance","floor":13.0},{"not_picked":["Dagger Spray","Prepared"],"picked":"Skewer","floor":14.0},{"not_picked":["Burst","Venomology"],"picked":"Wraith Form v2","floor":16.0},{"not_picked":["Dagger Spray","Riddle With Holes"],"picked":"Blade Dance","floor":18.0},{"not_picked":["Acrobatics","Sucker Punch"],"picked":"Cloak And Dagger","floor":20},{"not_picked":["Skewer","Eviscerate"],"picked":"PiercingWail+1","floor":22},{"not_picked":["Caltrops","Infinite Blades"],"picked":"Cloak And Dagger+1","floor":25}],"player_experience":1249553,"relics_obtained":[{"floor":9.0,"key":"The Courier"},{"floor":11.0,"key":"Bronze Scales"},{"floor":26,"key":"Singing Bowl"}],"event_choices":[{"damage_healed":0.0,"max_hp_gain":0.0,"max_hp_loss":0.0,"gold_gain":0.0,"event_name":"Golden Idol","player_choice":"Take Wound","floor":4.0,"gold_loss":0.0,"damage_taken":0.0,"relics_obtained":["Golden Idol"],"cards_obtained":["Injury"]},{"damage_healed":0.0,"max_hp_gain":0.0,"max_hp_loss":0.0,"gold_gain":0.0,"event_name":"Scrap Ooze","player_choice":"Success","floor":5.0,"gold_loss":0.0,"damage_taken":5.0,"relics_obtained":["Pantograph"]},{"damage_healed":0.0,"max_hp_gain":0.0,"max_hp_loss":0.0,"gold_gain":0.0,"cards_transformed":["Strike_G"],"event_name":"Transmorgrifier","player_choice":"Transformed","floor":7.0,"gold_loss":0.0,"damage_taken":0.0,"cards_obtained":["Slice"]},{"damage_healed":0,"gold_gain":0,"player_choice":"Joined the Cult","damage_taken":6,"max_hp_gain":0,"max_hp_loss":0,"event_name":"Nest","floor":21,"gold_loss":0,"cards_obtained":["RitualDagger"]},{"damage_healed":0,"gold_gain":0,"player_choice":"Paid Gold","damage_taken":0,"relics_obtained":["Toxic Egg 2"],"max_hp_gain":0,"max_hp_loss":0,"event_name":"WeMeetAgain","floor":24,"gold_loss":59}],"is_beta":false,"boss_relics":[{"not_picked":["Ectoplasm","Philosopher\u0027s Stone"],"picked":"Ring of the Serpent"}],"items_purged_floors":[],"is_endless":false,"potions_floor_spawned":[1,3,11,18,20],"killed_by":"Sentry and Sphere","ascension_level":16}