{"gold_per_floor":[360,360,360,376,394,422,422,447,447,476,0,0,0,33,33,112,112,129,129,140,140,140,140,169,169,193,193,204,204,216,16,16,94,94,104,104,104,104,123,123,142,142,168,168,179,69,0,0],"floor_reached":48,"playtime":2007,"items_purged":[],"score":1119,"play_id":"2bb96944-2302-4929-b705-bfe7e404b26f","local_time":"20190220225348","is_ascension_mode":true,"campfire_choices":[{"floor":7.0,"key":"REST"},{"floor":12.0,"key":"REST"},{"data":"Chaos","floor":15.0,"key":"SMITH"},{"data":"Defragment","floor":23.0,"key":"SMITH"},{"data":"Multi-Cast","floor":25.0,"key":"SMITH"},{"data":"Capacitor","floor":29.0,"key":"SMITH"},{"data":"Loop","floor":32.0,"key":"SMITH"},{"floor":40,"key":"REST"},{"floor":42,"key":"REST"},{"floor":44,"key":"RECALL"}],"neow_cost":"TEN_PERCENT_HP_LOSS","seed_source_timestamp":383181344342811,"circlet_count":0,"master_deck":["AscendersBane","Strike_B+1","Defend_B+1","Defend_B+1","Defend_B+1","Defend_B+1","Zap","Dualcast+1","Chaos+1","Skim","White Noise","Echo Form","Loop+1","Cold Snap+1","Steam","Glacier","Capacitor+1","Biased Cognition","Core Surge+1","Recycle+1","Leap+1","Multi-Cast+1","Leap","Compile Driver+1","Defragment+1","Ball Lightning+1","Tempest","Coolheaded","Defragment+1","Core Surge+1","Compile Driver+1","Echo Form+1","Chill+1","Barrage+1","Fusion","Heatsinks+1"],"special_seed":0,"relics":["FrozenCore","Mercury Hourglass","Molten Egg 2","Blue Candle","The Courier","Pantograph","Tiny Chest","Juzu Bracelet","Happy Flower","Bottled Tornado","Dream Catcher","Lantern","Frozen Egg 2","War Paint","Empty Cage","Whetstone","Red Mask"],"potions_floor_usage":[39],"damage_taken":[{"damage":4.0,"enemies":"2 Louse","floor":1.0,"turns":3.0},{"damage":4.0,"enemies":"Small Slimes","floor":4.0,"turns":3.0},{"damage":0.0,"enemies":"Cultist","floor":5.0,"turns":3.0},{"damage":25.0,"enemies":"Lagavulin","floor":6.0,"turns":7.0},{"damage":17.0,"enemies":"3 Sentries","floor":8.0,"turns":6.0},{"damage":0.0,"enemies":"Gremlin Nob","floor":10.0,"turns":3.0},{"damage":14.0,"enemies":"3 Sentries","floor":14.0,"turns":4.0},{"damage":0.0,"enemies":"Slime Boss","floor":16.0,"turns":7.0},{"damage":8.0,"enemies":"Shell Parasite","floor":18.0,"turns":5.0},{"damage":0.0,"enemies":"3 Byrds","floor":20.0,"turns":6.0},{"damage":12.0,"enemies":"Book of Stabbing","floor":24.0,"turns":7.0},{"damage":1.0,"enemies":"Centurion and Healer","floor":28.0,"turns":7.0},{"damage":17.0,"enemies":"Chosen and Byrds","floor":30.0,"turns":7.0},{"damage":3.0,"enemies":"Collector","floor":33.0,"turns":6.0},{"damage":18.0,"enemies":"3 Darklings","floor":35.0,"turns":7.0},{"damage":9,"enemies":"3 Shapes","floor":39,"turns":3},{"damage":15,"enemies":"Writhing Mass","floor":41,"turns":8},{"damage":33,"enemies":"Jaw Worm Horde","floor":45,"turns":5},{"damage":23,"enemies":"3 Darklings","floor":48,"turns":2}],"seed_played":"3788801678343314673","potions_obtained":[{"floor":4.0,"key":"Dexterity Potion"},{"floor":8.0,"key":"SpeedPotion"},{"floor":10.0,"key":"FocusPotion"},{"floor":16.0,"key":"PowerPotion"},{"floor":24.0,"key":"SteroidPotion"},{"floor":30.0,"key":"PowerPotion"},{"floor":39,"key":"LiquidBronze"}],"is_trial":false,"path_per_floor":["M","?","?","M","M","E","R","E","T","E","$","R","?","E","R","B",null,"M","T","M","?","?","R","E","R","T","T","M","R","M","$","R","B",null,"M","T","?","?","M","R","M","R","T","R","M","?","?","M"],"character_chosen":"DEFECT","items_purchased":["Glacier","Tiny Chest","Juzu Bracelet","Capacitor","Biased Cognition","Defragment+1","War Paint"],"campfire_rested":4,"item_purchase_floors":[11,11,11,11,11,31,31],"current_hp_per_floor":[60,49,49,45,45,20,39,22,22,22,22,41,41,27,27,52,61,53,53,53,53,53,53,41,41,41,41,40,40,23,23,23,45,59,41,41,41,41,32,51,36,55,55,55,22,22,22,0],"gold":0,"neow_bonus":"TWO_FIFTY_GOLD","is_prod":false,"is_daily":false,"chose_seed":false,"campfire_upgraded":5,"win_rate":0,"timestamp":1550699628,"path_taken":["M","?","?","M","M","E","R","E","T","E","$","R","?","E","R","BOSS","M","?","M","?","?","R","E","R","T","?","M","R","M","$","R","BOSS","M","?","?","?","M","R","M","R","T","R","M","?","?","M"],"build_version":"2019-01-23","purchased_purges":0,"victory":false,"max_hp_per_floor":[64,64,64,64,64,64,64,64,64,64,64,64,64,64,64,64,64,64,64,64,64,64,64,64,64,64,64,64,64,64,64,64,64,64,64,64,64,64,64,64,64,64,64,64,64,61,61,61],"card_choices":[{"not_picked":["Stack","Go for the Eyes"],"picked":"Chaos","floor":1.0},{"not_picked":["Sweeping Beam","Double Energy"],"picked":"White Noise","floor":4.0},{"not_picked":["Go for the Eyes","Aggregate"],"picked":"Echo Form","floor":5.0},{"not_picked":["Skim","Heatsinks"],"picked":"Loop","floor":6.0},{"not_picked":["Streamline+1","Undo"],"picked":"Cold Snap+1","floor":8.0},{"not_picked":["Beam Cell+1","Stack"],"picked":"Steam","floor":10.0},{"not_picked":["Streamline+1","Undo"],"picked":"Leap","floor":14.0},{"not_picked":["Machine Learning","Rainbow"],"picked":"Multi-Cast","floor":16.0},{"not_picked":["Streamline+1","Turbo"],"picked":"Leap","floor":18.0},{"not_picked":["Auto Shields","Double Energy"],"picked":"Compile Driver+1","floor":20.0},{"not_picked":["Genetic Algorithm","Lockon+1"],"picked":"Ball Lightning+1","floor":24.0},{"not_picked":["Storm+1","Hologram"],"picked":"Tempest","floor":28.0},{"not_picked":["Conserve Battery","Heatsinks+1"],"picked":"Coolheaded","floor":30.0},{"not_picked":["Multi-Cast","Machine Learning+1"],"picked":"Core Surge+1","floor":33.0},{"not_picked":["Hello World+1","Turbo"],"picked":"Compile Driver+1","floor":35.0},{"not_picked":["Stack","Sweeping Beam+1"],"picked":"Chill+1","floor":39},{"not_picked":["BootSequence+1","Chill"],"picked":"Barrage+1","floor":40},{"not_picked":["Rebound+1","Ball Lightning+1","Sweeping Beam+1"],"picked":"SKIP","floor":41},{"not_picked":["Skim","Streamline+1"],"picked":"Fusion","floor":42},{"not_picked":["Streamline+1","Beam Cell+1"],"picked":"Heatsinks+1","floor":45}],"player_experience":650340,"relics_obtained":[{"floor":6.0,"key":"Molten Egg 2"},{"floor":8.0,"key":"Blue Candle"},{"floor":9.0,"key":"The Courier"},{"floor":10.0,"key":"Pantograph"},{"floor":14.0,"key":"Happy Flower"},{"floor":19.0,"key":"Bottled Tornado"},{"floor":24.0,"key":"Dream Catcher"},{"floor":26.0,"key":"Lantern"},{"floor":27.0,"key":"Frozen Egg 2"},{"floor":43,"key":"Whetstone"}],"event_choices":[{"damage_healed":0.0,"max_hp_gain":0.0,"max_hp_loss":0.0,"gold_gain":0.0,"event_name":"Scrap Ooze","player_choice":"Success","floor":2.0,"gold_loss":0.0,"damage_taken":11.0,"relics_obtained":["Mercury Hourglass"]},{"damage_healed":0.0,"max_hp_gain":0.0,"max_hp_loss":0.0,"gold_gain":0.0,"cards_transformed":["Strike_B"],"event_name":"Living Wall","player_choice":"Change","floor":3.0,"gold_loss":0.0,"damage_taken":0.0,"cards_obtained":["Skim"]},{"damage_healed":0.0,"max_hp_gain":0.0,"max_hp_loss":0.0,"gold_gain":0.0,"event_name":"Match and Keep!","player_choice":"2 cards matched","floor":13.0,"gold_loss":0.0,"damage_taken":0.0,"cards_obtained":["Core Surge","Recycle"]},{"damage_healed":0.0,"max_hp_gain":0.0,"max_hp_loss":0.0,"gold_gain":0.0,"event_name":"Back to Basics","player_choice":"Simplicity","floor":21.0,"gold_loss":0.0,"damage_taken":0.0,"cards_upgraded":["Strike_B","Strike_B","Strike_B","Defend_B","Defend_B","Defend_B","Defend_B"]},{"damage_healed":0.0,"max_hp_gain":0.0,"max_hp_loss":0.0,"gold_gain":0.0,"event_name":"The Library","player_choice":"Read","floor":22.0,"gold_loss":0.0,"damage_taken":0.0,"cards_obtained":["Defragment"]},{"damage_healed":0,"gold_gain":0,"player_choice":"Ignored","damage_taken":0,"max_hp_gain":0,"max_hp_loss":0,"event_name":"Mysterious Sphere","floor":37,"gold_loss":0},{"damage_healed":0,"gold_gain":0,"player_choice":"Copied","damage_taken":0,"max_hp_gain":0,"max_hp_loss":0,"event_name":"Duplicator","floor":38,"gold_loss":0,"cards_obtained":["Echo Form"]},{"cards_removed":["Parasite"],"damage_healed":0,"gold_gain":0,"player_choice":"Upgrade and Remove","damage_taken":0,"max_hp_gain":0,"max_hp_loss":0,"event_name":"Designer","floor":46,"gold_loss":110,"cards_upgraded":["Dualcast"]},{"damage_healed":0,"gold_gain":0,"player_choice":"Paid","damage_taken":0,"relics_obtained":["Red Mask"],"max_hp_gain":0,"max_hp_loss":0,"event_name":"Tomb of Lord Red Mask","floor":47,"gold_loss":69}],"is_beta":false,"boss_relics":[{"not_picked":["White Beast Statue","Lizard Tail"],"picked":"FrozenCore"},{"not_picked":["Coffee Dripper","Black Star"],"picked":"Empty Cage"}],"items_purged_floors":[],"is_endless":false,"potions_floor_spawned":[4,8,10,16,20,24,30,33,39],"killed_by":"3 Darklings","ascension_level":20}