{"gold_per_floor":[117,137,87,87,15,15,41,6,29,56,69,69,95,110,110,210,210,226,226,236,247,264,264,264,264,264,264,275,42,42,73,73,73],"floor_reached":33,"playtime":1770,"items_purged":["Strike_G"],"score":382,"play_id":"358d3f91-1ff2-4d3a-b300-10afe4150d3c","local_time":"20190927023440","is_ascension_mode":true,"campfire_choices":[{"data":"Neutralize","floor":6.0,"key":"SMITH"},{"data":"Noxious Fumes","floor":12.0,"key":"SMITH"},{"floor":15.0,"key":"REST"},{"data":"Dagger Spray","floor":23.0,"key":"SMITH"},{"data":"Burst","floor":27.0,"key":"SMITH"},{"data":"Leg Sweep","floor":30.0,"key":"SMITH"},{"floor":32.0,"key":"REST"}],"neow_cost":"NONE","seed_source_timestamp":748630233489316,"circlet_count":0,"master_deck":["Strike_G","Strike_G","Defend_G","Defend_G+1","Defend_G","Defend_G+1","Defend_G","Survivor","Neutralize+1","Predator","Flying Knee","Leg Sweep+1","Dagger Spray+1","Noxious Fumes+1","Burst+1","Bane+1","Backstab","After Image","Die Die Die"],"special_seed":0,"relics":["Ring of the Snake","Bird Faced Urn","Art of War","Gambling Chip","Girya","Calling Bell","Potion Belt","Blue Candle","Ice Cream","Gremlin Horn","Blood Vial"],"potions_floor_usage":[33,33],"damage_taken":[{"damage":2.0,"enemies":"Cultist","floor":1.0,"turns":4.0},{"damage":7.0,"enemies":"Jaw Worm","floor":2.0,"turns":3.0},{"damage":7.0,"enemies":"3 Sentries","floor":7.0,"turns":12.0},{"damage":14.0,"enemies":"Lagavulin","floor":10.0,"turns":10.0},{"damage":0.0,"enemies":"Small Slimes","floor":11.0,"turns":6.0},{"damage":25.0,"enemies":"Gremlin Nob","floor":13.0,"turns":4.0},{"damage":0.0,"enemies":"Blue Slaver","floor":14.0,"turns":4.0},{"damage":9.0,"enemies":"The Guardian","floor":16.0,"turns":12.0},{"damage":13.0,"enemies":"Spheric Guardian","floor":18.0,"turns":7.0},{"damage":11.0,"enemies":"Chosen","floor":20.0,"turns":6.0},{"damage":17.0,"enemies":"Snake Plant","floor":21.0,"turns":6.0},{"damage":21.0,"enemies":"Cultist and Chosen","floor":22.0,"turns":7.0},{"damage":0.0,"enemies":"Centurion and Healer","floor":28.0,"turns":6.0},{"damage":3.0,"enemies":"Book of Stabbing","floor":31.0,"turns":8.0},{"damage":47,"enemies":"Collector","floor":33,"turns":6}],"seed_played":"5159859384838422254","potions_obtained":[{"floor":1.0,"key":"SkillPotion"},{"floor":2.0,"key":"Weak Potion"},{"floor":10.0,"key":"Regen Potion"},{"floor":18.0,"key":"Dexterity Potion"},{"floor":22.0,"key":"Ancient Potion"},{"floor":28.0,"key":"EssenceOfSteel"}],"is_trial":false,"path_per_floor":["M","M","?","?","$","R","E","$","T","E","M","R","E","M","R","B",null,"M","?","M","M","M","R","?","?","T","R","M","$","R","E","R","B"],"character_chosen":"THE_SILENT","items_purchased":["Leg Sweep","Noxious Fumes","Die Die Die"],"campfire_rested":2,"item_purchase_floors":[5,8,29],"current_hp_per_floor":[61,54,54,40,40,40,33,33,33,21,36,36,13,15,36,29,60,49,49,40,25,6,6,29,16,16,16,18,18,18,19,41,0],"gold":73,"neow_bonus":"REMOVE_CARD","is_prod":false,"is_daily":false,"chose_seed":false,"campfire_upgraded":5,"win_rate":0,"timestamp":1569576880,"path_taken":["M","M","?","?","?","R","E","$","T","E","?","R","E","M","R","BOSS","M","?","M","?","M","R","?","?","T","R","M","$","R","E","R","BOSS"],"build_version":"2019-07-17","purchased_purges":1,"victory":false,"max_hp_per_floor":[70,70,70,70,70,70,70,70,70,70,70,70,70,70,70,70,70,70,70,70,70,70,70,70,75,75,75,75,75,75,75,75,75],"card_choices":[{"not_picked":["Riddle With Holes","Masterful Stab"],"picked":"Predator","floor":1.0},{"not_picked":["Quick Slash","Deflect"],"picked":"Flying Knee","floor":2.0},{"not_picked":["Well Laid Plans","Dagger Throw"],"picked":"Dagger Spray","floor":7.0},{"not_picked":["Quick Slash","Sucker Punch","Poisoned Stab"],"picked":"SKIP","floor":10.0},{"not_picked":["Distraction","Blade Dance","Flechettes"],"picked":"SKIP","floor":11.0},{"not_picked":["Bane","Outmaneuver"],"picked":"Burst","floor":13.0},{"not_picked":["Deflect","Calculated Gamble","Choke"],"picked":"SKIP","floor":14.0},{"not_picked":["Dagger Spray","Prepared"],"picked":"Bane+1","floor":18.0},{"not_picked":["Bane","Blade Dance","Deflect"],"picked":"SKIP","floor":20.0},{"not_picked":["PiercingWail","Flying Knee","Underhanded Strike"],"picked":"SKIP","floor":21.0},{"not_picked":["Dodge and Roll+1","Bane"],"picked":"Backstab","floor":22.0},{"not_picked":["Sucker Punch","Eviscerate"],"picked":"After Image","floor":28.0},{"not_picked":["Dagger Spray","Endless Agony","Masterful Stab"],"picked":"SKIP","floor":31.0}],"player_experience":252044,"relics_obtained":[{"floor":7.0,"key":"Bird Faced Urn"},{"floor":9.0,"key":"Art of War"},{"floor":10.0,"key":"Gambling Chip"},{"floor":13.0,"key":"Girya"},{"floor":17.0,"key":"Potion Belt"},{"floor":17.0,"key":"Blue Candle"},{"floor":17.0,"key":"Ice Cream"},{"floor":26.0,"key":"Gremlin Horn"},{"floor":31.0,"key":"Blood Vial"}],"event_choices":[{"cards_removed":["Strike_G"],"damage_healed":0.0,"max_hp_gain":0.0,"max_hp_loss":0.0,"gold_gain":0.0,"event_name":"The Cleric","player_choice":"Card Removal","floor":3.0,"gold_loss":50.0,"damage_taken":0.0},{"damage_healed":0.0,"max_hp_gain":0.0,"max_hp_loss":0.0,"gold_gain":0.0,"event_name":"Shining Light","player_choice":"Entered Light","floor":4.0,"gold_loss":0.0,"damage_taken":14.0,"cards_upgraded":["Defend_G","Defend_G"]},{"damage_healed":0.0,"max_hp_gain":0.0,"max_hp_loss":0.0,"gold_gain":0.0,"event_name":"The Woman in Blue","player_choice":"Bought 0 Potions","floor":19.0,"gold_loss":0.0,"damage_taken":0.0},{"damage_healed":23.0,"max_hp_gain":0.0,"max_hp_loss":0.0,"gold_gain":0.0,"event_name":"The Library","player_choice":"Heal","floor":24.0,"gold_loss":0.0,"damage_taken":0.0},{"damage_healed":0.0,"max_hp_gain":5.0,"max_hp_loss":0.0,"gold_gain":0.0,"event_name":"Forgotten Altar","player_choice":"Shed Blood","floor":25.0,"gold_loss":0.0,"damage_taken":18.0}],"is_beta":false,"boss_relics":[{"not_picked":["Black Star","Lizard Tail"],"picked":"Calling Bell"}],"items_purged_floors":[29],"is_endless":false,"potions_floor_spawned":[1,2,10,18,22,28],"killed_by":"Collector","ascension_level":7}