{"gold_per_floor":[109,126,126,137,152,152,77,90,90,115,115,19,19,96,96,96],"floor_reached":16,"playtime":4645,"items_purged":["Strike_R"],"score":190,"play_id":"7b1c2eb2-6f38-4885-b1e0-c607ff9e3630","local_time":"20190807202433","is_ascension_mode":true,"campfire_choices":[{"data":"Feel No Pain","floor":6,"key":"SMITH"},{"data":"Metallicize","floor":11,"key":"SMITH"},{"floor":13,"key":"REST"},{"data":"Bash","floor":15,"key":"SMITH"}],"neow_cost":"NONE","seed_source_timestamp":440388422603300,"circlet_count":0,"master_deck":["AscendersBane","Strike_R","Strike_R","Strike_R","Defend_R","Defend_R","Defend_R","Defend_R","Bash+1","Battle Trance","Feel No Pain+1","Metallicize+1","Rage","Bloodletting","Flex","Flame Barrier","Clothesline"],"relics":["Burning Blood","Happy Flower","Ginger","Calipers","Bottled Flame"],"potions_floor_usage":[8,16],"damage_taken":[{"damage":7,"enemies":"Small Slimes","floor":1,"turns":5},{"damage":7,"enemies":"Cultist","floor":2,"turns":4},{"damage":7,"enemies":"Jaw Worm","floor":4,"turns":3},{"damage":43,"enemies":"Lots of Slimes","floor":5,"turns":7},{"damage":12,"enemies":"Large Slime","floor":8,"turns":10},{"damage":19,"enemies":"3 Sentries","floor":10,"turns":20},{"damage":50,"enemies":"Slime Boss","floor":16,"turns":9}],"seed_played":"6841634070264429232","potions_obtained":[{"floor":4,"key":"Strength Potion"},{"floor":5,"key":"BloodPotion"},{"floor":10,"key":"SteroidPotion"}],"is_trial":false,"path_per_floor":["M","M","?","M","M","R","$","M","T","E","R","$","R","T","R","B"],"character_chosen":"IRONCLAD","items_purchased":["Flame Barrier","Clothesline"],"campfire_rested":1,"item_purchase_floors":[12,12],"current_hp_per_floor":[67,66,66,65,28,28,28,40,40,27,27,27,49,49,49,0],"gold":96,"neow_bonus":"RANDOM_COMMON_RELIC","is_prod":false,"is_daily":false,"chose_seed":false,"campfire_upgraded":3,"win_rate":0,"timestamp":1565202273,"path_taken":["M","M","?","?","M","R","$","M","T","E","R","$","R","?","R","BOSS"],"build_version":"2019-07-17","purchased_purges":1,"victory":false,"max_hp_per_floor":[75,75,75,75,75,75,75,75,75,75,75,75,75,75,75,75],"card_choices":[{"not_picked":["Twin Strike","Clothesline"],"picked":"Battle Trance","floor":1},{"not_picked":["Evolve","Warcry"],"picked":"Feel No Pain","floor":2},{"not_picked":["Clothesline","Pommel Strike"],"picked":"Metallicize","floor":4},{"not_picked":["Reckless Charge","Wild Strike"],"picked":"Rage","floor":5},{"not_picked":["Sword Boomerang","Perfected Strike"],"picked":"Bloodletting","floor":8},{"not_picked":["Brutality","Clash"],"picked":"Flex","floor":10}],"player_experience":1802083,"relics_obtained":[{"floor":9,"key":"Ginger"},{"floor":10,"key":"Calipers"},{"floor":14,"key":"Bottled Flame"}],"event_choices":[{"cards_removed":["Strike_R"],"damage_healed":0,"gold_gain":0,"player_choice":"Purged","damage_taken":0,"max_hp_gain":0,"max_hp_loss":0,"event_name":"Purifier","floor":3,"gold_loss":0}],"is_beta":false,"boss_relics":[],"items_purged_floors":[7],"is_endless":false,"potions_floor_spawned":[4,5,10],"killed_by":"Slime Boss","ascension_level":18}