{"gold_per_floor":[111,111,131,144,159,159,170,225,225,29,47,47,103,117,117,192,192,192,192,15,0,0,0,0,0,0,0,0,0,0,0],"floor_reached":31,"playtime":1663,"items_purged":["Strike_R","Strike_R"],"score":424,"play_id":"7745ec26-a679-4ee1-8969-2b0060f9c222","local_time":"20190924233518","is_ascension_mode":true,"campfire_choices":[{"data":"Bash","floor":6.0,"key":"SMITH"},{"data":"True Grit","floor":12.0,"key":"SMITH"},{"data":"True Grit","floor":15.0,"key":"SMITH"},{"data":"Demon Form","floor":23.0,"key":"SMITH"},{"data":"Evolve","floor":25.0,"key":"SMITH"},{"floor":29,"key":"REST"}],"neow_cost":"NONE","seed_source_timestamp":656522081927643,"circlet_count":0,"master_deck":["AscendersBane","Strike_R","Defend_R","Defend_R","Defend_R","Defend_R","Bash+1","Cleave","Headbutt","Impervious","Ghostly Armor","True Grit+1","Inflame","True Grit+1","Evolve+1","Shrug It Off","Demon Form+1","Disarm"],"special_seed":0,"relics":["Burning Blood","Matryoshka","Kunai","Mercury Hourglass","Tiny Chest","Ectoplasm","Boot","Oddly Smooth Stone","Mummified Hand"],"potions_floor_usage":[27,31],"damage_taken":[{"damage":6.0,"enemies":"2 Louse","floor":1.0,"turns":3.0},{"damage":0.0,"enemies":"Small Slimes","floor":3.0,"turns":3.0},{"damage":6.0,"enemies":"Jaw Worm","floor":4.0,"turns":5.0},{"damage":11.0,"enemies":"Blue Slaver","floor":5.0,"turns":3.0},{"damage":2.0,"enemies":"Exordium Wildlife","floor":7.0,"turns":3.0},{"damage":0.0,"enemies":"Gremlin Nob","floor":8.0,"turns":3.0},{"damage":5.0,"enemies":"Large Slime","floor":11.0,"turns":6.0},{"damage":34.0,"enemies":"Lagavulin","floor":13.0,"turns":8.0},{"damage":3.0,"enemies":"3 Louse","floor":14.0,"turns":4.0},{"damage":32.0,"enemies":"The Guardian","floor":16.0,"turns":17.0},{"damage":20.0,"enemies":"Shell Parasite","floor":18.0,"turns":9.0},{"damage":20.0,"enemies":"Spheric Guardian","floor":22.0,"turns":6.0},{"damage":39.0,"enemies":"Book of Stabbing","floor":24.0,"turns":8.0},{"damage":0,"enemies":"Cultist and Chosen","floor":27,"turns":8},{"damage":17,"enemies":"Snake Plant","floor":30,"turns":5},{"damage":46,"enemies":"Gremlin Leader","floor":31,"turns":6}],"seed_played":"-8397436018674882148","potions_obtained":[{"floor":4.0,"key":"Energy Potion"},{"floor":7.0,"key":"FearPotion"},{"floor":8.0,"key":"Dexterity Potion"},{"floor":14.0,"key":"Weak Potion"},{"floor":22.0,"key":"EssenceOfSteel"},{"floor":27,"key":"SteroidPotion"},{"floor":30,"key":"Swift Potion"}],"is_trial":false,"path_per_floor":["M","?","M","M","M","R","M","?","T","$","M","R","E","M","R","B",null,"M","?","$","?","M","R","E","R","T","M","$","R","M","E"],"character_chosen":"IRONCLAD","items_purchased":["Inflame","True Grit","Disarm"],"campfire_rested":1,"item_purchase_floors":[10,10,20],"current_hp_per_floor":[72,77,83,83,78,78,82,85,85,85,85,85,57,60,60,34,72,58,58,58,58,44,44,11,11,11,17,17,42,31,0],"gold":0,"neow_bonus":"REMOVE_CARD","is_prod":false,"is_daily":false,"chose_seed":false,"campfire_upgraded":5,"win_rate":0,"timestamp":1569393318,"path_taken":["M","?","M","M","M","R","M","?","T","$","M","R","E","M","R","BOSS","M","?","$","?","M","R","E","R","T","M","?","R","M","E"],"build_version":"2019-07-17","purchased_purges":2,"victory":false,"max_hp_per_floor":[80,85,85,85,85,85,85,85,85,85,85,85,85,85,85,85,85,85,85,85,85,85,85,85,85,85,85,85,85,85,85],"card_choices":[{"not_picked":["Clash","Disarm"],"picked":"Cleave","floor":1.0},{"not_picked":["Clash","Armaments","Uppercut"],"picked":"SKIP","floor":3.0},{"not_picked":["Armaments","Spot Weakness"],"picked":"Headbutt","floor":4.0},{"not_picked":["Cleave","Clash"],"picked":"Impervious","floor":5.0},{"not_picked":["Hemokinesis","Armaments"],"picked":"Ghostly Armor","floor":7.0},{"not_picked":["Thunderclap","Perfected Strike"],"picked":"True Grit","floor":8.0},{"not_picked":["Clash","Clothesline"],"picked":"Evolve","floor":11.0},{"not_picked":["Double Tap","Warcry"],"picked":"Shrug It Off","floor":13.0},{"not_picked":["Perfected Strike","Wild Strike","Havoc"],"picked":"SKIP","floor":14.0},{"not_picked":["Exhume","Fiend Fire"],"picked":"Demon Form","floor":16.0},{"not_picked":["Armaments","Sword Boomerang","Havoc"],"picked":"SKIP","floor":18.0},{"not_picked":["Inflame","Seeing Red+1","Anger"],"picked":"SKIP","floor":22.0},{"not_picked":["Carnage","Pommel Strike+1","Flex"],"picked":"SKIP","floor":24.0},{"not_picked":["Bloodletting","Clothesline","Cleave"],"picked":"SKIP","floor":27},{"not_picked":["Infernal Blade+1","Clash","Havoc"],"picked":"SKIP","floor":30}],"player_experience":227971,"relics_obtained":[{"floor":8.0,"key":"Matryoshka"},{"floor":9.0,"key":"Kunai"},{"floor":9.0,"key":"Mercury Hourglass"},{"floor":13.0,"key":"Tiny Chest"},{"floor":24.0,"key":"Boot"},{"floor":26.0,"key":"Oddly Smooth Stone"},{"floor":26.0,"key":"Mummified Hand"}],"event_choices":[{"damage_healed":0.0,"max_hp_gain":5.0,"max_hp_loss":0.0,"gold_gain":0.0,"event_name":"Big Fish","player_choice":"Donut","floor":2.0,"gold_loss":0.0,"damage_taken":0.0},{"damage_healed":0.0,"max_hp_gain":0.0,"max_hp_loss":0.0,"gold_gain":30.0,"event_name":"Dead Adventurer","player_choice":"Searched \u00272\u0027 times","floor":8.0,"gold_loss":0.0,"damage_taken":0.0},{"cards_removed":["Strike_R"],"damage_healed":0.0,"max_hp_gain":0.0,"max_hp_loss":0.0,"gold_gain":0.0,"event_name":"Back to Basics","player_choice":"Elegance","floor":19.0,"gold_loss":0.0,"damage_taken":0.0},{"damage_healed":0.0,"max_hp_gain":0.0,"max_hp_loss":0.0,"gold_gain":0.0,"event_name":"Masked Bandits","player_choice":"Paid Fearfully","floor":21.0,"gold_loss":15.0,"damage_taken":0.0}],"is_beta":false,"boss_relics":[{"not_picked":["Cursed Key","Black Blood"],"picked":"Ectoplasm"}],"items_purged_floors":[10,20],"is_endless":false,"potions_floor_spawned":[4,7,8,14,22,24,27,30],"killed_by":"Gremlin Leader","ascension_level":13}