{"gold_per_floor":[118,98,113,129,179,179,211,211,238,238,31,47,66,83,83,161,161,175,175,125,140,19,19,46,57,57,57],"floor_reached":27,"playtime":899,"items_purged":["Strike_G"],"score":419,"play_id":"f332bda7-4fae-4719-b597-987b81734051","local_time":"20190611032009","is_ascension_mode":true,"campfire_choices":[{"data":"Neutralize","floor":6,"key":"SMITH"},{"data":"Malaise","floor":8,"key":"SMITH"},{"data":"Noxious Fumes","floor":10,"key":"SMITH"},{"data":"Envenom","floor":15,"key":"SMITH"},{"floor":23,"key":"REST"}],"neow_cost":"NONE","seed_source_timestamp":13432509077500,"circlet_count":0,"master_deck":["AscendersBane","Defend_G","Defend_G","Defend_G","Defend_G","Strike_G","Strike_G","Strike_G","Survivor","Neutralize+1","Deadly Poison","Malaise+1","Quick Slash","Noxious Fumes+1","Blade Dance","Poisoned Stab","Dodge and Roll","Envenom+1","Bane","Caltrops","Wraith Form v2","Backstab","Writhe","PiercingWail+1","Skewer+1","Well Laid Plans","Blade Dance","Infinite Blades"],"relics":["Ring of the Snake","NeowsBlessing","Anchor","Bronze Scales","Empty Cage","Molten Egg 2","Bottled Tornado","Dream Catcher"],"potions_floor_usage":[7,7,16,18,27],"damage_taken":[{"damage":0,"enemies":"Cultist","floor":1,"turns":1},{"damage":0,"enemies":"2 Louse","floor":3,"turns":1},{"damage":0,"enemies":"Small Slimes","floor":4,"turns":1},{"damage":37,"enemies":"3 Sentries","floor":7,"turns":12},{"damage":0,"enemies":"Red Slaver","floor":12,"turns":4},{"damage":8,"enemies":"Exordium Wildlife","floor":13,"turns":4},{"damage":0,"enemies":"Blue Slaver","floor":14,"turns":3},{"damage":4,"enemies":"Hexaghost","floor":16,"turns":8},{"damage":0,"enemies":"3 Byrds","floor":18,"turns":3},{"damage":29,"enemies":"Spheric Guardian","floor":21,"turns":6},{"damage":23,"enemies":"Book of Stabbing","floor":24,"turns":6},{"damage":17,"enemies":"Snecko","floor":25,"turns":6},{"damage":4,"enemies":"Gremlin Leader","floor":27,"turns":1}],"seed_played":"6804540900967662217","potions_obtained":[{"floor":2,"key":"EssenceOfSteel"},{"floor":4,"key":"Strength Potion"},{"floor":12,"key":"Energy Potion"},{"floor":13,"key":"SkillPotion"},{"floor":25,"key":"Weak Potion"}],"is_trial":false,"path_per_floor":["M","?","M","M","?","R","E","R","T","R","$","M","M","M","R","B",null,"M","?","?","M","$","R","E","M","T","E"],"character_chosen":"THE_SILENT","items_purchased":["Blade Dance","Poisoned Stab","Dodge and Roll","Skewer+1","Well Laid Plans"],"campfire_rested":1,"item_purchase_floors":[11,11,11,22,22],"current_hp_per_floor":[59,59,59,59,53,53,16,16,16,16,16,16,8,8,8,4,51,51,51,51,22,22,41,18,1,1,0],"gold":57,"neow_bonus":"THREE_ENEMY_KILL","is_prod":false,"is_daily":false,"chose_seed":false,"campfire_upgraded":4,"win_rate":0,"timestamp":1560216009,"path_taken":["M","?","?","M","?","R","E","R","T","R","?","?","M","M","R","BOSS","M","?","?","?","?","R","E","M","T","E"],"build_version":"2019-01-23","purchased_purges":1,"victory":false,"max_hp_per_floor":[66,66,66,66,66,66,66,66,66,66,66,66,66,66,66,66,66,66,66,66,66,66,66,66,66,66,66],"card_choices":[{"not_picked":["Slice","Finisher"],"picked":"Deadly Poison","floor":1},{"not_picked":["Acrobatics","Deadly Poison"],"picked":"Malaise","floor":3},{"not_picked":["Underhanded Strike","Prepared"],"picked":"Quick Slash","floor":4},{"not_picked":["Cloak And Dagger","Acrobatics"],"picked":"Noxious Fumes","floor":7},{"not_picked":["Cloak And Dagger","Leg Sweep"],"picked":"Envenom","floor":12},{"not_picked":["Outmaneuver","All Out Attack"],"picked":"Bane","floor":13},{"not_picked":["Flying Knee","Blur"],"picked":"Caltrops","floor":14},{"not_picked":["Storm of Steel","Phantasmal Killer"],"picked":"Wraith Form v2","floor":16},{"not_picked":["Expertise","Poisoned Stab"],"picked":"Backstab","floor":18},{"not_picked":["Outmaneuver","Dagger Throw+1"],"picked":"PiercingWail+1","floor":21},{"not_picked":["Dodge and Roll","Deflect"],"picked":"Blade Dance","floor":24},{"not_picked":["Underhanded Strike+1","Outmaneuver"],"picked":"Infinite Blades","floor":25}],"player_experience":1296652,"relics_obtained":[{"floor":7,"key":"Anchor"},{"floor":9,"key":"Bronze Scales"},{"floor":24,"key":"Bottled Tornado"},{"floor":26,"key":"Dream Catcher"}],"event_choices":[{"damage_healed":0,"gold_gain":0,"player_choice":"Bought 1 Potion","damage_taken":0,"max_hp_gain":0,"max_hp_loss":0,"event_name":"The Woman in Blue","floor":2,"gold_loss":0},{"damage_healed":0,"gold_gain":50,"player_choice":"Touch","damage_taken":6,"max_hp_gain":0,"max_hp_loss":0,"event_name":"FaceTrader","floor":5,"gold_loss":0},{"damage_healed":0,"gold_gain":0,"player_choice":"Opened","damage_taken":0,"relics_obtained":["Molten Egg 2"],"max_hp_gain":0,"max_hp_loss":0,"event_name":"The Mausoleum","floor":19,"gold_loss":0,"cards_obtained":["Writhe"]},{"damage_healed":0,"gold_gain":0,"player_choice":"Bet on Owner","damage_taken":0,"max_hp_gain":0,"max_hp_loss":0,"event_name":"The Joust","floor":20,"gold_loss":50}],"is_beta":false,"boss_relics":[{"not_picked":["Eternal Feather","Snecko Eye"],"picked":"Empty Cage"}],"items_purged_floors":[11],"is_endless":false,"potions_floor_spawned":[4,12,13,14,25],"killed_by":"Gremlin Leader","ascension_level":16}