{"gold_per_floor":[111,111,126,126,136,136,148,160,160,160,160,175,175,210,210,284,284,302,9,9,28,28,28,61,78,78,78,95,95,95,125,125,198,198,218,35,87,0,0,0,31,31,31,31,61,21,36,48,48,48],"floor_reached":51,"playtime":3217,"items_purged":["Strike_B","Strike_B"],"score":1580,"play_id":"7fd68278-8ee7-4ebb-bf9b-ef9d5c3dd71b","local_time":"20190616223231","is_ascension_mode":true,"campfire_choices":[{"data":"Defragment","floor":6,"key":"SMITH"},{"floor":11,"key":"REST"},{"floor":15,"key":"REST"},{"floor":23,"key":"REST"},{"floor":27,"key":"REST"},{"data":"Chaos","floor":29,"key":"SMITH"},{"floor":32,"key":"REST"},{"data":"Fission","floor":40,"key":"SMITH"},{"floor":44,"key":"REST"},{"floor":49,"key":"REST"}],"neow_cost":"NONE","seed_source_timestamp":52023512895915,"circlet_count":0,"master_deck":["AscendersBane","Strike_B+1","Defend_B","Defend_B","Defend_B","Defend_B","Zap+1","Dualcast","Steam+1","Defragment+1","Streamline+1","Barrage","Coolheaded","Glacier","Biased Cognition","Sweeping Beam","Chaos+1","Consume","Compile Driver","Conserve Battery+1","Fission+1","Echo Form","Capacitor","Double Energy","Loop+1","Cold Snap","Seek"],"relics":["Cracked Core","Bag of Marbles","Regal Pillow","Snecko Eye","Runic Capacitor","Sundial","Mummified Hand","GremlinMask","Unceasing Top","Nuclear Battery","Ice Cream","Red Mask","Orichalcum","Vajra","Meat on the Bone","Happy Flower"],"potions_floor_usage":[14,24,41,50,50],"damage_taken":[{"damage":18,"enemies":"Small Slimes","floor":1,"turns":3},{"damage":0,"enemies":"Jaw Worm","floor":3,"turns":2},{"damage":0,"enemies":"2 Louse","floor":5,"turns":2},{"damage":8,"enemies":"Red Slaver","floor":7,"turns":3},{"damage":0,"enemies":"Gremlin Gang","floor":8,"turns":3},{"damage":10,"enemies":"3 Louse","floor":12,"turns":2},{"damage":10,"enemies":"3 Sentries","floor":14,"turns":3},{"damage":23,"enemies":"Slime Boss","floor":16,"turns":9},{"damage":24,"enemies":"Shell Parasite","floor":18,"turns":7},{"damage":5,"enemies":"Spheric Guardian","floor":21,"turns":4},{"damage":56,"enemies":"Gremlin Leader","floor":24,"turns":8},{"damage":2,"enemies":"Cultist and Chosen","floor":25,"turns":7},{"damage":13,"enemies":"Snecko","floor":28,"turns":6},{"damage":4,"enemies":"Book of Stabbing","floor":31,"turns":8},{"damage":54,"enemies":"Champ","floor":33,"turns":17},{"damage":0,"enemies":"3 Shapes","floor":35,"turns":7},{"damage":20,"enemies":"2 Orb Walkers","floor":37,"turns":6},{"damage":32,"enemies":"Reptomancer","floor":41,"turns":7},{"damage":3,"enemies":"Giant Head","floor":45,"turns":9},{"damage":2,"enemies":"Orb Walker","floor":47,"turns":3},{"damage":9,"enemies":"3 Darklings","floor":48,"turns":5},{"damage":0,"enemies":"Donu and Deca","floor":50,"turns":10}],"seed_played":"3432031488143233968","potions_obtained":[{"floor":3,"key":"Dexterity Potion"},{"floor":8,"key":"AttackPotion"},{"floor":25,"key":"Explosive Potion"},{"floor":28,"key":"FocusPotion"},{"floor":46,"key":"Swift Potion"}],"is_trial":false,"path_per_floor":["M","?","M","?","M","R","M","M","T","?","R","M","?","E","R","B",null,"M","$","?","M","$","R","E","M","T","R","M","R","?","E","R","B",null,"M","$","?","?","T","R","E","?","T","R","E","?","M","M","R","B",null],"character_chosen":"DEFECT","items_purchased":["Runic Capacitor","Capacitor"],"campfire_rested":7,"item_purchase_floors":[19,36],"current_hp_per_floor":[46,25,25,25,25,25,17,17,17,17,38,28,28,18,54,31,61,37,37,37,32,32,68,12,10,10,46,33,33,33,29,65,11,56,56,56,36,36,36,36,4,4,4,40,37,37,47,38,71,71],"gold":48,"neow_bonus":"UPGRADE_CARD","is_prod":false,"is_daily":false,"chose_seed":false,"campfire_upgraded":3,"win_rate":0,"timestamp":1560720751,"path_taken":["M","?","M","?","M","R","M","M","T","?","R","M","?","E","R","BOSS","M","$","?","?","$","R","E","M","T","R","M","R","?","E","R","BOSS","M","$","?","?","?","R","E","?","T","R","E","?","M","?","R","BOSS"],"build_version":"2019-01-23","purchased_purges":2,"victory":true,"max_hp_per_floor":[71,71,71,71,71,71,71,71,71,71,71,71,71,71,71,71,71,71,71,71,71,71,71,71,71,71,71,71,71,71,71,71,71,71,71,71,71,71,71,71,71,71,71,71,71,71,71,71,71,71],"card_choices":[{"not_picked":["Turbo","Storm"],"picked":"Steam","floor":1},{"not_picked":["Steam","White Noise"],"picked":"Defragment","floor":3},{"not_picked":["Auto Shields","Turbo"],"picked":"Ball Lightning","floor":5},{"not_picked":["Go for the Eyes","Barrage"],"picked":"Streamline","floor":7},{"not_picked":["Genetic Algorithm","Go for the Eyes"],"picked":"Barrage","floor":8},{"not_picked":["Stack","Barrage"],"picked":"Coolheaded","floor":12},{"not_picked":["Scrape","Thunder Strike"],"picked":"Glacier","floor":14},{"not_picked":["Buffer","Rainbow"],"picked":"Biased Cognition","floor":16},{"not_picked":["Rebound","Compile Driver"],"picked":"Sweeping Beam","floor":18},{"not_picked":["Beam Cell","Rebound"],"picked":"Chaos","floor":21},{"not_picked":["Streamline","Buffer"],"picked":"Consume","floor":24},{"not_picked":["Steam","Steam Power"],"picked":"Compile Driver","floor":25},{"not_picked":["Ball Lightning","Hologram+1"],"picked":"Conserve Battery+1","floor":28},{"not_picked":["Storm","Barrage"],"picked":"Fission","floor":31},{"not_picked":["Rainbow","All For One"],"picked":"Echo Form","floor":33},{"not_picked":["Recycle","Cold Snap","Compile Driver"],"picked":"SKIP","floor":35},{"not_picked":["Fusion+1","Storm"],"picked":"Double Energy","floor":37},{"not_picked":["Beam Cell","Reboot"],"picked":"Loop+1","floor":41},{"not_picked":["Compile Driver","Storm"],"picked":"Cold Snap","floor":45},{"not_picked":["Stack","Leap+1","Gash"],"picked":"SKIP","floor":47},{"not_picked":["Leap","Cold Snap"],"picked":"Seek","floor":48}],"player_experience":1082126,"relics_obtained":[{"floor":9,"key":"Bag of Marbles"},{"floor":14,"key":"Regal Pillow"},{"floor":24,"key":"Sundial"},{"floor":26,"key":"Mummified Hand"},{"floor":31,"key":"Unceasing Top"},{"floor":37,"key":"Ice Cream"},{"floor":39,"key":"Orichalcum"},{"floor":41,"key":"Vajra"},{"floor":43,"key":"Meat on the Bone"},{"floor":45,"key":"Happy Flower"}],"event_choices":[{"damage_healed":0,"gold_gain":0,"player_choice":"Entered Light","damage_taken":21,"max_hp_gain":0,"max_hp_loss":0,"event_name":"Shining Light","floor":2,"gold_loss":0,"cards_upgraded":["Strike_B","Steam"]},{"damage_healed":0,"gold_gain":0,"player_choice":"Ignored","damage_taken":0,"max_hp_gain":0,"max_hp_loss":0,"event_name":"Liars Game","floor":4,"gold_loss":0},{"damage_healed":0,"gold_gain":0,"player_choice":"Grow","damage_taken":0,"max_hp_gain":0,"max_hp_loss":0,"event_name":"Living Wall","floor":10,"gold_loss":0,"cards_upgraded":["Streamline"]},{"damage_healed":0,"gold_gain":0,"player_choice":"0 cards matched","damage_taken":0,"max_hp_gain":0,"max_hp_loss":0,"event_name":"Match and Keep!","floor":13,"gold_loss":0,"cards_obtained":[]},{"damage_healed":0,"gold_gain":0,"player_choice":"0 cards matched","damage_taken":0,"max_hp_gain":0,"max_hp_loss":0,"event_name":"Match and Keep!","floor":13,"gold_loss":0,"cards_obtained":[]},{"cards_removed":["Strike_B"],"damage_healed":0,"gold_gain":0,"player_choice":"Purged","damage_taken":0,"max_hp_gain":0,"max_hp_loss":0,"event_name":"Purifier","floor":20,"gold_loss":0},{"damage_healed":0,"gold_gain":0,"player_choice":"Trade","damage_taken":0,"relics_obtained":["GremlinMask"],"max_hp_gain":0,"max_hp_loss":0,"event_name":"FaceTrader","floor":30,"gold_loss":0},{"damage_healed":0,"gold_gain":0,"player_choice":"Fight","damage_taken":0,"max_hp_gain":0,"max_hp_loss":0,"event_name":"Mysterious Sphere","floor":37,"gold_loss":0},{"damage_healed":0,"gold_gain":0,"player_choice":"Paid","damage_taken":0,"relics_obtained":["Red Mask"],"max_hp_gain":0,"max_hp_loss":0,"event_name":"Tomb of Lord Red Mask","floor":38,"gold_loss":87},{"cards_removed":["Ball Lightning"],"damage_healed":0,"gold_gain":0,"player_choice":"Removed Attack","damage_taken":0,"max_hp_gain":0,"max_hp_loss":0,"event_name":"Falling","floor":42,"gold_loss":0},{"damage_healed":0,"gold_gain":0,"player_choice":"Bought 3 Potions","damage_taken":0,"max_hp_gain":0,"max_hp_loss":0,"event_name":"The Woman in Blue","floor":46,"gold_loss":0}],"is_beta":false,"boss_relics":[{"not_picked":["FrozenCore","Pandora\u0027s Box"],"picked":"Snecko Eye"},{"not_picked":["Runic Pyramid","Tiny House"],"picked":"Nuclear Battery"}],"items_purged_floors":[19,36],"is_endless":false,"potions_floor_spawned":[3,8,12,25,28,35,37],"ascension_level":18}