{"gold_per_floor":[117,127,127,138,149,149,159,159,159,44,71,83,83,8,8,8],"floor_reached":16,"playtime":365,"items_purged":["Strike_R"],"score":189,"play_id":"1d60fda5-989f-49ec-bf95-3f7138654953","local_time":"20190718230204","is_ascension_mode":true,"campfire_choices":[{"data":"Bash","floor":6,"key":"SMITH"},{"data":"Armaments","floor":8,"key":"SMITH"},{"data":"Inflame","floor":13,"key":"SMITH"},{"data":"Rampage","floor":15,"key":"SMITH"}],"neow_cost":"NONE","seed_source_timestamp":526991980698099,"circlet_count":0,"master_deck":["AscendersBane","Strike_R","Strike_R","Strike_R","Defend_R","Defend_R","Defend_R","Defend_R","Bash+1","Impervious","Uppercut","Flex","Anger","Headbutt","Armaments+1","Rampage+1","Immolate","Inflame+1"],"relics":["Burning Blood","Self Forming Clay","PreservedInsect"],"potions_floor_usage":[12],"damage_taken":[{"damage":7,"enemies":"Cultist","floor":1,"turns":5},{"damage":15,"enemies":"Small Slimes","floor":2,"turns":4},{"damage":6,"enemies":"Jaw Worm","floor":4,"turns":3},{"damage":19,"enemies":"Exordium Wildlife","floor":5,"turns":4},{"damage":12,"enemies":"Looter","floor":7,"turns":3},{"damage":17,"enemies":"Gremlin Nob","floor":11,"turns":4},{"damage":0,"enemies":"Large Slime","floor":12,"turns":3},{"damage":41,"enemies":"Slime Boss","floor":16,"turns":5}],"seed_played":"2511889732604652986","potions_obtained":[{"floor":2,"key":"Explosive Potion"},{"floor":7,"key":"LiquidBronze"}],"is_trial":false,"path_per_floor":["M","M","$","M","M","R","M","R","T","$","E","M","R","?","R","B"],"character_chosen":"IRONCLAD","items_purchased":["Rampage"],"campfire_rested":0,"item_purchase_floors":[10],"current_hp_per_floor":[67,58,58,58,45,45,39,39,39,39,28,34,34,34,34,0],"gold":8,"neow_bonus":"ONE_RANDOM_RARE_CARD","is_prod":false,"is_daily":false,"chose_seed":false,"campfire_upgraded":4,"win_rate":0,"timestamp":1563483724,"path_taken":["M","M","$","?","M","R","M","R","T","$","E","M","R","?","R","BOSS"],"build_version":"2019-07-17","purchased_purges":1,"victory":false,"max_hp_per_floor":[75,75,75,75,75,75,75,75,75,75,75,75,75,75,75,75],"card_choices":[{"not_picked":["Twin Strike","Rupture"],"picked":"Uppercut","floor":1},{"not_picked":["Evolve","Wild Strike"],"picked":"Flex","floor":2},{"not_picked":["Metallicize","Twin Strike"],"picked":"Anger","floor":4},{"not_picked":["Fire Breathing","Searing Blow"],"picked":"Headbutt","floor":5},{"not_picked":["Body Slam","Dropkick"],"picked":"Armaments","floor":7},{"not_picked":["Warcry","Havoc"],"picked":"Immolate","floor":11},{"not_picked":["Pummel","Entrench"],"picked":"Inflame","floor":12}],"player_experience":1681686,"relics_obtained":[{"floor":9,"key":"Self Forming Clay"},{"floor":11,"key":"PreservedInsect"}],"event_choices":[{"cards_removed":["Strike_R"],"damage_healed":0,"gold_gain":0,"player_choice":"Card Removal","damage_taken":0,"max_hp_gain":0,"max_hp_loss":0,"event_name":"The Cleric","floor":14,"gold_loss":75}],"is_beta":false,"boss_relics":[],"items_purged_floors":[10],"is_endless":false,"potions_floor_spawned":[2,7],"killed_by":"Slime Boss","ascension_level":17}