{"gold_per_floor":[109,34,34,45,58,85,85,118,118,4,23,23,54,72,72,151,151,167,186,101,26,39,39,70,70,70,70,70],"floor_reached":28,"playtime":1404,"items_purged":["Concentrate"],"score":474,"play_id":"c982f62f-c3c2-46f9-8162-b6d50244679c","local_time":"20191014210328","is_ascension_mode":true,"campfire_choices":[{"data":"Poisoned Stab","floor":7,"key":"SMITH"},{"data":"Blade Dance","floor":12,"key":"SMITH"},{"floor":15,"key":"REST"},{"floor":23,"key":"REST"}],"neow_cost":"NONE","seed_source_timestamp":931271268015700,"circlet_count":0,"master_deck":["AscendersBane","Defend_G","Defend_G","Defend_G","Defend_G","Defend_G","Survivor","Neutralize","Quick Slash","Poisoned Stab+1","Doppelganger","Sucker Punch","Slice","Blade Dance+1","Poisoned Stab","Dash","Acrobatics","Corpse Explosion","Venomology+1","Bane+1","Sucker Punch+1","Catalyst","Leg Sweep","Dodge and Roll+1","Decay"],"relics":["Ring of the Snake","NeowsBlessing","Boot","Kunai","Bronze Scales","Paper Crane","Astrolabe","Bag of Preparation","Ancient Tea Set","Letter Opener"],"potions_floor_usage":[6,6,8,8,8,19,22,22,24,28],"damage_taken":[{"damage":0,"enemies":"Small Slimes","floor":1,"turns":1},{"damage":0,"enemies":"2 Louse","floor":4,"turns":1},{"damage":0,"enemies":"Cultist","floor":5,"turns":1},{"damage":17,"enemies":"3 Sentries","floor":6,"turns":6},{"damage":17,"enemies":"Gremlin Nob","floor":8,"turns":4},{"damage":2,"enemies":"Large Slime","floor":11,"turns":4},{"damage":11,"enemies":"Lagavulin","floor":13,"turns":7},{"damage":0,"enemies":"2 Fungi Beasts","floor":14,"turns":2},{"damage":8,"enemies":"The Guardian","floor":16,"turns":13},{"damage":15,"enemies":"Chosen","floor":18,"turns":5},{"damage":3,"enemies":"Shell Parasite","floor":19,"turns":5},{"damage":22,"enemies":"Sentry and Sphere","floor":22,"turns":4},{"damage":23,"enemies":"Gremlin Leader","floor":24,"turns":7},{"damage":19,"enemies":"Masked Bandits","floor":28,"turns":2}],"seed_played":"8257714129217510321","potions_obtained":[{"floor":4,"key":"Fire Potion"},{"floor":5,"key":"Explosive Potion"},{"floor":6,"key":"EntropicBrew"},{"floor":11,"key":"GamblersBrew"},{"floor":18,"key":"EssenceOfSteel"},{"floor":22,"key":"Energy Potion"}],"is_trial":false,"path_per_floor":["M","?","?","M","M","E","R","E","T","$","M","R","E","M","R","B",null,"M","M","?","$","M","R","E","?","T","?","?"],"character_chosen":"THE_SILENT","items_purchased":["Blade Dance","Fire Potion"],"campfire_rested":2,"item_purchase_floors":[10,10],"current_hp_per_floor":[59,59,59,59,59,42,42,25,25,25,23,23,12,12,31,23,55,40,37,37,37,15,34,11,11,11,11,0],"gold":70,"neow_bonus":"THREE_ENEMY_KILL","is_prod":false,"is_daily":false,"chose_seed":false,"campfire_upgraded":2,"win_rate":0,"timestamp":1571083408,"path_taken":["M","?","?","M","?","E","R","E","T","$","M","R","E","M","R","BOSS","M","M","?","$","M","R","E","?","T","?","?"],"build_version":"2019-07-17","purchased_purges":1,"victory":false,"max_hp_per_floor":[66,66,66,66,66,66,66,66,66,66,66,66,66,66,66,66,66,66,66,66,66,66,66,66,66,66,66,66],"card_choices":[{"not_picked":["Dodge and Roll","Tactician"],"picked":"Quick Slash","floor":1},{"not_picked":["Flying Knee","Accuracy"],"picked":"Poisoned Stab","floor":4},{"not_picked":["Blade Dance","Eviscerate"],"picked":"Doppelganger","floor":5},{"not_picked":["Dagger Throw","Tactician"],"picked":"Sucker Punch","floor":6},{"not_picked":["Dodge and Roll","Calculated Gamble"],"picked":"Slice","floor":8},{"not_picked":["Quick Slash","Sucker Punch"],"picked":"Poisoned Stab","floor":11},{"not_picked":["Catalyst","Eviscerate"],"picked":"Dash","floor":13},{"not_picked":["Prepared","All Out Attack"],"picked":"Acrobatics","floor":14},{"not_picked":["Doppelganger","Night Terror"],"picked":"Corpse Explosion","floor":16},{"not_picked":["Quick Slash+1","Sucker Punch","Flechettes"],"picked":"SKIP","floor":18},{"not_picked":["Deflect","Slice"],"picked":"Catalyst","floor":19},{"not_picked":["Escape Plan","Underhanded Strike"],"picked":"Leg Sweep","floor":22},{"not_picked":["Endless Agony","Reflex"],"picked":"Dodge and Roll+1","floor":24}],"player_experience":1225833,"relics_obtained":[{"floor":6,"key":"Boot"},{"floor":8,"key":"Kunai"},{"floor":9,"key":"Bronze Scales"},{"floor":13,"key":"Paper Crane"},{"floor":24,"key":"Ancient Tea Set"},{"floor":26,"key":"Letter Opener"}],"event_choices":[{"cards_removed":["Strike_G"],"damage_healed":0,"gold_gain":0,"player_choice":"Card Removal","damage_taken":0,"max_hp_gain":0,"max_hp_loss":0,"event_name":"The Cleric","floor":2,"gold_loss":75},{"damage_healed":0,"gold_gain":0,"cards_transformed":["Strike_G"],"player_choice":"Transformed","damage_taken":0,"max_hp_gain":0,"max_hp_loss":0,"event_name":"Transmorgrifier","floor":3,"gold_loss":0,"cards_obtained":["Concentrate"]},{"damage_healed":0,"gold_gain":0,"player_choice":"Obtained Relic","damage_taken":0,"relics_obtained":["Bag of Preparation"],"max_hp_gain":0,"max_hp_loss":0,"event_name":"Addict","floor":20,"gold_loss":85},{"damage_healed":0,"gold_gain":0,"player_choice":"Smashed Altar","damage_taken":0,"max_hp_gain":0,"max_hp_loss":0,"event_name":"Forgotten Altar","floor":25,"gold_loss":0,"cards_obtained":["Decay"]},{"damage_healed":0,"gold_gain":0,"player_choice":"Ignored","damage_taken":0,"max_hp_gain":0,"max_hp_loss":0,"event_name":"Cursed Tome","floor":27,"gold_loss":0},{"damage_healed":0,"gold_gain":0,"player_choice":"Fought Bandits","damage_taken":0,"max_hp_gain":0,"max_hp_loss":0,"event_name":"Masked Bandits","floor":28,"gold_loss":0}],"is_beta":false,"boss_relics":[{"not_picked":["Ring of the Serpent","Pandora\u0027s Box"],"picked":"Astrolabe"}],"items_purged_floors":[21],"is_endless":false,"potions_floor_spawned":[4,5,6,11,14,18,19,22],"killed_by":"Masked Bandits","ascension_level":17}