{"gold_per_floor":[116,134,3,3,16,42,42,74,74,74,21,21,53,53,53,132,132,150,50,50,68,82,109,109],"floor_reached":24,"playtime":1337,"items_purged":["Strike_G","Defend_G"],"score":418,"play_id":"bdfdfcae-526b-4dc4-9f2a-bbc4affecdda","local_time":"20190617174700","is_ascension_mode":true,"campfire_choices":[{"data":"Neutralize","floor":7,"key":"SMITH"},{"floor":10,"key":"REST"},{"data":"Bouncing Flask","floor":15,"key":"SMITH"}],"neow_cost":"NONE","seed_source_timestamp":53024244223800,"circlet_count":0,"master_deck":["AscendersBane","Defend_G","Defend_G","Defend_G","Survivor","Neutralize+1","Masterful Stab","Well Laid Plans","Quick Slash","Bouncing Flask+1","Crippling Poison+1","Footwork","A Thousand Cuts","Wraith Form v2+1","Deflect+1","After Image+1","Backflip+1","Underhanded Strike+1","Slice+1","Bouncing Flask"],"relics":["Ring of the Snake","Strawberry","Boot","Molten Egg 2","Shuriken","Pantograph","Bronze Scales","Astrolabe","Bag of Preparation"],"potions_floor_usage":[6,8,13,16,23],"damage_taken":[{"damage":3,"enemies":"2 Louse","floor":1,"turns":7},{"damage":0,"enemies":"Cultist","floor":2,"turns":4},{"damage":0,"enemies":"Small Slimes","floor":5,"turns":3},{"damage":25,"enemies":"3 Sentries","floor":6,"turns":9},{"damage":6,"enemies":"Gremlin Nob","floor":8,"turns":3},{"damage":16,"enemies":"Lagavulin","floor":13,"turns":5},{"damage":18,"enemies":"The Guardian","floor":16,"turns":8},{"damage":17,"enemies":"3 Byrds","floor":18,"turns":3},{"damage":22,"enemies":"2 Thieves","floor":21,"turns":4},{"damage":0,"enemies":"Snecko","floor":22,"turns":5},{"damage":19,"enemies":"Gremlin Leader","floor":23,"turns":8},{"damage":12,"enemies":"Snake Plant","floor":24,"turns":4}],"seed_played":"-409250783740540220","potions_obtained":[{"floor":5,"key":"FearPotion"},{"floor":8,"key":"Dexterity Potion"},{"floor":22,"key":"Fire Potion"}],"is_trial":false,"path_per_floor":["M","M","$","?","M","E","R","E","T","R","$","?","E","?","R","B",null,"M","$","?","M","M","E","M"],"character_chosen":"THE_SILENT","items_purchased":["Strength Potion","PowerPotion"],"campfire_rested":1,"item_purchase_floors":[3,11],"current_hp_per_floor":[63,63,63,63,63,38,38,32,32,53,53,53,37,32,32,39,65,48,48,48,26,26,7,0],"gold":109,"neow_bonus":"RANDOM_COMMON_RELIC","is_prod":false,"is_daily":false,"chose_seed":false,"campfire_upgraded":2,"win_rate":0,"timestamp":1560786420,"path_taken":["M","M","$","?","?","E","R","E","T","R","$","?","E","?","R","BOSS","M","$","?","M","?","E","M"],"build_version":"2019-01-23","purchased_purges":2,"victory":false,"max_hp_per_floor":[73,73,73,73,73,73,73,73,73,73,73,73,73,73,73,73,73,73,73,73,73,73,73,73],"card_choices":[{"not_picked":["Bane","Calculated Gamble"],"picked":"Masterful Stab","floor":1},{"not_picked":["Escape Plan","Flying Knee"],"picked":"Well Laid Plans","floor":2},{"not_picked":["Cloak And Dagger","Dodge and Roll"],"picked":"Quick Slash","floor":5},{"not_picked":["Bane","Dagger Throw"],"picked":"Bouncing Flask","floor":6},{"not_picked":["Riddle With Holes","Prepared"],"picked":"Crippling Poison","floor":8},{"not_picked":["Terror","Backflip"],"picked":"Footwork","floor":13},{"not_picked":["Storm of Steel","After Image"],"picked":"A Thousand Cuts","floor":16},{"not_picked":["Well Laid Plans","Bouncing Flask"],"picked":"Backflip+1","floor":18},{"not_picked":["Backflip","Quick Slash+1"],"picked":"Underhanded Strike+1","floor":21},{"not_picked":["Outmaneuver","Heel Hook+1"],"picked":"Slice+1","floor":22},{"not_picked":["Prepared","Outmaneuver"],"picked":"Bouncing Flask","floor":23}],"player_experience":1396285,"relics_obtained":[{"floor":6,"key":"Boot"},{"floor":8,"key":"Molten Egg 2"},{"floor":9,"key":"Shuriken"},{"floor":13,"key":"Pantograph"},{"floor":23,"key":"Bag of Preparation"}],"event_choices":[{"cards_removed":["Strike_G"],"damage_healed":0,"gold_gain":0,"player_choice":"Purged","damage_taken":0,"max_hp_gain":0,"max_hp_loss":0,"event_name":"Purifier","floor":4,"gold_loss":0},{"damage_healed":0,"gold_gain":0,"player_choice":"Grow","damage_taken":0,"max_hp_gain":0,"max_hp_loss":0,"event_name":"Living Wall","floor":12,"gold_loss":0,"cards_upgraded":["Crippling Poison"]},{"damage_healed":0,"gold_gain":0,"player_choice":"Success","damage_taken":5,"relics_obtained":["Bronze Scales"],"max_hp_gain":0,"max_hp_loss":0,"event_name":"Scrap Ooze","floor":14,"gold_loss":0},{"cards_removed":["Defend_G"],"damage_healed":0,"gold_gain":0,"player_choice":"Offered Basic","damage_taken":0,"max_hp_gain":0,"max_hp_loss":0,"event_name":"Bonfire Elementals","floor":20,"gold_loss":0}],"is_beta":false,"boss_relics":[{"not_picked":["Tiny House","White Beast Statue"],"picked":"Astrolabe"}],"items_purged_floors":[3,19],"is_endless":false,"potions_floor_spawned":[5,8,22],"killed_by":"Snake Plant","ascension_level":16}