{"gold_per_floor":[117,136,60,71,71,71,102,102,102,102,102,133,133,143,143,143],"floor_reached":16,"playtime":895,"items_purged":[],"score":162,"play_id":"cddc0ca0-53d9-4607-9ccc-91cefd72d8ac","local_time":"20181014220031","is_ascension_mode":true,"campfire_choices":[{"data":"Crippling Poison","floor":6,"key":"SMITH"},{"floor":8,"key":"REST"},{"data":"Footwork","floor":11,"key":"SMITH"},{"data":"Neutralize","floor":13,"key":"SMITH"},{"floor":15,"key":"REST"}],"neow_cost":"NONE","seed_source_timestamp":358334979197663,"circlet_count":0,"master_deck":["Defend_G","Defend_G","Defend_G","Defend_G","Defend_G","Strike_G+1","Strike_G","Strike_G","Strike_G","Strike_G+1","Survivor","Neutralize+1","AscendersBane","A Thousand Cuts","Endless Agony","Crippling Poison+1","Footwork+1","Bouncing Flask","Well Laid Plans","Bouncing Flask","Dagger Spray"],"relics":["Ring of the Snake","Bottled Tornado","Question Card","Mercury Hourglass","Unceasing Top"],"potions_floor_usage":[7,16,16],"damage_taken":[{"damage":1,"enemies":"Cultist","floor":1,"turns":4},{"damage":2,"enemies":"Jaw Worm","floor":2,"turns":4},{"damage":2,"enemies":"2 Louse","floor":4,"turns":3},{"damage":20,"enemies":"3 Sentries","floor":7,"turns":11},{"damage":15,"enemies":"Gremlin Nob","floor":12,"turns":4},{"damage":14,"enemies":"Exordium Wildlife","floor":14,"turns":5},{"damage":38,"enemies":"Slime Boss","floor":16,"turns":6}],"seed_played":"-1937563410082465930","potions_obtained":[{"floor":1,"key":"Fire Potion"},{"floor":2,"key":"Energy Potion"},{"floor":4,"key":"Swift Potion"}],"is_trial":false,"path_per_floor":["M","M","$","M","?","R","E","R","T","?","R","E","R","M","R"],"character_chosen":"THE_SILENT","items_purchased":["Footwork"],"campfire_rested":2,"item_purchase_floors":[3],"current_hp_per_floor":[62,60,60,58,44,44,24,45,45,38,38,23,23,9,30,0],"gold":143,"neow_bonus":"ONE_RANDOM_RARE_CARD","is_prod":false,"is_daily":false,"chose_seed":false,"campfire_upgraded":3,"win_rate":0,"timestamp":1539550831,"path_taken":["M","M","$","M","?","R","E","R","T","?","R","E","R","M","R","BOSS"],"build_version":"2018-10-11","purchased_purges":0,"victory":false,"max_hp_per_floor":[70,70,70,70,70,70,70,70,70,70,70,70,70,70,70,70],"card_choices":[{"not_picked":["Heel Hook","Blur"],"picked":"Endless Agony","floor":1},{"not_picked":["Cloak And Dagger","Deadly Poison"],"picked":"Crippling Poison","floor":2},{"not_picked":["Quick Slash","Envenom"],"picked":"Bouncing Flask","floor":4},{"not_picked":["Deflect","Terror"],"picked":"Well Laid Plans","floor":7},{"not_picked":["Backflip","Underhanded Strike","Choke"],"picked":"Bouncing Flask","floor":12},{"not_picked":["Predator","Underhanded Strike","Bullet Time"],"picked":"Dagger Spray","floor":14}],"player_experience":808434,"relics_obtained":[{"floor":7,"key":"Bottled Tornado"},{"floor":9,"key":"Question Card"},{"floor":12,"key":"Unceasing Top"}],"event_choices":[{"event_name":"Shining Light","player_choice":"Entered Light","floor":5,"damage_taken":0},{"event_name":"Scrap Ooze","player_choice":"success","floor":10,"damage_taken":7}],"is_beta":false,"boss_relics":[],"items_purged_floors":[],"is_endless":false,"potions_floor_spawned":[1,2,4],"killed_by":"Slime Boss","ascension_level":10}