{"gold_per_floor":[113,124,49,99,117,117,134,134,183,211,230,230,230,249,249,323,323,283,283,183,183,183,183,183,183,183,183,183,183,15,15,15,15],"floor_reached":33,"playtime":1902,"items_purged":["Strike_R","Strike_R"],"score":482,"play_id":"d024b301-0b22-43d4-8e2e-2aa4d4c669a5","local_time":"20191004175456","is_ascension_mode":true,"campfire_choices":[{"data":"True Grit","floor":6.0,"key":"SMITH"},{"floor":8.0,"key":"REST"},{"data":"Battle Trance","floor":12.0,"key":"SMITH"},{"floor":15.0,"key":"REST"},{"data":"Evolve","floor":23.0,"key":"SMITH"},{"data":"Double Tap","floor":25.0,"key":"SMITH"},{"data":"Spot Weakness","floor":28.0,"key":"SMITH"},{"data":"Defend_R","floor":32.0,"key":"SMITH"}],"neow_cost":"NONE","seed_source_timestamp":0,"circlet_count":0,"master_deck":["AscendersBane","Defend_R","Defend_R","Defend_R","Defend_R+1","Bash+1","Spot Weakness+1","True Grit+1","Twin Strike+1","Shockwave+1","Battle Trance+1","Evolve+1","Double Tap+1","Cleave","Bite","Bite","Bite","Bite","Bite"],"special_seed":0,"relics":["Burning Blood","Centennial Puzzle","Whetstone","Ectoplasm","Singing Bowl","Regal Pillow","Pen Nib"],"potions_floor_usage":[33],"damage_taken":[{"damage":2.0,"enemies":"2 Louse","floor":1.0,"turns":5.0},{"damage":6.0,"enemies":"Cultist","floor":2.0,"turns":3.0},{"damage":15.0,"enemies":"Small Slimes","floor":5.0,"turns":6.0},{"damage":39.0,"enemies":"Exordium Thugs","floor":7.0,"turns":9.0},{"damage":41.0,"enemies":"3 Sentries","floor":10.0,"turns":11.0},{"damage":1.0,"enemies":"Blue Slaver","floor":11.0,"turns":5.0},{"damage":2.0,"enemies":"3 Louse","floor":14.0,"turns":3.0},{"damage":21.0,"enemies":"The Guardian","floor":16.0,"turns":10.0},{"damage":11.0,"enemies":"2 Thieves","floor":18.0,"turns":3.0},{"damage":11.0,"enemies":"Shell Parasite","floor":19.0,"turns":5.0},{"damage":12.0,"enemies":"Cultist and Chosen","floor":24.0,"turns":5.0},{"damage":38.0,"enemies":"Snake Plant","floor":29.0,"turns":5.0},{"damage":8.0,"enemies":"Snecko","floor":31.0,"turns":3.0},{"damage":65,"enemies":"Automaton","floor":33,"turns":6}],"seed_played":"9178768415387144781","potions_obtained":[{"floor":1.0,"key":"Dexterity Potion"},{"floor":10.0,"key":"Block Potion"},{"floor":14.0,"key":"Energy Potion"},{"floor":24.0,"key":"Dexterity Potion"}],"is_trial":false,"path_per_floor":["M","M","$","?","M","R","M","R","T","E","M","R","?","M","R","B",null,"M","M","$","?","?","R","M","R","T","T","R","M","$","M","R","B"],"character_chosen":"IRONCLAD","items_purchased":["Pen Nib"],"campfire_rested":2,"item_purchase_floors":[30],"current_hp_per_floor":[72,72,72,65,56,56,23,45,45,10,15,15,15,19,41,26,63,58,53,53,52,52,52,50,50,50,50,50,32,32,42,42,0],"gold":15,"neow_bonus":"UPGRADE_CARD","is_prod":false,"is_daily":false,"chose_seed":false,"campfire_upgraded":6,"win_rate":0,"timestamp":1570236896,"path_taken":["M","M","$","?","M","R","?","R","T","E","M","R","?","M","R","BOSS","M","M","$","?","?","R","M","R","T","?","R","M","$","?","R","BOSS"],"build_version":"2019-07-17","purchased_purges":2,"victory":false,"max_hp_per_floor":[75,75,75,75,75,75,75,75,75,75,75,75,75,75,75,75,75,75,75,75,52,52,52,52,52,52,52,52,54,54,56,56,56],"card_choices":[{"not_picked":["Uppercut","Flex"],"picked":"Spot Weakness","floor":1.0},{"not_picked":["Second Wind","Body Slam"],"picked":"True Grit","floor":2.0},{"not_picked":["Dropkick","Iron Wave"],"picked":"Twin Strike","floor":5.0},{"not_picked":["Headbutt","Reckless Charge"],"picked":"Shockwave","floor":7.0},{"not_picked":["Anger","Sword Boomerang","Sentinel"],"picked":"SKIP","floor":10.0},{"not_picked":["Metallicize","Pommel Strike"],"picked":"Battle Trance","floor":11.0},{"not_picked":["Pommel Strike","Cleave"],"picked":"Evolve","floor":14.0},{"not_picked":["Feed","Berserk"],"picked":"Double Tap","floor":16.0},{"not_picked":["Thunderclap","Pommel Strike"],"picked":"Cleave","floor":18.0},{"not_picked":["Blood for Blood","Cleave","Shockwave"],"picked":"SKIP","floor":19.0},{"not_picked":["Havoc","Thunderclap","Armaments"],"picked":"SKIP","floor":24.0},{"not_picked":["Shockwave","Armaments+1","Twin Strike"],"picked":"Singing Bowl","floor":29.0},{"not_picked":["Clash","Anger","Thunderclap"],"picked":"Singing Bowl","floor":31.0}],"player_experience":316935,"relics_obtained":[{"floor":9.0,"key":"Centennial Puzzle"},{"floor":10.0,"key":"Whetstone"},{"floor":26.0,"key":"Singing Bowl"},{"floor":27.0,"key":"Regal Pillow"}],"event_choices":[{"damage_healed":0.0,"max_hp_gain":0.0,"max_hp_loss":0.0,"gold_gain":50.0,"event_name":"FaceTrader","player_choice":"Touch","floor":4.0,"gold_loss":0.0,"damage_taken":7.0},{"damage_healed":0.0,"max_hp_gain":0.0,"max_hp_loss":0.0,"gold_gain":0.0,"event_name":"Upgrade Shrine","player_choice":"Upgraded","floor":13.0,"gold_loss":0.0,"damage_taken":0.0,"cards_upgraded":["Shockwave"]},{"damage_healed":0.0,"max_hp_gain":0.0,"max_hp_loss":23.0,"gold_gain":0.0,"event_name":"Vampires","player_choice":"Became a vampire","floor":21.0,"gold_loss":0.0,"damage_taken":0.0,"cards_obtained":["Bite","Bite","Bite","Bite","Bite"]},{"damage_healed":0.0,"max_hp_gain":0.0,"max_hp_loss":0.0,"gold_gain":0.0,"event_name":"Cursed Tome","player_choice":"Ignored","floor":22.0,"gold_loss":0.0,"damage_taken":0.0}],"is_beta":false,"boss_relics":[{"not_picked":["Tiny House","Black Star"],"picked":"Ectoplasm"}],"items_purged_floors":[3,20],"is_endless":false,"potions_floor_spawned":[1,10,14,24],"killed_by":"Automaton","ascension_level":17}