{"gold_per_floor":[112,128,141,159,4,4,17,17,17,43,57,57,57,57,57,133,133,143,161,161,161,181,181,214,214,214,214,226,226,259,259],"floor_reached":31,"playtime":919,"items_purged":["Strike_B"],"score":548,"play_id":"f4940ef1-3733-480e-bbbf-9c84e3858e7a","local_time":"20190825144224","is_ascension_mode":true,"campfire_choices":[{"data":"Zap","floor":6,"key":"SMITH"},{"data":"Defragment","floor":8,"key":"SMITH"},{"data":"Buffer","floor":13,"key":"SMITH"},{"data":"Darkness","floor":15,"key":"SMITH"},{"floor":23,"key":"REST"},{"floor":25,"key":"REST"},{"floor":29,"key":"REST"}],"neow_cost":"NONE","seed_source_timestamp":984845631910400,"circlet_count":0,"master_deck":["AscendersBane","Defend_B","Zap+1","Dualcast","All For One","Leap","Cold Snap","Doom and Gloom","Darkness+1","Defragment+1","Beam Cell","Buffer+1","Beam Cell","Seek","Redo","Compile Driver","Bite","Bite","Bite","Bite","Bite","Fusion","Leap","Rip and Tear+1","Genetic Algorithm","Coolheaded"],"relics":["Cracked Core","Mercury Hourglass","Pear","Boot","Snecko Eye","Mummified Hand","Molten Egg 2","Singing Bowl"],"potions_floor_usage":[10,16,18,24,24,30],"damage_taken":[{"damage":1,"enemies":"Cultist","floor":1,"turns":4},{"damage":9,"enemies":"2 Louse","floor":2,"turns":3},{"damage":1,"enemies":"Jaw Worm","floor":3,"turns":2},{"damage":8,"enemies":"2 Fungi Beasts","floor":4,"turns":3},{"damage":0,"enemies":"3 Louse","floor":7,"turns":2},{"damage":5,"enemies":"Lagavulin","floor":10,"turns":5},{"damage":14,"enemies":"Exordium Thugs","floor":11,"turns":2},{"damage":5,"enemies":"Hexaghost","floor":16,"turns":7},{"damage":0,"enemies":"Chosen","floor":18,"turns":4},{"damage":0,"enemies":"Spheric Guardian","floor":19,"turns":1},{"damage":39,"enemies":"Snake Plant","floor":22,"turns":4},{"damage":32,"enemies":"Gremlin Leader","floor":24,"turns":5},{"damage":21,"enemies":"Chosen and Byrds","floor":28,"turns":5},{"damage":25,"enemies":"Book of Stabbing","floor":30,"turns":4},{"damage":14,"enemies":"Snecko","floor":31,"turns":2}],"seed_played":"5507939166706126011","potions_obtained":[{"floor":1,"key":"LiquidBronze"},{"floor":2,"key":"Ancient Potion"},{"floor":3,"key":"GamblersBrew"},{"floor":7,"key":"PowerPotion"},{"floor":16,"key":"Ancient Potion"},{"floor":18,"key":"Poison Potion"},{"floor":22,"key":"Poison Potion"},{"floor":24,"key":"Strength Potion"}],"is_trial":false,"path_per_floor":["M","M","M","M","$","R","M","R","T","E","M","$","R","?","R","B",null,"M","M","?","?","M","R","E","R","T","?","M","R","E","M"],"character_chosen":"DEFECT","items_purchased":["Defragment"],"campfire_rested":3,"item_purchase_floors":[5],"current_hp_per_floor":[63,54,53,45,45,45,45,45,45,50,36,36,36,18,18,13,64,64,64,56,56,25,41,15,31,31,31,12,28,9,0],"gold":259,"neow_bonus":"ONE_RANDOM_RARE_CARD","is_prod":false,"is_daily":false,"chose_seed":false,"campfire_upgraded":4,"win_rate":0,"timestamp":1566736944,"path_taken":["M","?","M","M","?","R","M","R","T","E","?","$","R","?","R","BOSS","M","M","?","?","M","R","E","R","T","?","M","R","E","M"],"build_version":"2019-07-17","purchased_purges":1,"victory":false,"max_hp_per_floor":[71,71,71,71,71,71,71,71,71,81,81,81,81,81,81,81,81,81,81,56,56,56,56,56,56,56,56,56,56,58,58],"card_choices":[{"not_picked":["Melter","Sweeping Beam"],"picked":"Leap","floor":1},{"not_picked":["Sweeping Beam","Leap"],"picked":"Cold Snap","floor":2},{"not_picked":["All For One","Hologram"],"picked":"Doom and Gloom","floor":3},{"not_picked":["Turbo","Barrage"],"picked":"Darkness","floor":4},{"not_picked":["Cold Snap","Hello World"],"picked":"Beam Cell","floor":7},{"not_picked":["Turbo","Streamline"],"picked":"Buffer","floor":10},{"not_picked":["Streamline","Beam Cell","Lockon"],"picked":"SKIP","floor":11},{"not_picked":["Streamline","Lockon"],"picked":"Beam Cell","floor":11},{"not_picked":["Machine Learning","Buffer"],"picked":"Seek","floor":16},{"not_picked":["Turbo","Heatsinks"],"picked":"Redo","floor":18},{"not_picked":["Beam Cell","Streamline"],"picked":"Compile Driver","floor":19},{"not_picked":["Rebound","Redo"],"picked":"Fusion","floor":22},{"not_picked":["Skim","Seek"],"picked":"Leap","floor":24},{"not_picked":["Genetic Algorithm","Redo"],"picked":"Coolheaded","floor":28},{"not_picked":["Tempest","Turbo","Barrage+1"],"picked":"Singing Bowl","floor":30}],"player_experience":1966883,"relics_obtained":[{"floor":9,"key":"Mercury Hourglass"},{"floor":10,"key":"Pear"},{"floor":24,"key":"Mummified Hand"},{"floor":26,"key":"Molten Egg 2"},{"floor":30,"key":"Singing Bowl"}],"event_choices":[{"damage_healed":0,"gold_gain":0,"player_choice":"Success","damage_taken":18,"relics_obtained":["Boot"],"max_hp_gain":0,"max_hp_loss":0,"event_name":"Scrap Ooze","floor":14,"gold_loss":0},{"damage_healed":0,"gold_gain":0,"player_choice":"Became a vampire","damage_taken":0,"max_hp_gain":0,"max_hp_loss":25,"event_name":"Vampires","floor":20,"gold_loss":0,"cards_obtained":["Bite","Bite","Bite","Bite","Bite"]},{"cards_removed":["Defend_B"],"damage_healed":0,"gold_gain":0,"player_choice":"Elegance","damage_taken":0,"max_hp_gain":0,"max_hp_loss":0,"event_name":"Back to Basics","floor":21,"gold_loss":0},{"damage_healed":0,"gold_gain":0,"cards_transformed":["Defend_B","Defend_B"],"player_choice":"Became Test Subject","damage_taken":0,"max_hp_gain":0,"max_hp_loss":0,"event_name":"Drug Dealer","floor":27,"gold_loss":0,"cards_obtained":["Rip and Tear","Genetic Algorithm"]}],"is_beta":false,"boss_relics":[{"not_picked":["Lizard Tail","Velvet Choker"],"picked":"Snecko Eye"}],"items_purged_floors":[5],"is_endless":false,"potions_floor_spawned":[1,2,3,7,16,18,22,24],"killed_by":"Snecko","ascension_level":18}