{"gold_per_floor":[114,114,264,284,14,14,44,61,61,61,76,93,93,73,73,148,148,164,164,164,35,35,35,65,75,75,75,85,85],"floor_reached":29,"playtime":1019,"items_purged":["Doubt"],"score":557,"play_id":"ee3bf101-536f-4ac4-ad44-355931ccd7dc","local_time":"20190731203352","is_ascension_mode":true,"campfire_choices":[{"data":"Neutralize","floor":6,"key":"SMITH"},{"data":"Catalyst","floor":13,"key":"SMITH"},{"data":"Bouncing Flask","floor":15,"key":"SMITH"},{"data":"Footwork","floor":23,"key":"SMITH"},{"floor":27,"key":"REST"}],"neow_cost":"NONE","seed_source_timestamp":188406195316300,"circlet_count":0,"master_deck":["AscendersBane","Strike_G","Strike_G","Strike_G","Defend_G","Defend_G","Defend_G","Defend_G","Defend_G","Survivor","Neutralize+1","Deflect+1","Blade Dance","Accuracy","Deadly Poison+1","Sucker Punch","Endless Agony","Bouncing Flask+1","Footwork+1","Catalyst+1","Cloak And Dagger","After Image","Choke+1","Well Laid Plans","Catalyst","Dagger Spray+1"],"relics":["Ring of the Snake","NeowsBlessing","Pear","War Paint","Busted Crown","Molten Egg 2","Sundial","Incense Burner"],"potions_floor_usage":[14,16,24,28],"damage_taken":[{"damage":0,"enemies":"2 Louse","floor":1,"turns":1},{"damage":0,"enemies":"Small Slimes","floor":4,"turns":1},{"damage":0,"enemies":"3 Sentries","floor":7,"turns":1},{"damage":0,"enemies":"Cultist","floor":8,"turns":3},{"damage":7,"enemies":"2 Fungi Beasts","floor":11,"turns":3},{"damage":13,"enemies":"3 Louse","floor":12,"turns":4},{"damage":4,"enemies":"Exordium Thugs","floor":14,"turns":4},{"damage":18,"enemies":"Slime Boss","floor":16,"turns":8},{"damage":0,"enemies":"Spheric Guardian","floor":18,"turns":2},{"damage":31,"enemies":"Book of Stabbing","floor":24,"turns":4},{"damage":13,"enemies":"2 Thieves","floor":25,"turns":4},{"damage":21,"enemies":"Shelled Parasite and Fungi","floor":28,"turns":4},{"damage":23,"enemies":"3 Cultists","floor":29,"turns":4}],"seed_played":"-2938034232546576061","potions_obtained":[{"floor":4,"key":"Strength Potion"},{"floor":8,"key":"EssenceOfSteel"},{"floor":16,"key":"Regen Potion"},{"floor":25,"key":"EssenceOfSteel"}],"is_trial":false,"path_per_floor":["M","?","?","M","$","R","E","M","T","?","M","M","R","M","R","B",null,"M","T","?","$","?","R","E","M","T","R","M","M"],"character_chosen":"THE_SILENT","items_purchased":["Accuracy","Deadly Poison","Sucker Punch","Well Laid Plans","Catalyst"],"campfire_rested":1,"item_purchase_floors":[5,5,5,21,21],"current_hp_per_floor":[59,52,52,52,52,52,62,62,62,76,69,56,56,52,52,34,66,66,66,44,44,44,44,27,14,14,38,17,0],"gold":85,"neow_bonus":"THREE_ENEMY_KILL","is_prod":false,"is_daily":false,"chose_seed":false,"campfire_upgraded":4,"win_rate":0,"timestamp":1564598032,"path_taken":["M","?","?","M","$","R","E","M","T","?","M","M","R","M","R","BOSS","M","?","?","$","?","R","E","M","T","R","M","M"],"build_version":"2019-07-17","purchased_purges":1,"victory":false,"max_hp_per_floor":[66,66,66,66,66,66,76,76,76,76,76,76,76,76,76,76,76,76,76,81,81,81,81,81,81,81,81,81,81],"card_choices":[{"not_picked":["Prepared","Quick Slash"],"picked":"Deflect","floor":1},{"not_picked":["Quick Slash","Cloak And Dagger"],"picked":"Blade Dance","floor":4},{"not_picked":["Bane","Choke"],"picked":"Endless Agony","floor":7},{"not_picked":["Tactician","Sucker Punch"],"picked":"Bouncing Flask","floor":8},{"not_picked":["Finisher","Flechettes"],"picked":"Footwork","floor":11},{"not_picked":["Deflect","Infinite Blades"],"picked":"Catalyst","floor":12},{"not_picked":["Poisoned Stab","Terror"],"picked":"Cloak And Dagger","floor":14},{"not_picked":["Grand Finale","Doppelganger"],"picked":"After Image","floor":16},{"not_picked":[],"picked":"Choke+1","floor":18},{"not_picked":["Eviscerate+1"],"picked":"SKIP","floor":24},{"not_picked":["Sucker Punch+1"],"picked":"SKIP","floor":25},{"not_picked":[],"picked":"Dagger Spray+1","floor":28}],"player_experience":1782078,"relics_obtained":[{"floor":7,"key":"Pear"},{"floor":9,"key":"War Paint"},{"floor":19,"key":"Molten Egg 2"},{"floor":24,"key":"Sundial"},{"floor":26,"key":"Incense Burner"}],"event_choices":[{"cards_removed":["Strike_G"],"damage_healed":0,"gold_gain":0,"player_choice":"Card Removal","damage_taken":7,"max_hp_gain":0,"max_hp_loss":0,"event_name":"Golden Wing","floor":2,"gold_loss":0},{"damage_healed":0,"gold_gain":150,"player_choice":"AGREE","damage_taken":0,"max_hp_gain":0,"max_hp_loss":0,"event_name":"Liars Game","floor":3,"gold_loss":0,"cards_obtained":["Doubt"]},{"damage_healed":14,"gold_gain":0,"player_choice":"Full Heal","damage_taken":0,"max_hp_gain":0,"max_hp_loss":0,"event_name":"Wheel of Change","floor":10,"gold_loss":0},{"damage_healed":0,"gold_gain":0,"player_choice":"Shed Blood","damage_taken":27,"max_hp_gain":5,"max_hp_loss":0,"event_name":"Forgotten Altar","floor":20,"gold_loss":0},{"cards_removed":["Strike_G"],"damage_healed":0,"gold_gain":0,"player_choice":"Offered Basic","damage_taken":0,"max_hp_gain":0,"max_hp_loss":0,"event_name":"Bonfire Elementals","floor":22,"gold_loss":0}],"is_beta":false,"boss_relics":[{"not_picked":["Fusion Hammer","Runic Dome"],"picked":"Busted Crown"}],"items_purged_floors":[5],"is_endless":false,"potions_floor_spawned":[4,8,16,25],"killed_by":"3 Cultists","ascension_level":18}