{"gold_per_floor":[117,117,117,128,147,147,163,163,163,16,26,26,26,46,46,118,118,133,149,160,11,23,50,50,67,67,99,115,115,115,133,133,207,207,225,225,125,125,135,135,162,162,162,162,176,194,214,227,227,227],"floor_reached":50,"playtime":1666,"items_purged":["Strike_R","Defend_R"],"score":1020,"play_id":"f1274e37-7de8-4183-bdcb-403034c7283e","local_time":"20190516194531","is_ascension_mode":true,"campfire_choices":[{"data":"Whirlwind","floor":6,"key":"SMITH"},{"data":"Armaments","floor":8,"key":"SMITH"},{"data":"Demon Form","floor":12,"key":"SMITH"},{"data":"Bash","floor":15,"key":"SMITH"},{"data":"Rupture","floor":24,"key":"SMITH"},{"data":"Offering","floor":30,"key":"SMITH"},{"floor":32,"key":"REST"},{"data":"Heavy Blade","floor":40,"key":"SMITH"},{"floor":42,"key":"REST"},{"data":"Rampage","floor":44,"key":"SMITH"},{"floor":49,"key":"REST"}],"neow_cost":"PERCENT_DAMAGE","seed_source_timestamp":245666125823800,"circlet_count":0,"master_deck":["AscendersBane","Defend_R","Defend_R","Defend_R","Bash+1","Armaments+1","Battle Trance","Bloodletting","Whirlwind+1","Thunderclap","Flex","Demon Form+1","Disarm","Offering+1","Heavy Blade+1","Rupture+1","Flex+1","Rampage+1","Intimidate","Madness","Madness","Sword Boomerang+1","Shrug It Off+1","Heavy Blade","Offering"],"relics":["Burning Blood","Mercury Hourglass","Letter Opener","Busted Crown","Bag of Preparation","Pen Nib","Centennial Puzzle","Strawberry","Sozu","Art of War","Oddly Smooth Stone"],"potions_floor_usage":[7,16,16,27,33,33],"damage_taken":[{"damage":3,"enemies":"2 Louse","floor":1,"turns":4},{"damage":10,"enemies":"Small Slimes","floor":4,"turns":4},{"damage":6,"enemies":"Cultist","floor":5,"turns":4},{"damage":20,"enemies":"Large Slime","floor":7,"turns":4},{"damage":0,"enemies":"Lots of Slimes","floor":11,"turns":1},{"damage":12,"enemies":"Looter","floor":14,"turns":3},{"damage":29,"enemies":"Slime Boss","floor":16,"turns":7},{"damage":6,"enemies":"Chosen","floor":18,"turns":4},{"damage":0,"enemies":"3 Byrds","floor":19,"turns":3},{"damage":24,"enemies":"Snake Plant","floor":20,"turns":3},{"damage":6,"enemies":"3 Cultists","floor":22,"turns":3},{"damage":9,"enemies":"Gremlin Leader","floor":23,"turns":3},{"damage":18,"enemies":"Cultist and Chosen","floor":25,"turns":2},{"damage":9,"enemies":"Slavers","floor":27,"turns":1},{"damage":18,"enemies":"Centurion and Healer","floor":28,"turns":3},{"damage":3,"enemies":"3 Cultists","floor":31,"turns":2},{"damage":38,"enemies":"Champ","floor":33,"turns":5},{"damage":2,"enemies":"3 Darklings","floor":35,"turns":2},{"damage":6,"enemies":"Orb Walker","floor":39,"turns":1},{"damage":39,"enemies":"Reptomancer","floor":41,"turns":5},{"damage":16,"enemies":"4 Shapes","floor":45,"turns":1},{"damage":6,"enemies":"Transient","floor":46,"turns":5},{"damage":6,"enemies":"3 Darklings","floor":47,"turns":2},{"damage":9,"enemies":"4 Shapes","floor":48,"turns":6},{"damage":87,"enemies":"Time Eater","floor":50,"turns":4}],"seed_played":"6444843409671923567","potions_obtained":[{"floor":1,"key":"Explosive Potion"},{"floor":7,"key":"Energy Potion"},{"floor":14,"key":"Poison Potion"},{"floor":25,"key":"FearPotion"},{"floor":27,"key":"PowerPotion"},{"floor":28,"key":"SkillPotion"},{"floor":31,"key":"Strength Potion"}],"is_trial":false,"path_per_floor":["M","?","?","M","M","R","M","R","T","$","M","R","?","M","R","B",null,"M","M","M","$","M","E","R","M","T","E","M","?","R","M","R","B",null,"M","?","$","?","M","R","E","R","T","R","M","M","M","M","R","B"],"character_chosen":"IRONCLAD","items_purchased":["Flex","Shrug It Off","Bag of Preparation"],"campfire_rested":3,"item_purchase_floors":[10,10,21],"current_hp_per_floor":[53,53,75,71,71,71,57,57,57,57,63,63,63,57,57,34,65,65,71,53,53,53,50,50,38,38,42,30,30,30,33,57,25,68,72,57,57,57,57,57,24,48,48,48,38,38,38,35,59,0],"gold":227,"neow_bonus":"REMOVE_TWO","is_prod":false,"is_daily":false,"chose_seed":false,"campfire_upgraded":8,"win_rate":0,"timestamp":1558028731,"path_taken":["M","?","?","M","M","R","?","R","T","$","M","R","?","M","R","BOSS","M","M","?","$","M","E","R","M","T","E","M","?","R","M","R","BOSS","M","?","$","?","?","R","E","R","T","R","M","M","M","M","R","BOSS"],"build_version":"2019-01-23","purchased_purges":2,"victory":false,"max_hp_per_floor":[75,75,75,75,75,75,75,75,75,75,75,75,75,75,75,75,75,75,75,75,75,75,75,75,75,75,82,82,82,82,82,82,82,82,82,82,82,82,82,82,82,82,82,82,82,82,82,82,82,82],"card_choices":[{"not_picked":["Fire Breathing","Dropkick"],"picked":"Armaments","floor":1},{"not_picked":["Entrench","Evolve"],"picked":"Bloodletting","floor":4},{"not_picked":["Cleave","Flex"],"picked":"Whirlwind","floor":5},{"not_picked":["Cleave","Clothesline"],"picked":"Thunderclap","floor":7},{"not_picked":["Bloodletting","Body Slam"],"picked":"Demon Form","floor":11},{"not_picked":["Anger","Twin Strike"],"picked":"Disarm","floor":14},{"not_picked":["Immolate","Exhume"],"picked":"Offering","floor":16},{"not_picked":["Carnage"],"picked":"SKIP","floor":18},{"not_picked":[],"picked":"Heavy Blade","floor":19},{"not_picked":[],"picked":"Rupture","floor":20},{"not_picked":["Cleave"],"picked":"SKIP","floor":22},{"not_picked":[],"picked":"Flex+1","floor":23},{"not_picked":[],"picked":"Rampage","floor":25},{"not_picked":["Sentinel"],"picked":"SKIP","floor":27},{"not_picked":["Carnage"],"picked":"SKIP","floor":28},{"not_picked":[],"picked":"Intimidate","floor":31},{"not_picked":["Evolve"],"picked":"SKIP","floor":35},{"not_picked":["Body Slam"],"picked":"SKIP","floor":39},{"not_picked":[],"picked":"Sword Boomerang+1","floor":41},{"not_picked":[],"picked":"Shrug It Off+1","floor":45},{"not_picked":[],"picked":"Heavy Blade","floor":46},{"not_picked":["Feel No Pain"],"picked":"SKIP","floor":47},{"not_picked":[],"picked":"Offering","floor":48}],"player_experience":1115251,"relics_obtained":[{"floor":9,"key":"Mercury Hourglass"},{"floor":23,"key":"Pen Nib"},{"floor":26,"key":"Centennial Puzzle"},{"floor":27,"key":"Strawberry"},{"floor":41,"key":"Art of War"},{"floor":43,"key":"Oddly Smooth Stone"}],"event_choices":[{"damage_healed":0,"gold_gain":0,"cards_transformed":["Strike_R"],"player_choice":"Change","damage_taken":0,"max_hp_gain":0,"max_hp_loss":0,"event_name":"Living Wall","floor":2,"gold_loss":0,"cards_obtained":["Battle Trance"]},{"damage_healed":22,"gold_gain":0,"player_choice":"Full Heal","damage_taken":0,"max_hp_gain":0,"max_hp_loss":0,"event_name":"Wheel of Change","floor":3,"gold_loss":0},{"cards_removed":["Shrug It Off"],"damage_healed":0,"gold_gain":0,"player_choice":"Gave Card","damage_taken":0,"relics_obtained":["Letter Opener"],"max_hp_gain":0,"max_hp_loss":0,"event_name":"WeMeetAgain","floor":13,"gold_loss":0},{"cards_removed":["Strike_R"],"damage_healed":0,"gold_gain":0,"player_choice":"Elegance","damage_taken":0,"max_hp_gain":0,"max_hp_loss":0,"event_name":"Back to Basics","floor":29,"gold_loss":0},{"damage_healed":0,"gold_gain":0,"player_choice":"Embrace Madness","damage_taken":15,"max_hp_gain":0,"max_hp_loss":0,"event_name":"Winding Halls","floor":36,"gold_loss":0,"cards_obtained":["Madness","Madness"]},{"damage_healed":0,"gold_gain":0,"player_choice":"Ignored","damage_taken":0,"max_hp_gain":0,"max_hp_loss":0,"event_name":"SecretPortal","floor":38,"gold_loss":0}],"is_beta":false,"boss_relics":[{"not_picked":["Coffee Dripper","Runic Dome"],"picked":"Busted Crown"},{"not_picked":["Fusion Hammer","Empty Cage"],"picked":"Sozu"}],"items_purged_floors":[10,37],"is_endless":false,"potions_floor_spawned":[1,7,14,25,27,28,31,41,47],"killed_by":"Time Eater","ascension_level":15}