{"gold_per_floor":[110,129,129,9,21,47,47,75,75,75,75,104,104,25,25,102,102,115,115,128,128,0,0,0,0,0,29,29,29],"floor_reached":29,"playtime":1870,"items_purged":[],"score":468,"play_id":"fc7479b4-c2b1-450c-8464-56e8dc9554af","local_time":"20181027004744","is_ascension_mode":true,"campfire_choices":[{"floor":7.0,"key":"REST"},{"floor":15.0,"key":"REST"},{"floor":23.0,"key":"REST"},{"data":"Footwork","floor":25,"key":"SMITH"}],"neow_cost":"NONE","seed_source_timestamp":971140881454864,"circlet_count":0,"master_deck":["Defend_G","Defend_G+1","Defend_G","Defend_G","Defend_G","Strike_G","Strike_G","Strike_G","Strike_G","Strike_G+1","Survivor","Neutralize+1","AscendersBane","Leg Sweep","Blur","Deadly Poison","Well Laid Plans","Poisoned Stab","Dagger Spray","Well Laid Plans","Parasite","Sucker Punch","Footwork+1","Venomology","Cloak And Dagger+1","Dagger Throw","Blur+1","Adrenaline","Normality","Dodge and Roll"],"special_seed":0,"relics":["Black Star","Darkstone Periapt","Matryoshka","Prayer Wheel","Nunchaku","Juzu Bracelet","The Specimen","Torii","Ancient Tea Set","Regal Pillow","Cursed Key","Nilry\u0027s Codex","Omamori","Centennial Puzzle","Gremlin Horn","Mercury Hourglass"],"potions_floor_usage":[24,27,29],"damage_taken":[{"damage":14.0,"enemies":"Small Slimes","floor":1.0,"turns":6.0},{"damage":7.0,"enemies":"Cultist","floor":2.0,"turns":8.0},{"damage":0.0,"enemies":"2 Louse","floor":5.0,"turns":4.0},{"damage":19.0,"enemies":"3 Sentries","floor":6.0,"turns":12.0},{"damage":16.0,"enemies":"Lagavulin","floor":8.0,"turns":9.0},{"damage":6.0,"enemies":"Gremlin Nob","floor":12.0,"turns":4.0},{"damage":1.0,"enemies":"The Guardian","floor":16.0,"turns":16.0},{"damage":4.0,"enemies":"Shell Parasite","floor":18.0,"turns":9.0},{"damage":10.0,"enemies":"Colosseum Slavers","floor":19.0,"turns":6.0},{"damage":15.0,"enemies":"Chosen","floor":20.0,"turns":7.0},{"damage":15,"enemies":"Slavers","floor":24,"turns":2},{"damage":32,"enemies":"Gremlin Leader","floor":27,"turns":10},{"damage":12,"enemies":"3 Cultists","floor":29,"turns":3}],"seed_played":"3882648664055566217","potions_obtained":[{"floor":1.0,"key":"SteroidPotion"},{"floor":5.0,"key":"FearPotion"},{"floor":8.0,"key":"Fire Potion"},{"floor":16.0,"key":"Dexterity Potion"},{"floor":27,"key":"AttackPotion"}],"is_trial":false,"path_per_floor":["M","M","?","$","M","E","R","E","T","?","?","E","?","$","R","B",null,"M","?","M","?","?","R","E","R","T","E","?"],"character_chosen":"THE_SILENT","items_purchased":["Deadly Poison","Well Laid Plans","Footwork"],"campfire_rested":3,"item_purchase_floors":[4,4,14],"current_hp_per_floor":[45,38,38,38,38,19,38,22,22,22,44,38,24,24,60,59,69,65,55,40,24,24,60,45,45,51,19,4,0],"gold":29,"neow_bonus":"BOSS_RELIC","is_prod":false,"is_daily":false,"chose_seed":false,"campfire_upgraded":1,"win_rate":0,"timestamp":1540594064,"path_taken":["M","M","?","$","M","E","R","E","T","?","?","E","?","$","R","BOSS","M","?","M","?","?","R","E","R","T","E","?","M"],"build_version":"2018-10-25v2","purchased_purges":0,"victory":false,"max_hp_per_floor":[66,66,66,66,66,66,66,66,66,66,72,72,72,72,72,72,72,72,72,72,72,72,72,72,72,78,78,83,83],"card_choices":[{"not_picked":["Flying Knee","Catalyst"],"picked":"Leg Sweep","floor":1.0},{"not_picked":["Calculated Gamble","Riddle With Holes"],"picked":"Blur","floor":2.0},{"not_picked":["Backflip","Reflex"],"picked":"Poisoned Stab","floor":5.0},{"not_picked":["Choke","Night Terror"],"picked":"Dagger Spray","floor":6.0},{"not_picked":["Crippling Poison","Setup"],"picked":"Well Laid Plans","floor":8.0},{"not_picked":["Deflect","Heel Hook"],"picked":"Sucker Punch","floor":12.0},{"not_picked":["Storm of Steel","Night Terror"],"picked":"Venomology","floor":16.0},{"not_picked":["Dodge and Roll","Riddle With Holes"],"picked":"Cloak And Dagger+1","floor":18.0},{"not_picked":["Sucker Punch","Endless Agony"],"picked":"Dagger Throw","floor":18.0},{"not_picked":["Underhanded Strike+1","Predator"],"picked":"Blur+1","floor":20.0},{"not_picked":["Blur","Dash"],"picked":"Adrenaline","floor":20.0},{"not_picked":["Expertise","Underhanded Strike"],"picked":"Dodge and Roll","floor":27}],"player_experience":458432,"relics_obtained":[{"floor":6.0,"key":"Darkstone Periapt"},{"floor":6.0,"key":"Matryoshka"},{"floor":8.0,"key":"Prayer Wheel"},{"floor":8.0,"key":"Nunchaku"},{"floor":9.0,"key":"Juzu Bracelet"},{"floor":9.0,"key":"The Specimen"},{"floor":12.0,"key":"Ancient Tea Set"},{"floor":12.0,"key":"Regal Pillow"},{"floor":21.0,"key":"Nilry\u0027s Codex"},{"floor":26,"key":"Omamori"},{"floor":26,"key":"Centennial Puzzle"},{"floor":27,"key":"Gremlin Horn"},{"floor":27,"key":"Mercury Hourglass"}],"event_choices":[{"damage_healed":0.0,"max_hp_gain":0.0,"max_hp_loss":0.0,"gold_gain":0.0,"event_name":"Upgrade Shrine","player_choice":"Upgraded","floor":3.0,"gold_loss":0.0,"damage_taken":0.0,"cards_upgraded":["Neutralize"]},{"damage_healed":0.0,"max_hp_gain":0.0,"max_hp_loss":0.0,"gold_gain":0.0,"event_name":"Dead Adventurer","player_choice":"Searched \u00271\u0027 times","floor":10.0,"gold_loss":0.0,"damage_taken":0.0,"relics_obtained":["Torii"]},{"damage_healed":16.0,"max_hp_gain":0.0,"max_hp_loss":0.0,"gold_gain":0.0,"event_name":"Mushrooms","player_choice":"Healed and dodged fight","floor":11.0,"gold_loss":0.0,"damage_taken":0.0,"cards_obtained":["Parasite"]},{"damage_healed":0.0,"max_hp_gain":0.0,"max_hp_loss":0.0,"gold_gain":0.0,"event_name":"Shining Light","player_choice":"Entered Light","floor":13.0,"gold_loss":0.0,"damage_taken":14.0,"cards_upgraded":["Strike_G","Defend_G"]},{"damage_healed":0.0,"max_hp_gain":0.0,"max_hp_loss":0.0,"gold_gain":0.0,"event_name":"Colosseum","player_choice":"Fight","floor":19.0,"gold_loss":0.0,"damage_taken":0.0},{"damage_healed":0.0,"max_hp_gain":0.0,"max_hp_loss":0.0,"gold_gain":0.0,"event_name":"Colosseum","player_choice":"Fled From Nobs","floor":19.0,"gold_loss":0.0,"damage_taken":0.0},{"damage_healed":0.0,"max_hp_gain":0.0,"max_hp_loss":0.0,"gold_gain":0.0,"event_name":"Cursed Tome","player_choice":"Obtained Book","floor":21.0,"gold_loss":0.0,"damage_taken":16.0},{"damage_healed":0.0,"max_hp_gain":0.0,"max_hp_loss":0.0,"gold_gain":0.0,"event_name":"Masked Bandits","player_choice":"Paid Fearfully","floor":22.0,"gold_loss":128.0,"damage_taken":0.0},{"damage_healed":0,"gold_gain":0,"player_choice":"Shed Blood","damage_taken":20,"max_hp_gain":5,"max_hp_loss":0,"event_name":"Forgotten Altar","floor":28,"gold_loss":0}],"is_beta":false,"boss_relics":[{"not_picked":["Fusion Hammer","Tiny House"],"picked":"Cursed Key"}],"items_purged_floors":[],"is_endless":false,"potions_floor_spawned":[1,5,8,16,18,24,27],"killed_by":"3 Cultists","ascension_level":14}