{"gold_per_floor":[109,109,123,143,1,1,27,27,27,27,27,90,107,125,125,125],"floor_reached":16,"playtime":602,"items_purged":[],"score":209,"play_id":"300691e0-d297-4bcf-9523-b9217e7149f1","local_time":"20190815042637","is_ascension_mode":true,"campfire_choices":[{"data":"Double Tap","floor":6,"key":"SMITH"},{"data":"Feel No Pain","floor":8,"key":"SMITH"},{"data":"Body Slam","floor":15,"key":"SMITH"}],"neow_cost":"NONE","seed_source_timestamp":84195089542500,"circlet_count":0,"master_deck":["AscendersBane","Strike_R","Strike_R","Strike_R","Strike_R","Strike_R","Defend_R","Defend_R","Defend_R","Defend_R","Bash+1","Anger","Feel No Pain+1","True Grit","Double Tap+1","Anger","Flex","Body Slam+1","Body Slam","Headbutt"],"relics":["Burning Blood","Bag of Preparation","Incense Burner","The Courier","Tiny Chest"],"potions_floor_usage":[7,16],"damage_taken":[{"damage":3,"enemies":"2 Louse","floor":1,"turns":4},{"damage":0,"enemies":"Cultist","floor":3,"turns":2},{"damage":14,"enemies":"Small Slimes","floor":4,"turns":4},{"damage":22,"enemies":"3 Sentries","floor":7,"turns":11},{"damage":24,"enemies":"Lagavulin","floor":12,"turns":6},{"damage":6,"enemies":"Looter","floor":13,"turns":3},{"damage":6,"enemies":"Exordium Wildlife","floor":14,"turns":3},{"damage":55,"enemies":"Hexaghost","floor":16,"turns":11}],"seed_played":"8376833891334144516","potions_obtained":[{"floor":4,"key":"EssenceOfSteel"},{"floor":12,"key":"Regen Potion"}],"is_trial":false,"path_per_floor":["M","?","M","M","$","R","E","R","T","?","$","E","M","M","R","B"],"character_chosen":"IRONCLAD","items_purchased":["Double Tap","Anger"],"campfire_rested":0,"item_purchase_floors":[5,5],"current_hp_per_floor":[71,71,75,67,67,67,51,51,51,56,56,38,38,38,38,0],"gold":125,"neow_bonus":"RANDOM_COMMON_RELIC","is_prod":false,"is_daily":false,"chose_seed":false,"campfire_upgraded":3,"win_rate":0,"timestamp":1565835997,"path_taken":["M","?","M","M","?","R","E","R","T","?","$","E","M","M","R","BOSS"],"build_version":"2019-07-17","purchased_purges":0,"victory":false,"max_hp_per_floor":[75,75,75,75,75,75,75,75,75,80,80,80,80,80,80,80],"card_choices":[{"not_picked":["Wild Strike","Shrug It Off"],"picked":"Anger","floor":1},{"not_picked":["Heavy Blade","Body Slam"],"picked":"Feel No Pain","floor":3},{"not_picked":["Ghostly Armor","Pommel Strike"],"picked":"True Grit","floor":4},{"not_picked":["Brutality","Burning Pact"],"picked":"Flex","floor":7},{"not_picked":["Twin Strike","Cleave"],"picked":"Body Slam","floor":12},{"not_picked":["Havoc","Clash"],"picked":"Body Slam","floor":13},{"not_picked":["Burning Pact","Disarm"],"picked":"Headbutt","floor":14}],"player_experience":1912426,"relics_obtained":[{"floor":7,"key":"Incense Burner"},{"floor":9,"key":"The Courier"},{"floor":12,"key":"Tiny Chest"}],"event_choices":[{"damage_healed":0,"gold_gain":0,"player_choice":"Upgraded","damage_taken":0,"max_hp_gain":0,"max_hp_loss":0,"event_name":"Upgrade Shrine","floor":2,"gold_loss":0,"cards_upgraded":["Bash"]},{"damage_healed":0,"gold_gain":0,"player_choice":"Donut","damage_taken":0,"max_hp_gain":5,"max_hp_loss":0,"event_name":"Big Fish","floor":10,"gold_loss":0}],"is_beta":false,"boss_relics":[],"items_purged_floors":[],"is_endless":false,"potions_floor_spawned":[4,12],"killed_by":"Hexaghost","ascension_level":18}