{"gold_per_floor":[116,133,153,166,166,194,194,194],"floor_reached":8,"playtime":172,"items_purged":[],"score":116,"play_id":"3083c2de-35de-46c9-a1f8-5088bd8adb9a","local_time":"20190626012241","is_ascension_mode":true,"campfire_choices":[],"neow_cost":"NONE","seed_source_timestamp":1061023355352117,"circlet_count":0,"master_deck":["AscendersBane","Strike_B","Strike_B","Strike_B","Strike_B","Defend_B","Defend_B","Defend_B","Defend_B","Zap","Dualcast","Hello World","Gash","Sweeping Beam","Capacitor","Rainbow"],"special_seed":0,"relics":["Cracked Core","NeowsBlessing","Vajra","Lantern"],"potions_floor_usage":[6,6],"damage_taken":[{"damage":0.0,"enemies":"2 Louse","floor":1.0,"turns":1.0},{"damage":0.0,"enemies":"Small Slimes","floor":2.0,"turns":1.0},{"damage":0.0,"enemies":"Cultist","floor":3.0,"turns":1.0},{"damage":14,"enemies":"Blue Slaver","floor":4,"turns":4},{"damage":25,"enemies":"3 Sentries","floor":6,"turns":5},{"damage":35,"enemies":"Gremlin Nob","floor":8,"turns":3}],"seed_played":"6928117731027276857","potions_obtained":[{"floor":1.0,"key":"FocusPotion"},{"floor":2.0,"key":"Fire Potion"}],"is_trial":false,"path_per_floor":["M","M","M","M","?","E","?","E"],"character_chosen":"DEFECT","items_purchased":[],"campfire_rested":0,"item_purchase_floors":[],"current_hp_per_floor":[64,64,64,50,39,14,14,0],"gold":194,"neow_bonus":"THREE_ENEMY_KILL","is_prod":false,"is_daily":false,"chose_seed":false,"campfire_upgraded":0,"win_rate":0,"timestamp":1561504961,"path_taken":["M","M","M","M","?","E","?","E"],"build_version":"2019-01-23","purchased_purges":0,"victory":false,"max_hp_per_floor":[71,71,71,71,71,71,71,71],"card_choices":[{"not_picked":["Melter","Go for the Eyes"],"picked":"Hello World","floor":1.0},{"not_picked":["Go for the Eyes","Redo"],"picked":"Gash","floor":2.0},{"not_picked":["Aggregate","Steam"],"picked":"Sweeping Beam","floor":3.0},{"not_picked":["Stack","Barrage"],"picked":"Capacitor","floor":4},{"not_picked":["Core Surge","Sweeping Beam"],"picked":"Rainbow","floor":6}],"player_experience":854183,"relics_obtained":[{"floor":6,"key":"Lantern"}],"event_choices":[{"damage_healed":0,"gold_gain":0,"player_choice":"Success","damage_taken":11,"relics_obtained":["Vajra"],"max_hp_gain":0,"max_hp_loss":0,"event_name":"Scrap Ooze","floor":5,"gold_loss":0},{"damage_healed":0,"gold_gain":0,"player_choice":"Ignored","damage_taken":0,"max_hp_gain":0,"max_hp_loss":0,"event_name":"Shining Light","floor":7,"gold_loss":0}],"is_beta":false,"boss_relics":[],"items_purged_floors":[],"is_endless":false,"potions_floor_spawned":[1,2,3],"killed_by":"Gremlin Nob","ascension_level":20}