{"gold_per_floor":[20,20,95,108,127,127,158,158,158,202,202,202,0,0,0,96,96,115,134,134,34,34,78,78,96,96,110,110,153,177,193,193,193],"floor_reached":33,"playtime":2495,"items_purged":["Injury","Strike_G"],"score":483,"play_id":"8642e7d1-aeed-44ae-9895-8b1fd4d15704","local_time":"20190311013533","is_ascension_mode":true,"campfire_choices":[{"data":"Neutralize","floor":6.0,"key":"SMITH"},{"data":"Dash","floor":11.0,"key":"SMITH"},{"floor":15.0,"key":"REST"},{"data":"Glass Knife","floor":24.0,"key":"SMITH"},{"floor":28.0,"key":"REST"},{"floor":32,"key":"REST"}],"neow_cost":"NO_GOLD","seed_source_timestamp":0,"circlet_count":0,"master_deck":["AscendersBane","Defend_G","Defend_G","Defend_G","Defend_G","Defend_G","Strike_G","Strike_G","Strike_G","Survivor","Neutralize+1","Dash+1","Slice","Deflect","Dagger Spray","Cloak And Dagger+1","Burst+1","Well Laid Plans","Adrenaline+1","Expertise+1","Crippling Poison+1","Glass Knife+1","Finisher+1","PiercingWail+1","Flechettes","Blade Dance+1","Dodge and Roll+1"],"special_seed":0,"relics":["Ring of the Snake","Thread and Needle","Golden Idol","Toxic Egg 2","Meat on the Bone","Gambling Chip","WristBlade","Smiling Mask","Ornamental Fan","Snake Skull"],"potions_floor_usage":[33,33],"damage_taken":[{"damage":0.0,"enemies":"Cultist","floor":1.0,"turns":5.0},{"damage":0.0,"enemies":"Small Slimes","floor":4.0,"turns":4.0},{"damage":0.0,"enemies":"2 Louse","floor":5.0,"turns":3.0},{"damage":21.0,"enemies":"Gremlin Nob","floor":7.0,"turns":6.0},{"damage":40.0,"enemies":"Lagavulin","floor":10.0,"turns":12.0},{"damage":7.0,"enemies":"The Guardian","floor":16.0,"turns":15.0},{"damage":0.0,"enemies":"Spheric Guardian","floor":18.0,"turns":1.0},{"damage":0.0,"enemies":"2 Thieves","floor":19.0,"turns":3.0},{"damage":19.0,"enemies":"Slavers","floor":23.0,"turns":5.0},{"damage":1.0,"enemies":"Centurion and Healer","floor":25.0,"turns":6.0},{"damage":6.0,"enemies":"3 Cultists","floor":27.0,"turns":5.0},{"damage":28.0,"enemies":"Book of Stabbing","floor":29.0,"turns":6.0},{"damage":2,"enemies":"Snake Plant","floor":30,"turns":4},{"damage":0,"enemies":"Chosen and Byrds","floor":31,"turns":5},{"damage":71,"enemies":"Champ","floor":33,"turns":11}],"seed_played":"4130778873172427872","potions_obtained":[{"floor":4.0,"key":"SpeedPotion"},{"floor":27.0,"key":"Poison Potion"},{"floor":29,"key":"LiquidBronze"},{"floor":30,"key":"SkillPotion"}],"is_trial":false,"path_per_floor":["M","?","?","M","M","R","E","?","T","E","R","?","$","$","R","B",null,"M","M","?","$","?","E","R","M","T","M","R","E","M","M","R","B"],"character_chosen":"THE_SILENT","items_purchased":["Well Laid Plans","Strength Potion"],"campfire_rested":3,"item_purchase_floors":[13,13],"current_hp_per_floor":[63,63,52,52,52,52,31,54,54,26,26,26,26,26,47,40,63,63,63,63,63,63,44,44,43,43,37,58,42,40,40,61,0],"gold":193,"neow_bonus":"ONE_RARE_RELIC","is_prod":false,"is_daily":false,"chose_seed":false,"campfire_upgraded":3,"win_rate":0,"timestamp":1552264533,"path_taken":["M","?","?","M","M","R","E","?","T","E","R","?","?","$","R","BOSS","M","M","?","$","?","E","R","M","T","?","R","E","M","M","R","BOSS"],"build_version":"2019-01-23","purchased_purges":2,"victory":false,"max_hp_per_floor":[70,70,70,70,70,70,70,70,70,70,70,70,70,70,70,70,70,70,70,70,70,70,70,70,70,70,70,70,70,70,70,70,70],"card_choices":[{"not_picked":["Dodge and Roll","Prepared"],"picked":"Dash","floor":1.0},{"not_picked":["Underhanded Strike","PiercingWail"],"picked":"Slice","floor":4.0},{"not_picked":["Reflex","Outmaneuver"],"picked":"Deflect","floor":5.0},{"not_picked":["Finisher","Prepared"],"picked":"Dagger Spray","floor":7.0},{"not_picked":["Prepared+1","Bouncing Flask+1"],"picked":"Cloak And Dagger+1","floor":10.0},{"not_picked":["After Image","Venomology+1"],"picked":"Adrenaline+1","floor":16.0},{"not_picked":["Sucker Punch","Quick Slash+1"],"picked":"Expertise+1","floor":18.0},{"not_picked":["Tactician+1","Dagger Spray"],"picked":"Crippling Poison+1","floor":19.0},{"not_picked":["Leg Sweep+1","Cloak And Dagger+1"],"picked":"Finisher+1","floor":23.0},{"not_picked":["Prepared+1","Underhanded Strike"],"picked":"PiercingWail+1","floor":25.0},{"not_picked":["Poisoned Stab","Dagger Spray"],"picked":"Flechettes","floor":27.0},{"not_picked":["Quick Slash","Concentrate+1"],"picked":"Blade Dance+1","floor":29},{"not_picked":["Poisoned Stab","Deadly Poison+1","Riddle With Holes"],"picked":"SKIP","floor":30},{"not_picked":["Cloak And Dagger+1","Tools of the Trade"],"picked":"Dodge and Roll+1","floor":31}],"player_experience":972419,"relics_obtained":[{"floor":7.0,"key":"Toxic Egg 2"},{"floor":9.0,"key":"Meat on the Bone"},{"floor":10.0,"key":"Gambling Chip"},{"floor":23.0,"key":"Smiling Mask"},{"floor":26.0,"key":"Ornamental Fan"},{"floor":29,"key":"Snake Skull"}],"event_choices":[{"damage_healed":0.0,"max_hp_gain":0.0,"max_hp_loss":0.0,"gold_gain":0.0,"event_name":"Golden Idol","player_choice":"Take Wound","floor":2.0,"gold_loss":0.0,"damage_taken":0.0,"relics_obtained":["Golden Idol"],"cards_obtained":["Injury"]},{"damage_healed":0.0,"max_hp_gain":0.0,"max_hp_loss":0.0,"gold_gain":75.0,"event_name":"World of Goop","player_choice":"Gather Gold","floor":3.0,"gold_loss":0.0,"damage_taken":11.0},{"damage_healed":23.0,"max_hp_gain":0.0,"max_hp_loss":0.0,"gold_gain":0.0,"event_name":"Big Fish","player_choice":"Banana","floor":8.0,"gold_loss":0.0,"damage_taken":0.0},{"damage_healed":0.0,"max_hp_gain":0.0,"max_hp_loss":0.0,"gold_gain":0.0,"cards_transformed":["Strike_G"],"event_name":"Living Wall","player_choice":"Change","floor":12.0,"gold_loss":0.0,"damage_taken":0.0,"cards_obtained":["Burst"]},{"damage_healed":0.0,"max_hp_gain":0.0,"max_hp_loss":0.0,"gold_gain":0.0,"event_name":"Ghosts","player_choice":"Ignored","floor":20.0,"gold_loss":0.0,"damage_taken":0.0},{"damage_healed":0.0,"max_hp_gain":0.0,"max_hp_loss":0.0,"gold_gain":0.0,"event_name":"Match and Keep!","player_choice":"1 cards matched","floor":22.0,"gold_loss":0.0,"damage_taken":0.0,"cards_obtained":["Glass Knife"]}],"is_beta":false,"boss_relics":[{"not_picked":["Orrery","Tiny House"],"picked":"WristBlade"}],"items_purged_floors":[13,21],"is_endless":false,"potions_floor_spawned":[4,27,29,30],"killed_by":"Champ","ascension_level":13}