{"gold_per_floor":[117,117,129,129,140,140,167,185,185,201,220,220,248,264,264,336,336,352,352,262,274,292,312,335,335,335,367,11,11,11,21,21,94,94,108,88,20,120,140,171,171,199,199,234,249,249,259,259,259,259,259,259,7,38,38],"floor_reached":56,"playtime":3348,"items_purged":[],"score":1990,"play_id":"4a6dbd98-9c87-4712-bd95-b7580c25abc8","local_time":"20191007154140","is_ascension_mode":true,"campfire_choices":[{"data":"Inflame","floor":6,"key":"SMITH"},{"data":"Whirlwind","floor":12,"key":"SMITH"},{"floor":15,"key":"REST"},{"data":"Demon Form","floor":25,"key":"SMITH"},{"data":"Uppercut","floor":29,"key":"SMITH"},{"data":"Demon Form","floor":32,"key":"SMITH"},{"floor":41,"key":"RECALL"},{"floor":46,"key":"REST"},{"floor":49,"key":"REST"},{"floor":52,"key":"REST"}],"neow_cost":"NONE","seed_source_timestamp":20584505973113,"circlet_count":0,"master_deck":["AscendersBane","Strike_R","Strike_R","Strike_R","Strike_R","Defend_R","Defend_R","Defend_R+1","Defend_R","Bash+1","Barricade","Pommel Strike","Inflame+1","Demon Form+1","Whirlwind+1","Flame Barrier","Clothesline","Reaper","Uppercut+1","Corruption","Headbutt","Anger+1","Shrug It Off","Reaper","Offering","Demon Form+1","Offering","Shrug It Off","Shockwave","Whirlwind","Heavy Blade","Headbutt+1","Ghostly Armor","Warcry","Havoc","Exhume","Disarm+1"],"relics":["Burning Blood","Self Forming Clay","Eternal Feather","Bottled Tornado","Snecko Eye","Blood Vial","MawBank","Fusion Hammer","Dead Branch","Regal Pillow","Omamori","Turnip","Membership Card","Champion Belt"],"potions_floor_usage":[7,8,16,33],"damage_taken":[{"damage":4,"enemies":"Small Slimes","floor":1,"turns":4},{"damage":6,"enemies":"Cultist","floor":3,"turns":3},{"damage":9,"enemies":"Jaw Worm","floor":5,"turns":3},{"damage":20,"enemies":"Lagavulin","floor":7,"turns":5},{"damage":26,"enemies":"Lots of Slimes","floor":8,"turns":5},{"damage":15,"enemies":"Large Slime","floor":10,"turns":7},{"damage":8,"enemies":"Red Slaver","floor":11,"turns":6},{"damage":21,"enemies":"Gremlin Nob","floor":13,"turns":4},{"damage":29,"enemies":"Exordium Thugs","floor":14,"turns":4},{"damage":12,"enemies":"Slime Boss","floor":16,"turns":7},{"damage":18,"enemies":"Shell Parasite","floor":18,"turns":4},{"damage":8,"enemies":"Chosen","floor":21,"turns":3},{"damage":15,"enemies":"Shelled Parasite and Fungi","floor":22,"turns":5},{"damage":18,"enemies":"Snake Plant","floor":23,"turns":3},{"damage":30,"enemies":"Centurion and Healer","floor":27,"turns":6},{"damage":18,"enemies":"Shelled Parasite and Fungi","floor":31,"turns":3},{"damage":20,"enemies":"Collector","floor":33,"turns":6},{"damage":18,"enemies":"3 Shapes","floor":35,"turns":2},{"damage":12,"enemies":"Mind Bloom Boss Battle","floor":38,"turns":4},{"damage":39,"enemies":"3 Darklings","floor":39,"turns":4},{"damage":26,"enemies":"Giant Head","floor":40,"turns":5},{"damage":12,"enemies":"Reptomancer","floor":42,"turns":3},{"damage":20,"enemies":"Nemesis","floor":44,"turns":5},{"damage":14,"enemies":"4 Shapes","floor":45,"turns":3},{"damage":13,"enemies":"Maw","floor":47,"turns":5},{"damage":18,"enemies":"Donu and Deca","floor":50,"turns":4},{"damage":56,"enemies":"Shield and Spear","floor":54,"turns":5},{"damage":32,"enemies":"The Heart","floor":55,"turns":7}],"seed_played":"-9018087544305381195","potions_obtained":[{"floor":4,"key":"AttackPotion"},{"floor":4,"key":"BloodPotion"},{"floor":7,"key":"Strength Potion"},{"floor":11,"key":"FairyPotion"},{"floor":14,"key":"Fire Potion"},{"floor":18,"key":"Explosive Potion"},{"floor":22,"key":"GamblersBrew"},{"floor":36,"key":"Block Potion"},{"floor":47,"key":"FearPotion"}],"is_trial":false,"path_per_floor":["M","?","M","?","M","R","E","M","T","M","M","R","E","M","R","B",null,"M","?","?","M","M","M","T","R","T","M","$","R","$","M","R","B",null,"M","?","$","?","M","E","R","E","T","E","M","R","M","?","R","B",null,"R","$","E","B",null],"character_chosen":"IRONCLAD","items_purchased":["Reaper","Offering","Demon Form","Shockwave","Membership Card","Exhume","SpeedPotion"],"campfire_rested":4,"item_purchase_floors":[28,28,28,37,53,53,53],"current_hp_per_floor":[74,74,74,74,71,71,57,53,53,44,42,51,36,13,46,40,70,58,43,43,41,44,38,38,50,50,42,42,57,57,85,85,85,85,79,79,79,75,85,85,85,85,85,85,85,85,85,85,85,85,85,85,85,35,35],"gold":38,"neow_bonus":"ONE_RANDOM_RARE_CARD","is_prod":false,"is_daily":false,"chose_seed":false,"campfire_upgraded":5,"win_rate":0,"timestamp":1570477300,"path_taken":["M","?","?","?","M","R","E","?","T","M","M","R","E","M","R","BOSS","M","?","?","?","M","M","?","R","T","M","$","R","$","M","R","BOSS","M","?","?","?","M","E","R","E","T","E","?","R","M","?","R","BOSS","R","$","E","BOSS"],"build_version":"2019-10-04","purchased_purges":0,"victory":true,"max_hp_per_floor":[80,80,80,80,80,80,80,80,80,80,80,80,80,80,80,80,80,80,85,85,85,85,85,85,85,85,85,85,85,85,85,85,85,85,85,85,85,85,85,85,85,85,85,85,85,85,85,85,85,85,85,85,85,85,85],"card_choices":[{"not_picked":["Armaments","Havoc"],"picked":"Pommel Strike","floor":1},{"not_picked":["Sword Boomerang","Intimidate","Armaments"],"picked":"SKIP","floor":3},{"not_picked":["Sever Soul","Power Through"],"picked":"Inflame","floor":5},{"not_picked":["Anger","Rage"],"picked":"Demon Form","floor":7},{"not_picked":["Anger","Pommel Strike"],"picked":"Whirlwind","floor":8},{"not_picked":["Heavy Blade","Rampage"],"picked":"Flame Barrier","floor":10},{"not_picked":["Cleave","Iron Wave","Pommel Strike"],"picked":"SKIP","floor":11},{"not_picked":["Flex","Perfected Strike","Exhume"],"picked":"SKIP","floor":13},{"not_picked":["Spot Weakness","Searing Blow"],"picked":"Clothesline","floor":14},{"not_picked":["Feed","Bludgeon"],"picked":"Reaper","floor":16},{"not_picked":["Wild Strike+1","Rampage"],"picked":"Uppercut","floor":18},{"not_picked":["Shrug It Off","Body Slam"],"picked":"Corruption","floor":21},{"not_picked":["True Grit","Thunderclap"],"picked":"Headbutt","floor":22},{"not_picked":["Anger+1","Power Through","Warcry"],"picked":"SKIP","floor":23},{"not_picked":["Power Through","Warcry"],"picked":"Anger+1","floor":23},{"not_picked":["Havoc","Entrench"],"picked":"Shrug It Off","floor":27},{"not_picked":["Iron Wave","Sever Soul","Rage"],"picked":"SKIP","floor":31},{"not_picked":["Juggernaut","Feed"],"picked":"Offering","floor":33},{"not_picked":["Clash","Intimidate"],"picked":"Shrug It Off","floor":35},{"not_picked":["Inflame","Clothesline"],"picked":"Whirlwind","floor":39},{"not_picked":["Clash+1","Twin Strike"],"picked":"Heavy Blade","floor":40},{"not_picked":["Carnage","Cleave"],"picked":"Headbutt+1","floor":42},{"not_picked":["Twin Strike","Perfected Strike"],"picked":"Ghostly Armor","floor":44},{"not_picked":["Headbutt","Clothesline"],"picked":"Warcry","floor":45},{"not_picked":["Pommel Strike","Clash"],"picked":"Havoc","floor":47},{"not_picked":["Reckless Charge","Barricade"],"picked":"Disarm+1","floor":54}],"player_experience":474147,"relics_obtained":[{"floor":7,"key":"Self Forming Clay"},{"floor":9,"key":"Eternal Feather"},{"floor":13,"key":"Bottled Tornado"},{"floor":24,"key":"Blood Vial"},{"floor":26,"key":"MawBank"},{"floor":38,"key":"Dead Branch"},{"floor":40,"key":"Regal Pillow"},{"floor":42,"key":"Omamori"},{"floor":44,"key":"Turnip"},{"floor":54,"key":"Champion Belt"}],"event_choices":[{"damage_healed":0,"gold_gain":0,"player_choice":"Upgraded","damage_taken":0,"max_hp_gain":0,"max_hp_loss":0,"event_name":"Upgrade Shrine","floor":2,"gold_loss":0,"cards_upgraded":["Bash"]},{"damage_healed":0,"gold_gain":0,"player_choice":"Got Potions","damage_taken":0,"max_hp_gain":0,"max_hp_loss":0,"event_name":"Lab","floor":4,"gold_loss":0},{"damage_healed":0,"gold_gain":0,"player_choice":"Shed Blood","damage_taken":20,"max_hp_gain":5,"max_hp_loss":0,"event_name":"Forgotten Altar","floor":19,"gold_loss":0},{"cards_removed":["Strike_R"],"damage_healed":0,"gold_gain":0,"player_choice":"Upgrade and Remove","damage_taken":0,"max_hp_gain":0,"max_hp_loss":0,"event_name":"Designer","floor":20,"gold_loss":90,"cards_upgraded":["Defend_R"]},{"damage_healed":0,"gold_gain":0,"player_choice":"Bought 1 Potion","damage_taken":0,"max_hp_gain":0,"max_hp_loss":0,"event_name":"The Woman in Blue","floor":36,"gold_loss":0},{"damage_healed":0,"gold_gain":0,"player_choice":"Fight","damage_taken":0,"max_hp_gain":0,"max_hp_loss":0,"event_name":"MindBloom","floor":38,"gold_loss":0},{"damage_healed":0,"gold_gain":0,"player_choice":"Ignored","damage_taken":0,"max_hp_gain":0,"max_hp_loss":0,"event_name":"Tomb of Lord Red Mask","floor":48,"gold_loss":0}],"is_beta":true,"boss_relics":[{"not_picked":["Calling Bell","Tiny House"],"picked":"Snecko Eye"},{"not_picked":["Black Blood","SlaversCollar"],"picked":"Fusion Hammer"}],"items_purged_floors":[],"is_endless":false,"potions_floor_spawned":[7,11,13,14,18,21,22,38,40,47,54],"ascension_level":13}