{"gold_per_floor":[111,30,180,53,128,157,157,186,255,255,283,303,303],"floor_reached":13,"playtime":252,"items_purged":[],"score":298,"play_id":"a9d3c330-4a05-4458-9f3f-72dbe53b6044","local_time":"20181215020544","is_ascension_mode":true,"campfire_choices":[{"data":"Neutralize","floor":7.0,"key":"SMITH"},{"data":"Adrenaline","floor":10.0,"key":"SMITH"}],"neow_cost":"NONE","seed_source_timestamp":28160593352406,"circlet_count":0,"master_deck":["AscendersBane","Defend_G","Defend_G","Defend_G","Defend_G","Defend_G","Strike_G","Strike_G","Strike_G","Strike_G","Strike_G","Survivor","Neutralize+1","Predator","Doubt","Adrenaline+1","Backflip","Quick Slash","Footwork","Malaise"],"special_seed":0,"relics":["Ring of the Snake","NeowsBlessing","Bag of Preparation","Sundial","Bottled Lightning","Art of War"],"potions_floor_usage":[13,13],"damage_taken":[{"damage":0.0,"enemies":"Small Slimes","floor":1.0,"turns":1.0},{"damage":0.0,"enemies":"Gremlin Nob","floor":6.0,"turns":1.0},{"damage":0.0,"enemies":"Lagavulin","floor":8.0,"turns":1.0},{"damage":29.0,"enemies":"Gremlin Nob","floor":11.0,"turns":4.0},{"damage":0.0,"enemies":"2 Louse","floor":12.0,"turns":2.0},{"damage":29,"enemies":"Lagavulin","floor":13,"turns":9}],"seed_played":"-2346416765533074424","potions_obtained":[{"floor":6.0,"key":"Poison Potion"},{"floor":12.0,"key":"SpeedPotion"}],"is_trial":false,"path_per_floor":["M","$","?","$","?","E","R","E","T","R","E","M","E"],"character_chosen":"THE_SILENT","items_purchased":["GhostInAJar","Adrenaline","Backflip"],"campfire_rested":0,"item_purchase_floors":[2,4,4],"current_hp_per_floor":[59,59,59,59,48,48,48,48,48,48,19,19,0],"gold":303,"neow_bonus":"THREE_ENEMY_KILL","is_prod":false,"is_daily":false,"chose_seed":false,"campfire_upgraded":2,"win_rate":0,"timestamp":1544835944,"path_taken":["M","$","?","$","?","E","R","E","T","R","E","M","E"],"build_version":"2018-12-13","purchased_purges":0,"victory":false,"max_hp_per_floor":[66,66,66,66,66,66,66,66,66,66,66,66,66],"card_choices":[{"not_picked":["Dodge and Roll","PiercingWail"],"picked":"Predator","floor":1.0},{"not_picked":["Flying Knee","Finisher"],"picked":"Quick Slash","floor":6.0},{"not_picked":["Acrobatics","Noxious Fumes"],"picked":"Footwork","floor":8.0},{"not_picked":["Backstab","Catalyst"],"picked":"Malaise","floor":11.0},{"not_picked":["Prepared","Slice","Underhanded Strike"],"picked":"SKIP","floor":12.0}],"player_experience":524927,"relics_obtained":[{"floor":6.0,"key":"Bag of Preparation"},{"floor":8.0,"key":"Sundial"},{"floor":9.0,"key":"Bottled Lightning"},{"floor":11.0,"key":"Art of War"}],"event_choices":[{"damage_healed":0.0,"max_hp_gain":0.0,"max_hp_loss":0.0,"gold_gain":150.0,"event_name":"Liars Game","player_choice":"AGREE","floor":3.0,"gold_loss":0.0,"damage_taken":0.0,"cards_obtained":["Doubt"]},{"damage_healed":0.0,"max_hp_gain":0.0,"max_hp_loss":0.0,"gold_gain":75.0,"event_name":"World of Goop","player_choice":"Gather Gold","floor":5.0,"gold_loss":0.0,"damage_taken":11.0}],"is_beta":false,"boss_relics":[],"items_purged_floors":[],"is_endless":false,"potions_floor_spawned":[6,12],"killed_by":"Lagavulin","ascension_level":20}