{"gold_per_floor":[20,35,35,35,35,35,45,61,61,61,61,61,3,28,28,105,105,119,130,130,130,130,130,145,145,145,145,70,70],"floor_reached":29,"playtime":1153,"items_purged":[],"score":463,"play_id":"5e70fd03-d8ad-469f-86a3-4b66faf9d085","local_time":"20190707231143","is_ascension_mode":true,"campfire_choices":[{"data":"Wild Strike","floor":6,"key":"SMITH"},{"data":"Disarm","floor":10,"key":"SMITH"},{"data":"True Grit","floor":15,"key":"SMITH"},{"data":"Shockwave","floor":23,"key":"SMITH"},{"floor":25,"key":"REST"},{"data":"Spot Weakness","floor":27,"key":"SMITH"}],"neow_cost":"NO_GOLD","seed_source_timestamp":879032955876459,"circlet_count":0,"master_deck":["AscendersBane","Strike_R+1","Defend_R+1","Defend_R+1","Defend_R+1","Defend_R+1","Bash","Shockwave+1","Wild Strike+1","Disarm+1","Spot Weakness+1","True Grit+1","Twin Strike","Feed","Havoc+1","Carnage+1","Feed+1","Shrug It Off","Hemokinesis+1"],"relics":["Burning Blood","Ginger","Pen Nib","Matryoshka","Red Skull","Astrolabe","Mummified Hand","Prayer Wheel"],"potions_floor_usage":[16,29],"damage_taken":[{"damage":6,"enemies":"2 Louse","floor":1,"turns":3},{"damage":12,"enemies":"Cultist","floor":2,"turns":5},{"damage":5,"enemies":"Small Slimes","floor":7,"turns":3},{"damage":3,"enemies":"2 Fungi Beasts","floor":8,"turns":3},{"damage":24,"enemies":"Lagavulin","floor":14,"turns":7},{"damage":14,"enemies":"Hexaghost","floor":16,"turns":9},{"damage":29,"enemies":"2 Thieves","floor":18,"turns":4},{"damage":3,"enemies":"Spheric Guardian","floor":19,"turns":3},{"damage":17,"enemies":"Snake Plant","floor":24,"turns":4},{"damage":57,"enemies":"Book of Stabbing","floor":29,"turns":6}],"seed_played":"7786753077942629731","potions_obtained":[{"floor":2,"key":"Swift Potion"},{"floor":14,"key":"LiquidBronze"},{"floor":16,"key":"Strength Potion"}],"is_trial":false,"path_per_floor":["M","M","?","$","$","R","M","M","T","R","?","?","$","E","R","B",null,"M","M","?","?","$","R","M","R","T","R","?","E"],"character_chosen":"IRONCLAD","items_purchased":["True Grit"],"campfire_rested":1,"item_purchase_floors":[13],"current_hp_per_floor":[68,62,62,62,62,62,63,66,66,66,66,71,71,53,53,45,71,55,62,62,35,35,35,27,56,56,56,56,0],"gold":70,"neow_bonus":"ONE_RARE_RELIC","is_prod":false,"is_daily":false,"chose_seed":false,"campfire_upgraded":5,"win_rate":0,"timestamp":1562537503,"path_taken":["M","M","?","?","$","R","M","M","T","R","?","?","$","E","R","BOSS","M","M","?","?","$","R","M","R","T","R","?","E"],"build_version":"2019-07-05","purchased_purges":0,"victory":false,"max_hp_per_floor":[75,75,75,75,75,75,75,75,75,75,75,80,80,80,80,80,80,87,91,91,96,96,96,99,99,99,99,99,99],"card_choices":[{"not_picked":["Iron Wave","Searing Blow"],"picked":"Shockwave","floor":1},{"not_picked":["Clash","True Grit"],"picked":"Wild Strike","floor":2},{"not_picked":["Combust","Shrug It Off"],"picked":"Disarm","floor":7},{"not_picked":["Seeing Red","Heavy Blade"],"picked":"Spot Weakness","floor":8},{"not_picked":["Flame Barrier","Havoc"],"picked":"Twin Strike","floor":14},{"not_picked":["Berserk","Bludgeon"],"picked":"Feed","floor":16},{"not_picked":["Armaments","Twin Strike"],"picked":"Shrug It Off","floor":18},{"not_picked":["Carnage","Havoc"],"picked":"Hemokinesis+1","floor":19},{"not_picked":["Body Slam","Dual Wield+1","True Grit"],"picked":"SKIP","floor":24}],"player_experience":1141205,"relics_obtained":[{"floor":9,"key":"Pen Nib"},{"floor":14,"key":"Red Skull"},{"floor":26,"key":"Mummified Hand"},{"floor":26,"key":"Prayer Wheel"}],"event_choices":[{"damage_healed":0,"gold_gain":0,"player_choice":"0 cards matched","damage_taken":0,"max_hp_gain":0,"max_hp_loss":0,"event_name":"Match and Keep!","floor":3,"gold_loss":0,"cards_obtained":[]},{"damage_healed":0,"gold_gain":0,"player_choice":"Searched \u00272\u0027 times","damage_taken":0,"relics_obtained":["Matryoshka"],"max_hp_gain":0,"max_hp_loss":0,"event_name":"Dead Adventurer","floor":11,"gold_loss":0},{"damage_healed":0,"gold_gain":0,"player_choice":"Donut","damage_taken":0,"max_hp_gain":5,"max_hp_loss":0,"event_name":"Big Fish","floor":12,"gold_loss":0},{"damage_healed":0,"gold_gain":0,"player_choice":"Simplicity","damage_taken":0,"max_hp_gain":0,"max_hp_loss":0,"event_name":"Back to Basics","floor":20,"gold_loss":0,"cards_upgraded":["Strike_R","Strike_R","Defend_R","Defend_R","Defend_R","Defend_R"]},{"damage_healed":0,"gold_gain":0,"player_choice":"Shed Blood","damage_taken":32,"max_hp_gain":5,"max_hp_loss":0,"event_name":"Forgotten Altar","floor":21,"gold_loss":0},{"cards_removed":["Strike_R"],"damage_healed":0,"gold_gain":0,"player_choice":"Gave Gold","damage_taken":0,"max_hp_gain":0,"max_hp_loss":0,"event_name":"Beggar","floor":28,"gold_loss":75}],"is_beta":false,"boss_relics":[{"not_picked":["Mark of Pain","Cursed Key"],"picked":"Astrolabe"}],"items_purged_floors":[],"is_endless":false,"potions_floor_spawned":[2,14,16,19,24],"killed_by":"Book of Stabbing","ascension_level":20}