{"gold_per_floor":[111,130,130,130,193,225,225,241,241,254,304,354,152,152],"floor_reached":14,"playtime":464,"items_purged":["Strike_B"],"score":117,"play_id":"10b3b9a9-cbe7-4334-8567-50c1187a63d8","local_time":"20191012123400","is_ascension_mode":true,"campfire_choices":[],"neow_cost":"NONE","seed_source_timestamp":145871147694040,"circlet_count":0,"master_deck":["Strike_B","Defend_B","Defend_B","Defend_B","Defend_B","Zap","Dualcast","Streamline","Chill","Chill","Steam","Capacitor","Doom and Gloom","Ball Lightning"],"relics":["Cracked Core","Dream Catcher","SsserpentHead","Bottled Flame","Du-Vu Doll"],"potions_floor_usage":[6,14],"damage_taken":[{"damage":0,"enemies":"2 Louse","floor":1,"turns":3},{"damage":6,"enemies":"Cultist","floor":2,"turns":4},{"damage":5,"enemies":"Jaw Worm","floor":5,"turns":4},{"damage":32,"enemies":"Lagavulin","floor":6,"turns":7},{"damage":7,"enemies":"Looter","floor":8,"turns":3},{"damage":9,"enemies":"3 Louse","floor":10,"turns":4},{"damage":12,"enemies":"Exordium Wildlife","floor":14,"turns":1}],"seed_played":"-1314018290891730600","potions_obtained":[{"floor":5,"key":"Weak Potion"},{"floor":10,"key":"PowerPotion"}],"is_trial":false,"path_per_floor":["M","M","?","?","M","E","?","M","T","M","?","?","$","M"],"character_chosen":"DEFECT","items_purchased":["Doom and Gloom","Ball Lightning"],"campfire_rested":0,"item_purchase_floors":[13,13],"current_hp_per_floor":[68,62,62,62,57,25,25,18,18,9,9,9,9,0],"gold":152,"neow_bonus":"RANDOM_COMMON_RELIC","is_prod":false,"is_daily":false,"chose_seed":false,"campfire_upgraded":0,"win_rate":0,"timestamp":1570898040,"path_taken":["M","M","?","?","?","E","?","M","T","M","?","?","$","M"],"build_version":"2019-10-11","purchased_purges":1,"victory":false,"max_hp_per_floor":[75,75,75,75,75,75,75,75,75,75,75,75,75,75],"card_choices":[{"not_picked":["Stack","Leap"],"picked":"Streamline","floor":1},{"not_picked":["Skim","Consume"],"picked":"Chill","floor":2},{"not_picked":["Beam Cell","Melter"],"picked":"Chill","floor":5},{"not_picked":["Redo","Go for the Eyes"],"picked":"Steam","floor":6},{"not_picked":["Beam Cell","Gash","Go for the Eyes"],"picked":"SKIP","floor":8},{"not_picked":["Gash","Steam"],"picked":"Capacitor","floor":10}],"player_experience":515184,"relics_obtained":[{"floor":6,"key":"Bottled Flame"},{"floor":9,"key":"Du-Vu Doll"}],"event_choices":[{"damage_healed":0,"gold_gain":0,"player_choice":"Ignored","damage_taken":0,"max_hp_gain":0,"max_hp_loss":0,"event_name":"Liars Game","floor":3,"gold_loss":0},{"damage_healed":0,"gold_gain":0,"player_choice":"Trade","damage_taken":0,"relics_obtained":["SsserpentHead"],"max_hp_gain":0,"max_hp_loss":0,"event_name":"FaceTrader","floor":4,"gold_loss":0},{"cards_removed":["Strike_B"],"damage_healed":0,"gold_gain":0,"player_choice":"Card Removal","damage_taken":0,"max_hp_gain":0,"max_hp_loss":0,"event_name":"The Cleric","floor":7,"gold_loss":50},{"cards_removed":["Strike_B"],"damage_healed":0,"gold_gain":0,"player_choice":"Forget","damage_taken":0,"max_hp_gain":0,"max_hp_loss":0,"event_name":"Living Wall","floor":11,"gold_loss":0},{"damage_healed":0,"gold_gain":0,"player_choice":"Fled","damage_taken":0,"max_hp_gain":0,"max_hp_loss":0,"event_name":"Scrap Ooze","floor":12,"gold_loss":0}],"is_beta":true,"boss_relics":[],"items_purged_floors":[13],"is_endless":false,"potions_floor_spawned":[5,10],"killed_by":"Exordium Wildlife","ascension_level":6}