{"gold_per_floor":[118,133,153,328,354,354,366,366,389,416,491,491,521,534,534,630,630,640,659,659,180,193,224,224,243,243,243,23,23,23,34,34,34],"floor_reached":33,"playtime":959,"items_purged":["Doubt","Strike_B"],"score":465,"play_id":"d33016c6-5649-4fe1-9a46-388f8d61ea5f","local_time":"20190302210022","is_ascension_mode":true,"campfire_choices":[{"data":"Zap","floor":6,"key":"SMITH"},{"data":"Go for the Eyes","floor":8,"key":"SMITH"},{"data":"Beam Cell","floor":12,"key":"SMITH"},{"floor":15,"key":"REST"},{"floor":24,"key":"REST"},{"floor":27,"key":"REST"},{"floor":29,"key":"REST"},{"floor":32,"key":"REST"}],"neow_cost":"NONE","seed_source_timestamp":90074776100800,"circlet_count":0,"master_deck":["AscendersBane","Strike_B+1","Strike_B+1","Strike_B+1","Defend_B+1","Defend_B+1","Defend_B+1","Defend_B+1","Zap+1","Dualcast","Go for the Eyes+1","Gash","Gash","Gash","Beam Cell+1","Capacitor","Consume","Buffer","Hologram+1","Streamline","Ghostly","Ghostly","Ghostly","Ghostly","Ghostly","Melter","Capacitor","Streamline","Stack","Storm","Ball Lightning","FTL"],"relics":["Cracked Core","Centennial Puzzle","Bag of Preparation","Vajra","War Paint","Oddly Smooth Stone","Busted Crown","Gambling Chip","Blood Vial","Pocketwatch"],"potions_floor_usage":[10,14,14],"damage_taken":[{"damage":0,"enemies":"Cultist","floor":1,"turns":3},{"damage":0,"enemies":"2 Louse","floor":2,"turns":3},{"damage":0,"enemies":"Jaw Worm","floor":3,"turns":3},{"damage":6,"enemies":"Looter","floor":7,"turns":3},{"damage":15,"enemies":"Lagavulin","floor":10,"turns":4},{"damage":2,"enemies":"Gremlin Nob","floor":13,"turns":3},{"damage":3,"enemies":"Exordium Wildlife","floor":14,"turns":3},{"damage":50,"enemies":"Slime Boss","floor":16,"turns":8},{"damage":23,"enemies":"Spheric Guardian","floor":18,"turns":4},{"damage":4,"enemies":"3 Byrds","floor":19,"turns":6},{"damage":18,"enemies":"Snake Plant","floor":22,"turns":5},{"damage":6,"enemies":"Slavers","floor":23,"turns":6},{"damage":10,"enemies":"Sentry and Sphere","floor":25,"turns":3},{"damage":3,"enemies":"Shelled Parasite and Fungi","floor":31,"turns":6},{"damage":43,"enemies":"Automaton","floor":33,"turns":6}],"seed_played":"508109842880562311","potions_obtained":[{"floor":2,"key":"Poison Potion"},{"floor":3,"key":"PowerPotion"},{"floor":10,"key":"Weak Potion"},{"floor":25,"key":"Poison Potion"}],"is_trial":false,"path_per_floor":["M","M","M","?","T","R","M","R","T","E","?","R","E","M","R","B",null,"M","M","?","$","M","E","R","M","T","R","$","R","?","M","R","B"],"character_chosen":"DEFECT","items_purchased":["Gambling Chip","Melter","Capacitor","Storm","Ball Lightning"],"campfire_rested":5,"item_purchase_floors":[21,21,21,28,28],"current_hp_per_floor":[68,68,68,68,68,68,62,62,62,47,36,36,34,31,53,3,57,34,30,30,30,12,6,17,9,9,20,20,31,31,30,37,0],"gold":34,"neow_bonus":"RANDOM_COMMON_RELIC","is_prod":false,"is_daily":false,"chose_seed":false,"campfire_upgraded":3,"win_rate":0,"timestamp":1551556822,"path_taken":["M","?","M","?","?","R","M","R","T","E","?","R","E","M","R","BOSS","M","M","?","$","M","E","R","M","T","R","$","R","?","M","R","BOSS"],"build_version":"2019-01-23","purchased_purges":2,"victory":false,"max_hp_per_floor":[75,75,75,75,75,75,75,75,75,75,75,75,75,75,75,75,75,75,75,37,37,37,37,37,37,37,37,37,37,37,37,37,37],"card_choices":[{"not_picked":["Beam Cell","Redo"],"picked":"Go for the Eyes","floor":1},{"not_picked":["Rebound","Static Discharge"],"picked":"Gash","floor":2},{"not_picked":["Cold Snap","Scrape"],"picked":"Gash","floor":3},{"not_picked":["Rebound","Ball Lightning"],"picked":"Gash","floor":7},{"not_picked":["Ball Lightning","Core Surge"],"picked":"Beam Cell","floor":10},{"not_picked":["Compile Driver","Lockon"],"picked":"Capacitor","floor":13},{"not_picked":["Undo","Doom and Gloom"],"picked":"Consume","floor":14},{"not_picked":["Hyperbeam","Core Surge"],"picked":"Buffer","floor":16},{"not_picked":[],"picked":"Hologram+1","floor":18},{"not_picked":[],"picked":"Streamline","floor":19},{"not_picked":["Skim"],"picked":"SKIP","floor":22},{"not_picked":[],"picked":"Streamline","floor":23},{"not_picked":[],"picked":"Stack","floor":25},{"not_picked":[],"picked":"FTL","floor":31}],"player_experience":881628,"relics_obtained":[{"floor":5,"key":"Bag of Preparation"},{"floor":9,"key":"Vajra"},{"floor":10,"key":"War Paint"},{"floor":13,"key":"Oddly Smooth Stone"},{"floor":23,"key":"Blood Vial"},{"floor":26,"key":"Pocketwatch"}],"event_choices":[{"damage_healed":0,"gold_gain":175,"player_choice":"AGREE","damage_taken":0,"max_hp_gain":0,"max_hp_loss":0,"event_name":"Liars Game","floor":4,"gold_loss":0,"cards_obtained":["Doubt"]},{"damage_healed":0,"gold_gain":75,"player_choice":"Gather Gold","damage_taken":11,"max_hp_gain":0,"max_hp_loss":0,"event_name":"World of Goop","floor":11,"gold_loss":0},{"damage_healed":0,"gold_gain":0,"player_choice":"Became a Ghost","damage_taken":0,"max_hp_gain":0,"max_hp_loss":38,"event_name":"Ghosts","floor":20,"gold_loss":0,"cards_obtained":["Ghostly","Ghostly","Ghostly","Ghostly","Ghostly"]},{"damage_healed":0,"gold_gain":0,"player_choice":"Simplicity","damage_taken":0,"max_hp_gain":0,"max_hp_loss":0,"event_name":"Back to Basics","floor":30,"gold_loss":0,"cards_upgraded":["Strike_B","Strike_B","Strike_B","Defend_B","Defend_B"]}],"is_beta":false,"boss_relics":[{"not_picked":["Orrery","Calling Bell"],"picked":"Busted Crown"}],"items_purged_floors":[21,28],"is_endless":false,"potions_floor_spawned":[2,3,10,13,25],"killed_by":"Automaton","ascension_level":12}