{"gold_per_floor":[115,115,131,66,84,84,84,104,104,104,74,103,121,121,121,121],"floor_reached":16,"playtime":393,"items_purged":[],"score":195,"play_id":"3551544e-95d9-4a47-a447-ac68d21c9f7f","local_time":"20190826140910","is_ascension_mode":true,"campfire_choices":[{"data":"Neutralize","floor":6,"key":"SMITH"},{"data":"Cloak And Dagger","floor":10,"key":"SMITH"},{"data":"Finisher","floor":15,"key":"SMITH"}],"neow_cost":"NONE","seed_source_timestamp":1069782768454599,"circlet_count":0,"master_deck":["AscendersBane","Strike_G","Strike_G","Strike_G","Strike_G+1","Strike_G","Defend_G+1","Defend_G","Defend_G","Defend_G","Defend_G","Survivor","Neutralize+1","Cloak And Dagger+1","Finisher+1","Cloak And Dagger","Blur","Glass Knife","Blade Dance"],"relics":["Ring of the Snake","Bird Faced Urn","Ginger"],"potions_floor_usage":[12,12,13],"damage_taken":[{"damage":4,"enemies":"Small Slimes","floor":1,"turns":5},{"damage":0,"enemies":"2 Louse","floor":3,"turns":4},{"damage":0,"enemies":"Cultist","floor":5,"turns":4},{"damage":0,"enemies":"Exordium Wildlife","floor":8,"turns":2},{"damage":2,"enemies":"Gremlin Nob","floor":12,"turns":3},{"damage":0,"enemies":"Looter","floor":13,"turns":2},{"damage":54,"enemies":"The Guardian","floor":16,"turns":8}],"seed_played":"1556478897683747152","potions_obtained":[{"floor":11,"key":"Swift Potion"},{"floor":11,"key":"SkillPotion"},{"floor":13,"key":"Fruit Juice"}],"is_trial":false,"path_per_floor":["M","?","M","?","M","R","$","M","T","R","?","E","M","?","R","B"],"character_chosen":"THE_SILENT","items_purchased":[],"campfire_rested":0,"item_purchase_floors":[],"current_hp_per_floor":[61,39,39,39,39,39,39,39,39,39,39,37,42,42,42,0],"gold":121,"neow_bonus":"TEN_PERCENT_HP_BONUS","is_prod":false,"is_daily":false,"chose_seed":false,"campfire_upgraded":3,"win_rate":0,"timestamp":1566821350,"path_taken":["M","?","M","?","M","R","$","M","T","R","?","E","?","?","R","BOSS"],"build_version":"2019-07-17","purchased_purges":0,"victory":false,"max_hp_per_floor":[72,72,72,72,72,72,72,72,72,72,72,72,77,77,77,77],"card_choices":[{"not_picked":["Outmaneuver","Prepared"],"picked":"Cloak And Dagger","floor":1},{"not_picked":["Sucker Punch","Deadly Poison"],"picked":"Finisher","floor":3},{"not_picked":["Tactician","Outmaneuver"],"picked":"Cloak And Dagger","floor":5},{"not_picked":["Deflect","Cloak And Dagger"],"picked":"Blur","floor":8},{"not_picked":["Bane","Prepared"],"picked":"Glass Knife","floor":12},{"not_picked":["Acrobatics","Flying Knee"],"picked":"Blade Dance","floor":13}],"player_experience":1974561,"relics_obtained":[{"floor":9,"key":"Bird Faced Urn"},{"floor":12,"key":"Ginger"}],"event_choices":[{"damage_healed":0,"gold_gain":0,"player_choice":"Entered Light","damage_taken":22,"max_hp_gain":0,"max_hp_loss":0,"event_name":"Shining Light","floor":2,"gold_loss":0,"cards_upgraded":["Strike_G","Defend_G"]},{"damage_healed":0,"gold_gain":0,"player_choice":"Left Gold","damage_taken":0,"max_hp_gain":0,"max_hp_loss":0,"event_name":"World of Goop","floor":4,"gold_loss":65},{"damage_healed":0,"gold_gain":0,"player_choice":"Bought 2 Potions","damage_taken":0,"max_hp_gain":0,"max_hp_loss":0,"event_name":"The Woman in Blue","floor":11,"gold_loss":0},{"damage_healed":0,"gold_gain":0,"player_choice":"Ignored","damage_taken":0,"max_hp_gain":0,"max_hp_loss":0,"event_name":"Liars Game","floor":14,"gold_loss":0}],"is_beta":false,"boss_relics":[],"items_purged_floors":[],"is_endless":false,"potions_floor_spawned":[13],"killed_by":"The Guardian","ascension_level":19}