{"gold_per_floor":[111,125,141,66,83,83,116,126,126,126,126,5,5,33,33,107,107,122,137,157,177,195,195,224,224,224,235,260,260,360,360,360,436,436,450,129,181,21,0,0,0,0,75,75,90,90,110,122,122,122,122,122,122,9,38,38],"floor_reached":56,"playtime":3410,"items_purged":["Strike_B"],"score":1765,"play_id":"840c9d62-9ec1-49d8-a09c-65f73b693b94","local_time":"20190409222948","is_ascension_mode":true,"campfire_choices":[{"data":"Sunder","floor":6.0,"key":"SMITH"},{"floor":15.0,"key":"REST"},{"floor":23.0,"key":"REST"},{"floor":25.0,"key":"REST"},{"data":"Go for the Eyes","floor":29.0,"key":"SMITH"},{"floor":32.0,"key":"REST"},{"floor":40.0,"key":"REST"},{"floor":42.0,"key":"REST"},{"floor":44.0,"key":"RECALL"},{"data":"Reinforced Body","floor":46.0,"key":"SMITH"},{"data":"Go for the Eyes","floor":49,"key":"SMITH"},{"floor":53,"key":"REST"}],"neow_cost":"NONE","seed_source_timestamp":0,"circlet_count":0,"master_deck":["AscendersBane","Strike_B","Strike_B","Defend_B","Defend_B","Defend_B","Defend_B","Zap","Dualcast","Compile Driver","Undo","Go for the Eyes+1","Sunder+1","Stack","Reinforced Body+1","Ball Lightning","Genetic Algorithm+1","Go for the Eyes+1","Zap+1","Undo+1","Echo Form","Go for the Eyes","Glacier+1","White Noise+1","Scrape","Chill+1","Electrodynamics","Steam+1","Chaos+1","Hologram+1","Biased Cognition+1","Coolheaded+1","Glacier+1","Chill+1","Glacier+1","Capacitor+1","Skim+1","Cold Snap+1","Biased Cognition+1","Panacea+1","Hello World+1"],"special_seed":0,"relics":["Cracked Core","NeowsBlessing","The Courier","Toxic Egg 2","PreservedInsect","Thread and Needle","Nuclear Battery","Ice Cream","Blue Candle","Emotion Chip","Frozen Egg 2","Runic Dome","Oddly Smooth Stone","Dead Branch","Bronze Scales","Red Mask","Question Card","Gambling Chip"],"potions_floor_usage":[56],"damage_taken":[{"damage":0.0,"enemies":"Cultist","floor":1.0,"turns":1.0},{"damage":0.0,"enemies":"Small Slimes","floor":2.0,"turns":1.0},{"damage":0.0,"enemies":"2 Louse","floor":3.0,"turns":1.0},{"damage":6.0,"enemies":"Lots of Slimes","floor":5.0,"turns":6.0},{"damage":30.0,"enemies":"3 Sentries","floor":7.0,"turns":7.0},{"damage":11.0,"enemies":"3 Louse","floor":8.0,"turns":3.0},{"damage":11.0,"enemies":"Lagavulin","floor":14.0,"turns":5.0},{"damage":31.0,"enemies":"The Guardian","floor":16.0,"turns":11.0},{"damage":2.0,"enemies":"2 Thieves","floor":18.0,"turns":3.0},{"damage":15.0,"enemies":"3 Byrds","floor":19.0,"turns":5.0},{"damage":0.0,"enemies":"Snake Plant","floor":20.0,"turns":4.0},{"damage":2.0,"enemies":"Snecko","floor":21.0,"turns":6.0},{"damage":23.0,"enemies":"Shelled Parasite and Fungi","floor":22.0,"turns":5.0},{"damage":5.0,"enemies":"Gremlin Leader","floor":24.0,"turns":7.0},{"damage":0.0,"enemies":"Centurion and Healer","floor":27.0,"turns":5.0},{"damage":7.0,"enemies":"Book of Stabbing","floor":28.0,"turns":5.0},{"damage":0.0,"enemies":"Colosseum Slavers","floor":30.0,"turns":4.0},{"damage":48.0,"enemies":"Colosseum Nobs","floor":30.0,"turns":5.0},{"damage":19.0,"enemies":"Automaton","floor":33.0,"turns":13.0},{"damage":0.0,"enemies":"Orb Walker","floor":35.0,"turns":4.0},{"damage":36.0,"enemies":"2 Orb Walkers","floor":37.0,"turns":6.0},{"damage":0.0,"enemies":"3 Shapes","floor":45.0,"turns":4.0},{"damage":5,"enemies":"Transient","floor":47,"turns":6},{"damage":0,"enemies":"Maw","floor":48,"turns":8},{"damage":1,"enemies":"Time Eater","floor":50,"turns":12},{"damage":50,"enemies":"Awakened One","floor":51,"turns":18},{"damage":15,"enemies":"Shield and Spear","floor":55,"turns":5},{"damage":60,"enemies":"The Heart","floor":56,"turns":12}],"seed_played":"-7230983809881088749","potions_obtained":[{"floor":3.0,"key":"FearPotion"},{"floor":8.0,"key":"LiquidBronze"},{"floor":14.0,"key":"PowerPotion"},{"floor":16.0,"key":"Strength Potion"},{"floor":18.0,"key":"Regen Potion"},{"floor":27.0,"key":"SpeedPotion"},{"floor":28.0,"key":"Energy Potion"},{"floor":30.0,"key":"AttackPotion"},{"floor":35.0,"key":"EssenceOfSteel"},{"floor":37.0,"key":"Weak Potion"}],"is_trial":false,"path_per_floor":["M","M","M","?","M","R","E","M","T","?","?","$","?","E","R","B",null,"M","M","M","M","M","R","E","R","T","M","E","R","?","?","R","B",null,"M","$","?","$","?","R","?","R","T","R","M","R","M","M","R","B","B",null,"R","$","E","B"],"character_chosen":"DEFECT","items_purchased":["Ball Lightning","Genetic Algorithm+1","Go for the Eyes","Oddly Smooth Stone","Glacier+1","Chill+1","Bronze Scales","Capacitor+1","Panacea+1","Block Potion"],"campfire_rested":7,"item_purchase_floors":[12,12,12,36,36,36,38,38,54,54],"current_hp_per_floor":[64,64,64,64,58,58,28,17,17,40,22,22,22,11,32,1,54,52,51,51,49,26,47,42,63,63,63,56,56,8,8,29,10,56,56,56,20,20,20,41,41,62,62,62,62,62,57,57,57,56,6,55,71,71,56,0],"gold":38,"neow_bonus":"THREE_ENEMY_KILL","is_prod":false,"is_daily":false,"chose_seed":false,"campfire_upgraded":4,"win_rate":0,"timestamp":1554841788,"path_taken":["M","M","M","?","M","R","E","M","T","?","?","$","?","E","R","BOSS","M","?","M","M","M","R","E","R","T","M","E","R","?","?","R","BOSS","M","$","?","$","?","R","?","R","T","R","M","R","?","M","R","BOSS","BOSS","R","$","E","BOSS"],"build_version":"2019-01-23","purchased_purges":1,"victory":false,"max_hp_per_floor":[71,71,71,71,71,71,71,71,71,71,71,71,71,71,71,71,71,71,71,71,71,71,71,71,71,71,71,71,71,71,71,71,71,71,71,71,71,71,71,71,71,71,71,71,71,71,71,71,71,71,71,71,71,71,71,71],"card_choices":[{"not_picked":["Barrage","Conserve Battery"],"picked":"Compile Driver","floor":1.0},{"not_picked":["Hologram","Stack"],"picked":"Undo","floor":2.0},{"not_picked":["Coolheaded","Storm"],"picked":"Go for the Eyes","floor":3.0},{"not_picked":["Loop","Beam Cell"],"picked":"Sunder","floor":5.0},{"not_picked":["Rebound","Rip and Tear"],"picked":"Stack","floor":7.0},{"not_picked":["Go for the Eyes","Conserve Battery"],"picked":"Reinforced Body","floor":8.0},{"not_picked":["Sunder","Machine Learning"],"picked":"Undo+1","floor":14.0},{"not_picked":["Fission+1","Amplify+1"],"picked":"Echo Form","floor":16.0},{"not_picked":["Turbo+1","Hello World"],"picked":"Go for the Eyes","floor":18.0},{"not_picked":["Compile Driver","Reprogram+1"],"picked":"Glacier+1","floor":19.0},{"not_picked":["Turbo+1","Beam Cell"],"picked":"White Noise+1","floor":20.0},{"not_picked":["Go for the Eyes","Self Repair"],"picked":"Scrape","floor":21.0},{"not_picked":["Steam+1","Rebound"],"picked":"Chill+1","floor":22.0},{"not_picked":["Force Field+1","Static Discharge"],"picked":"Electrodynamics","floor":24.0},{"not_picked":["Blizzard","FTL"],"picked":"Steam+1","floor":27.0},{"not_picked":["BootSequence+1","Leap+1"],"picked":"Chaos+1","floor":28.0},{"not_picked":["Barrage","Beam Cell+1"],"picked":"Hologram+1","floor":30.0},{"not_picked":["Rainbow+1","Amplify+1"],"picked":"Biased Cognition+1","floor":33.0},{"not_picked":["Heatsinks+1","Hologram+1"],"picked":"Coolheaded+1","floor":35.0},{"not_picked":["Go for the Eyes","Steam+1"],"picked":"Glacier+1","floor":37.0},{"not_picked":["BootSequence+1","Auto Shields+1","Recycle+1"],"picked":"Skim+1","floor":45.0},{"not_picked":["Stack+1","Fusion+1","Heatsinks+1"],"picked":"Cold Snap+1","floor":47},{"not_picked":["Chill+1","Steam+1","Sunder"],"picked":"Biased Cognition+1","floor":48},{"not_picked":["Streamline","Sunder","Aggregate+1"],"picked":"Hello World+1","floor":55}],"player_experience":761072,"relics_obtained":[{"floor":7.0,"key":"The Courier"},{"floor":9.0,"key":"Toxic Egg 2"},{"floor":14.0,"key":"Thread and Needle"},{"floor":24.0,"key":"Ice Cream"},{"floor":28.0,"key":"Blue Candle"},{"floor":30.0,"key":"Emotion Chip"},{"floor":30.0,"key":"Frozen Egg 2"},{"floor":37.0,"key":"Dead Branch"},{"floor":43.0,"key":"Question Card"},{"floor":55,"key":"Gambling Chip"}],"event_choices":[{"cards_removed":["Strike_B"],"damage_healed":0.0,"max_hp_gain":0.0,"max_hp_loss":0.0,"gold_gain":0.0,"event_name":"The Cleric","player_choice":"Card Removal","floor":4.0,"gold_loss":75.0,"damage_taken":0.0},{"damage_healed":23.0,"max_hp_gain":0.0,"max_hp_loss":0.0,"gold_gain":0.0,"event_name":"Big Fish","player_choice":"Banana","floor":10.0,"gold_loss":0.0,"damage_taken":0.0},{"damage_healed":0.0,"max_hp_gain":0.0,"max_hp_loss":0.0,"gold_gain":0.0,"event_name":"Scrap Ooze","player_choice":"Success","floor":11.0,"gold_loss":0.0,"damage_taken":18.0,"relics_obtained":["PreservedInsect"]},{"damage_healed":0.0,"max_hp_gain":0.0,"max_hp_loss":0.0,"gold_gain":0.0,"event_name":"Match and Keep!","player_choice":"1 cards matched","floor":13.0,"gold_loss":0.0,"damage_taken":0.0,"cards_obtained":["Zap"]},{"damage_healed":0.0,"max_hp_gain":0.0,"max_hp_loss":0.0,"gold_gain":0.0,"event_name":"Colosseum","player_choice":"Fight","floor":30.0,"gold_loss":0.0,"damage_taken":0.0},{"damage_healed":0.0,"max_hp_gain":0.0,"max_hp_loss":0.0,"gold_gain":0.0,"event_name":"Colosseum","player_choice":"Fought Nobs","floor":30.0,"gold_loss":0.0,"damage_taken":0.0},{"damage_healed":0.0,"max_hp_gain":0.0,"max_hp_loss":0.0,"gold_gain":0.0,"event_name":"Cursed Tome","player_choice":"Ignored","floor":31.0,"gold_loss":0.0,"damage_taken":0.0},{"damage_healed":0.0,"max_hp_gain":0.0,"max_hp_loss":0.0,"gold_gain":0.0,"event_name":"Mysterious Sphere","player_choice":"Fight","floor":37.0,"gold_loss":0.0,"damage_taken":0.0},{"damage_healed":0.0,"max_hp_gain":0.0,"max_hp_loss":0.0,"gold_gain":0.0,"event_name":"Tomb of Lord Red Mask","player_choice":"Paid","floor":39.0,"gold_loss":21.0,"damage_taken":0.0,"relics_obtained":["Red Mask"]},{"damage_healed":0.0,"max_hp_gain":0.0,"max_hp_loss":0.0,"gold_gain":0.0,"event_name":"SecretPortal","player_choice":"Ignored","floor":41.0,"gold_loss":0.0,"damage_taken":0.0}],"is_beta":false,"boss_relics":[{"not_picked":["Astrolabe","Coffee Dripper"],"picked":"Nuclear Battery"},{"not_picked":["Cursed Key","Eternal Feather"],"picked":"Runic Dome"}],"items_purged_floors":[36],"is_endless":false,"potions_floor_spawned":[3,8,14,16,18,27,28,30,30,35,37,47,48],"killed_by":"The Heart","ascension_level":20}