{"gold_per_floor":[110,110,260,68,68,68,82,82,82,82,100,160,173,173],"floor_reached":14,"playtime":309,"items_purged":["Doubt"],"score":158,"play_id":"a8764969-f402-40ad-8975-2ef12563a703","local_time":"20190622135317","is_ascension_mode":true,"campfire_choices":[{"data":"Dagger Spray","floor":6,"key":"SMITH"},{"data":"Finisher","floor":10,"key":"SMITH"}],"neow_cost":"NONE","seed_source_timestamp":395189056811900,"circlet_count":0,"master_deck":["AscendersBane","Defend_G","Defend_G","Defend_G","Defend_G","Defend_G","Strike_G","Strike_G","Strike_G","Strike_G","Survivor","Neutralize+1","Backflip","Dagger Spray+1","Deflect","Finisher+1","Envenom","Dagger Throw","Flechettes"],"relics":["Ring of the Snake","Bronze Scales","The Specimen","Ninja Scroll"],"potions_floor_usage":[8],"damage_taken":[{"damage":1,"enemies":"Small Slimes","floor":1,"turns":3},{"damage":0,"enemies":"2 Louse","floor":7,"turns":2},{"damage":10,"enemies":"Lagavulin","floor":8,"turns":4},{"damage":0,"enemies":"Jaw Worm","floor":11,"turns":2},{"damage":36,"enemies":"Lagavulin Event","floor":12,"turns":6},{"damage":4,"enemies":"Blue Slaver","floor":13,"turns":4},{"damage":5,"enemies":"Exordium Thugs","floor":14,"turns":1}],"seed_played":"-820899010676026308","potions_obtained":[{"floor":1,"key":"SmokeBomb"}],"is_trial":false,"path_per_floor":["M","?","?","$","?","R","M","E","T","R","M","?","M","M"],"character_chosen":"THE_SILENT","items_purchased":["Dagger Spray","Deflect"],"campfire_rested":0,"item_purchase_floors":[4,4],"current_hp_per_floor":[58,51,51,51,51,51,51,41,41,41,41,5,1,0],"gold":173,"neow_bonus":"RANDOM_COMMON_RELIC","is_prod":false,"is_daily":false,"chose_seed":false,"campfire_upgraded":2,"win_rate":0,"timestamp":1561204397,"path_taken":["M","?","?","$","?","R","M","E","T","R","M","?","?","M"],"build_version":"2019-01-23","purchased_purges":1,"victory":false,"max_hp_per_floor":[66,66,66,66,66,66,66,66,66,66,66,66,66,66],"card_choices":[{"not_picked":["Expertise","Blade Dance"],"picked":"Backflip","floor":1},{"not_picked":["Cloak And Dagger","Bane"],"picked":"Finisher","floor":7},{"not_picked":["Acrobatics","Noxious Fumes"],"picked":"Envenom","floor":11},{"not_picked":["Dagger Spray","Predator"],"picked":"Dagger Throw","floor":12},{"not_picked":["Deadly Poison","Acrobatics"],"picked":"Flechettes","floor":13}],"player_experience":1438909,"relics_obtained":[{"floor":9,"key":"The Specimen"},{"floor":12,"key":"Ninja Scroll"}],"event_choices":[{"cards_removed":["Strike_G"],"damage_healed":0,"gold_gain":0,"player_choice":"Card Removal","damage_taken":7,"max_hp_gain":0,"max_hp_loss":0,"event_name":"Golden Wing","floor":2,"gold_loss":0},{"damage_healed":0,"gold_gain":150,"player_choice":"AGREE","damage_taken":0,"max_hp_gain":0,"max_hp_loss":0,"event_name":"Liars Game","floor":3,"gold_loss":0,"cards_obtained":["Doubt"]},{"damage_healed":0,"gold_gain":0,"player_choice":"Grow","damage_taken":0,"max_hp_gain":0,"max_hp_loss":0,"event_name":"Living Wall","floor":5,"gold_loss":0,"cards_upgraded":["Neutralize"]},{"damage_healed":0,"gold_gain":0,"player_choice":"Searched \u00271\u0027 times","damage_taken":0,"max_hp_gain":0,"max_hp_loss":0,"event_name":"Dead Adventurer","floor":12,"gold_loss":0}],"is_beta":false,"boss_relics":[],"items_purged_floors":[4],"is_endless":false,"potions_floor_spawned":[1,8],"killed_by":"Exordium Thugs","ascension_level":16}