{"gold_per_floor":[113,113,128,128,303,319,319,349,400,420,438,438,438,55,55,178,178,199,222,222,1,1,1,1],"floor_reached":24,"playtime":632,"items_purged":["Doubt","Writhe"],"score":310,"play_id":"96d8ec55-fcf0-4bd3-bf5a-0d9d04a1a681","local_time":"20190226162018","is_ascension_mode":true,"campfire_choices":[{"data":"Sunder","floor":7,"key":"SMITH"},{"data":"Streamline","floor":12,"key":"SMITH"},{"data":"Fusion","floor":15,"key":"SMITH"},{"floor":23,"key":"REST"}],"neow_cost":"NONE","seed_source_timestamp":563862961917400,"circlet_count":0,"master_deck":["AscendersBane","Strike_B","Strike_B","Strike_B+1","Defend_B","Defend_B","Defend_B","Defend_B","Zap+1","Dualcast","Leap","Streamline+1","Sunder+1","Self Repair","Conserve Battery","Leap","Injury","Defragment","Fusion+1","Seek","White Noise","Ball Lightning+1","Loop","Coolheaded"],"relics":["Cracked Core","NeowsBlessing","CultistMask","Lantern","Juzu Bracelet","Golden Idol","DataDisk","Nuclear Battery","Bag of Marbles"],"potions_floor_usage":[8,18,18,24],"damage_taken":[{"damage":0,"enemies":"Small Slimes","floor":1,"turns":1},{"damage":0,"enemies":"Cultist","floor":3,"turns":1},{"damage":0,"enemies":"Jaw Worm","floor":6,"turns":1},{"damage":12,"enemies":"Lagavulin","floor":8,"turns":5},{"damage":1,"enemies":"3 Louse","floor":10,"turns":2},{"damage":0,"enemies":"Looter","floor":11,"turns":4},{"damage":13,"enemies":"Slime Boss","floor":16,"turns":11},{"damage":13,"enemies":"Chosen","floor":18,"turns":6},{"damage":45,"enemies":"2 Thieves","floor":19,"turns":4},{"damage":52,"enemies":"Gremlin Leader","floor":24,"turns":6}],"seed_played":"-3030614021386303168","potions_obtained":[{"floor":6,"key":"GamblersBrew"},{"floor":8,"key":"Swift Potion"},{"floor":10,"key":"SpeedPotion"},{"floor":19,"key":"LiquidBronze"}],"is_trial":false,"path_per_floor":["M","?","M","?","?","M","R","E","T","M","M","R","?","$","R","B",null,"M","M","?","$","?","R","E"],"character_chosen":"DEFECT","items_purchased":["DataDisk","Defragment","Fusion","Loop","Coolheaded"],"campfire_rested":1,"item_purchase_floors":[14,14,14,21,21],"current_hp_per_floor":[68,68,68,53,53,53,53,41,41,40,47,47,47,47,47,41,67,61,23,23,23,23,45,0],"gold":1,"neow_bonus":"THREE_ENEMY_KILL","is_prod":false,"is_daily":false,"chose_seed":false,"campfire_upgraded":3,"win_rate":0,"timestamp":1551194418,"path_taken":["M","?","?","?","?","M","R","E","T","M","M","R","?","$","R","BOSS","M","M","?","$","?","R","E"],"build_version":"2019-01-23","purchased_purges":2,"victory":false,"max_hp_per_floor":[75,75,75,75,75,75,75,75,75,75,75,75,75,75,75,75,75,75,75,75,75,75,75,75],"card_choices":[{"not_picked":["Beam Cell","Sweeping Beam"],"picked":"Leap","floor":1},{"not_picked":["Coolheaded","Auto Shields"],"picked":"Streamline","floor":3},{"not_picked":["Compile Driver","Recycle"],"picked":"Sunder","floor":6},{"not_picked":["Barrage","Genetic Algorithm"],"picked":"Self Repair","floor":8},{"not_picked":["Cold Snap","Steam"],"picked":"Conserve Battery","floor":10},{"not_picked":["Rebound","Lockon"],"picked":"Leap","floor":11},{"not_picked":["Reboot","Thunder Strike"],"picked":"Seek","floor":16},{"not_picked":["Go for the Eyes","Barrage"],"picked":"White Noise","floor":18},{"not_picked":["Coolheaded","Auto Shields+1"],"picked":"Ball Lightning+1","floor":19}],"player_experience":862929,"relics_obtained":[{"floor":8,"key":"Lantern"},{"floor":9,"key":"Juzu Bracelet"}],"event_choices":[{"damage_healed":0,"gold_gain":0,"player_choice":"Trade","damage_taken":0,"relics_obtained":["CultistMask"],"max_hp_gain":0,"max_hp_loss":0,"event_name":"FaceTrader","floor":2,"gold_loss":0},{"damage_healed":0,"gold_gain":0,"player_choice":"Entered Light","damage_taken":15,"max_hp_gain":0,"max_hp_loss":0,"event_name":"Shining Light","floor":4,"gold_loss":0,"cards_upgraded":["Zap","Strike_B"]},{"damage_healed":0,"gold_gain":175,"player_choice":"AGREE","damage_taken":0,"max_hp_gain":0,"max_hp_loss":0,"event_name":"Liars Game","floor":5,"gold_loss":0,"cards_obtained":["Doubt"]},{"damage_healed":0,"gold_gain":0,"player_choice":"Take Wound","damage_taken":0,"relics_obtained":["Golden Idol"],"max_hp_gain":0,"max_hp_loss":0,"event_name":"Golden Idol","floor":13,"gold_loss":0,"cards_obtained":["Injury"]},{"damage_healed":0,"gold_gain":0,"player_choice":"Opened","damage_taken":0,"relics_obtained":["Bag of Marbles"],"max_hp_gain":0,"max_hp_loss":0,"event_name":"The Mausoleum","floor":20,"gold_loss":0,"cards_obtained":["Writhe"]},{"cards_removed":["Strike_B"],"damage_healed":0,"gold_gain":0,"player_choice":"Offered Basic","damage_taken":0,"max_hp_gain":0,"max_hp_loss":0,"event_name":"Bonfire Elementals","floor":22,"gold_loss":0}],"is_beta":false,"boss_relics":[{"not_picked":["Snecko Eye","Ectoplasm"],"picked":"Nuclear Battery"}],"items_purged_floors":[14,21],"is_endless":false,"potions_floor_spawned":[6,8,10,19],"killed_by":"Gremlin Leader","ascension_level":12}