{"gold_per_floor":[119,394,412,183,200,200,100,100,100,62,74,86,20,39,39,139,139,155,138,13,28,28],"floor_reached":22,"playtime":929,"items_purged":["Regret","Strike_G","Normality"],"score":174,"play_id":"5eb209ec-55b3-4e6d-be37-805dd5a35aed","local_time":"20190608191937","is_ascension_mode":false,"campfire_choices":[{"data":"Distraction","floor":6,"key":"SMITH"},{"data":"Deadly Poison","floor":11,"key":"SMITH"},{"data":"Noxious Fumes","floor":15,"key":"SMITH"}],"neow_cost":"NONE","seed_source_timestamp":1303234360085938,"circlet_count":0,"master_deck":["Defend_G","Defend_G","Defend_G","Defend_G","Defend_G","Strike_G","Strike_G","Survivor","Neutralize","Poisoned Stab","Distraction+1","Deadly Poison+1","Noxious Fumes+1","Venomology","Writhe","Clumsy","Deadly Poison","Bane","Poisoned Stab+1"],"relics":["Ring of the Snake","NeowsBlessing","Bag of Preparation","Paper Crane","MawBank","Calling Bell","Tough Bandages","Question Card","Bag of Marbles"],"potions_floor_usage":[19,19,19,22,22,22,22],"damage_taken":[{"damage":0,"enemies":"Jaw Worm","floor":1,"turns":1},{"damage":0,"enemies":"Cultist","floor":3,"turns":1},{"damage":0,"enemies":"Small Slimes","floor":5,"turns":1},{"damage":1,"enemies":"3 Louse","floor":14,"turns":3},{"damage":41,"enemies":"Slime Boss","floor":16,"turns":10},{"damage":14,"enemies":"Spheric Guardian","floor":18,"turns":4},{"damage":6,"enemies":"2 Thieves","floor":19,"turns":4},{"damage":27,"enemies":"Snecko","floor":21,"turns":6},{"damage":23,"enemies":"Chosen and Byrds","floor":22,"turns":4}],"seed_played":"2575727782787130502","potions_obtained":[{"floor":3,"key":"Energy Potion"},{"floor":16,"key":"AttackPotion"},{"floor":19,"key":"SpeedPotion"}],"is_trial":false,"path_per_floor":["M","?","M","$","M","R","$","?","T","?","R","?","$","M","R","B",null,"M","M","$","M","M"],"character_chosen":"THE_SILENT","items_purchased":["Bag of Preparation","Noxious Fumes"],"campfire_rested":0,"item_purchase_floors":[4,13],"current_hp_per_floor":[70,70,70,70,70,70,70,67,67,67,67,67,67,66,66,25,70,56,50,50,23,0],"gold":28,"neow_bonus":"THREE_ENEMY_KILL","is_prod":false,"is_daily":false,"chose_seed":false,"campfire_upgraded":3,"win_rate":0,"timestamp":1560035977,"path_taken":["M","?","?","$","M","R","?","?","T","?","R","?","?","M","R","BOSS","M","M","$","M","M"],"build_version":"2019-01-23","purchased_purges":3,"victory":false,"max_hp_per_floor":[70,70,70,70,70,70,70,70,70,70,70,70,70,70,70,70,70,70,70,70,70,70],"card_choices":[{"not_picked":["Cloak And Dagger","Flying Knee"],"picked":"Poisoned Stab","floor":1},{"not_picked":["Calculated Gamble","Prepared"],"picked":"Distraction","floor":3},{"not_picked":["Backstab","Skewer"],"picked":"Deadly Poison","floor":5},{"not_picked":["Distraction","Dagger Spray","PiercingWail"],"picked":"SKIP","floor":14},{"not_picked":["Doppelganger","Bullet Time"],"picked":"Venomology","floor":16},{"not_picked":["Skewer","Finisher","Poisoned Stab"],"picked":"Deadly Poison","floor":18},{"not_picked":["Dagger Throw+1","Blur","Acrobatics"],"picked":"Bane","floor":19},{"not_picked":["Phantasmal Killer","Backflip","PiercingWail+1"],"picked":"Poisoned Stab+1","floor":21}],"player_experience":162963,"relics_obtained":[{"floor":9,"key":"MawBank"},{"floor":17,"key":"Tough Bandages"},{"floor":17,"key":"Question Card"},{"floor":17,"key":"Bag of Marbles"}],"event_choices":[{"damage_healed":0,"gold_gain":275,"player_choice":"Desecrate","damage_taken":0,"max_hp_gain":0,"max_hp_loss":0,"event_name":"Golden Shrine","floor":2,"gold_loss":0,"cards_obtained":["Regret"]},{"damage_healed":0,"gold_gain":0,"player_choice":"Success","damage_taken":3,"relics_obtained":["Paper Crane"],"max_hp_gain":0,"max_hp_loss":0,"event_name":"Scrap Ooze","floor":8,"gold_loss":0},{"cards_removed":["Strike_G"],"damage_healed":0,"gold_gain":0,"player_choice":"Card Removal","damage_taken":0,"max_hp_gain":0,"max_hp_loss":0,"event_name":"The Cleric","floor":10,"gold_loss":50},{"cards_removed":["Strike_G"],"damage_healed":0,"gold_gain":0,"player_choice":"Forget","damage_taken":0,"max_hp_gain":0,"max_hp_loss":0,"event_name":"Living Wall","floor":12,"gold_loss":0}],"is_beta":false,"boss_relics":[{"not_picked":["Ring of the Serpent","Astrolabe"],"picked":"Calling Bell"}],"items_purged_floors":[4,7,20],"is_endless":false,"potions_floor_spawned":[3,16,19],"killed_by":"Chosen and Byrds","ascension_level":0}