{"gold_per_floor":[112,2,22,33,33,33,68,68,68,91,125,138,138,174,174,174],"floor_reached":16,"playtime":423,"items_purged":["Strike_B"],"score":193,"play_id":"da748ef3-64a8-4413-8bbe-ab31d1043f58","local_time":"20190520024021","is_ascension_mode":true,"campfire_choices":[{"data":"Sunder","floor":6,"key":"SMITH"},{"data":"Zap","floor":8,"key":"SMITH"},{"data":"Fusion","floor":13,"key":"SMITH"},{"floor":15,"key":"REST"}],"neow_cost":"NONE","seed_source_timestamp":531015841515000,"circlet_count":0,"master_deck":["AscendersBane","Strike_B+1","Strike_B","Strike_B+1","Defend_B","Defend_B","Defend_B+1","Defend_B","Zap+1","Dualcast+1","Auto Shields","Defragment","Compile Driver","Sunder+1","Injury","Coolheaded","Ball Lightning","Fusion+1","Conserve Battery"],"relics":["Cracked Core","Whetstone","Golden Idol","Bottled Flame","War Paint","Calipers","Odd Mushroom"],"potions_floor_usage":[7,11,11,16],"damage_taken":[{"damage":7,"enemies":"2 Louse","floor":1,"turns":2},{"damage":0,"enemies":"Small Slimes","floor":3,"turns":3},{"damage":1,"enemies":"Cultist","floor":4,"turns":4},{"damage":5,"enemies":"Gremlin Nob","floor":7,"turns":4},{"damage":0,"enemies":"Large Slime","floor":10,"turns":3},{"damage":20,"enemies":"Lagavulin","floor":11,"turns":4},{"damage":6,"enemies":"Lots of Slimes","floor":12,"turns":4},{"damage":14,"enemies":"The Mushroom Lair","floor":14,"turns":4},{"damage":45,"enemies":"Slime Boss","floor":16,"turns":6}],"seed_played":"1096488186597173915","potions_obtained":[{"floor":1,"key":"Block Potion"},{"floor":3,"key":"Strength Potion"},{"floor":10,"key":"Block Potion"},{"floor":14,"key":"Dexterity Potion"}],"is_trial":false,"path_per_floor":["M","$","M","M","?","R","E","R","T","M","E","M","R","?","R","B"],"character_chosen":"DEFECT","items_purchased":["Defragment"],"campfire_rested":1,"item_purchase_floors":[2],"current_hp_per_floor":[57,57,57,56,56,56,51,51,51,51,31,25,25,11,32,0],"gold":174,"neow_bonus":"RANDOM_COMMON_RELIC","is_prod":false,"is_daily":false,"chose_seed":false,"campfire_upgraded":3,"win_rate":0,"timestamp":1558312821,"path_taken":["M","$","M","M","?","R","E","R","T","M","E","M","R","?","R","BOSS"],"build_version":"2019-01-23","purchased_purges":1,"victory":false,"max_hp_per_floor":[71,71,71,71,71,71,71,71,71,71,71,71,71,71,71,71],"card_choices":[{"not_picked":["Hello World","Hologram"],"picked":"Auto Shields","floor":1},{"not_picked":["Stack","Rebound"],"picked":"Compile Driver","floor":3},{"not_picked":["Redo","Gash"],"picked":"Sunder","floor":4},{"not_picked":["Streamline","Multi-Cast"],"picked":"Coolheaded","floor":7},{"not_picked":["Cold Snap","Scrape"],"picked":"Ball Lightning","floor":10},{"not_picked":["Cold Snap","Static Discharge"],"picked":"Fusion","floor":11},{"not_picked":["FTL","Compile Driver"],"picked":"Conserve Battery","floor":12}],"player_experience":1165884,"relics_obtained":[{"floor":7,"key":"Bottled Flame"},{"floor":9,"key":"War Paint"},{"floor":11,"key":"Calipers"},{"floor":14,"key":"Odd Mushroom"}],"event_choices":[{"damage_healed":0,"gold_gain":0,"player_choice":"Take Wound","damage_taken":0,"relics_obtained":["Golden Idol"],"max_hp_gain":0,"max_hp_loss":0,"event_name":"Golden Idol","floor":5,"gold_loss":0,"cards_obtained":["Injury"]},{"damage_healed":0,"gold_gain":0,"player_choice":"Fought Mushrooms","damage_taken":0,"max_hp_gain":0,"max_hp_loss":0,"event_name":"Mushrooms","floor":14,"gold_loss":0}],"is_beta":false,"boss_relics":[],"items_purged_floors":[2],"is_endless":false,"potions_floor_spawned":[1,3,10,14],"killed_by":"Slime Boss","ascension_level":15}