{"path_per_floor":["M","M","M","?","$","?","E","$","T","R","M","$","R","M","R","B",null,"M","?","?","$","M","E","M","E","T","?","R","M","M","E","R","B",null,"M","$","?","M","?","R","?","E","T","M","M","R","M","M","R","B"],"character_chosen":"IRONCLAD","items_purchased":["Evolve","Mind Blast","Omamori","Thread and Needle","Finesse"],"gold_per_floor":[109,126,145,395,0,0,27,27,27,27,43,43,43,58,58,155,155,173,353,353,57,70,105,119,153,153,68,68,85,105,139,139,239,239,253,58,58,72,72,72,72,100,100,114,131,131,149,159,159,159],"floor_reached":51,"campfire_rested":1,"playtime":2654,"item_purchase_floors":[5,5,5,21,36],"current_hp_per_floor":[80,80,80,80,80,85,77,77,77,77,78,78,78,84,84,25,85,77,53,53,53,57,53,34,26,26,26,26,30,36,26,51,54,85,85,85,85,85,85,85,85,85,85,85,85,85,85,73,73,77],"items_purged":["Regret","Strike_R"],"gold":159,"score":812,"play_id":"ce886b15-1008-42f4-9b29-0f8697265508","local_time":"20180616144248","is_prod":false,"is_daily":false,"chose_seed":false,"is_ascension_mode":false,"campfire_upgraded":7,"win_rate":0,"timestamp":1529156568,"campfire_choices":[{"data":"Mind Blast","floor":10,"key":"SMITH"},{"data":"Juggernaut","floor":13,"key":"SMITH"},{"data":"Body Slam","floor":15,"key":"SMITH"},{"data":"Armaments","floor":28,"key":"SMITH"},{"floor":32,"key":"REST"},{"data":"Barricade","floor":40,"key":"SMITH"},{"data":"Rage","floor":46,"key":"SMITH"},{"data":"Bash","floor":49,"key":"SMITH"}],"path_taken":["M","M","M","?","$","?","E","?","T","R","M","$","R","M","R","BOSS","M","?","?","$","M","E","M","E","T","?","R","M","M","E","R","BOSS","M","$","?","M","?","R","?","E","T","M","M","R","M","M","R","BOSS"],"build_version":"2018-06-14v2","seed_source_timestamp":158168488539087,"purchased_purges":2,"victory":true,"master_deck":["Strike_R","Strike_R","Strike_R","Defend_R","Defend_R","Defend_R","Defend_R","Bash+1","Clothesline","Body Slam+1","Wild Strike","Evolve","Mind Blast+1","Power Through","Juggernaut+1","Barricade+1","Shrug It Off","Rage+1","Armaments+1","Finesse","Mind Blast+1","Power Through+1","Metallicize+1"],"max_hp_per_floor":[80,80,80,80,80,85,85,85,85,85,85,85,85,85,85,85,85,85,85,85,85,85,85,85,85,85,85,85,85,85,85,85,85,85,85,85,85,85,85,85,85,85,85,85,85,85,85,85,85,85],"relics":["Burning Blood","Anchor","Omamori","Dodecahedron","Question Card","Sozu","Thread and Needle","Oddly Smooth Stone","Dream Catcher","Mercury Hourglass","Self Forming Clay","Mark of Pain","Red Skull","Blue Candle","Lantern"],"card_choices":[{"not_picked":["Twin Strike","Dropkick"],"picked":"Clothesline","floor":1},{"not_picked":["Sword Boomerang","Dual Wield"],"picked":"Body Slam","floor":2},{"not_picked":["Power Through","Havoc"],"picked":"Wild Strike","floor":3},{"not_picked":["Clash","Sword Boomerang"],"picked":"Power Through","floor":7},{"not_picked":["Iron Wave","Armaments","Shrug It Off"],"picked":"Juggernaut","floor":11},{"not_picked":["Twin Strike","Flex","Sever Soul","Blood for Blood"],"picked":"SKIP","floor":14},{"not_picked":["Berserk","Impervious","Dark Embrace"],"picked":"Barricade","floor":16},{"not_picked":["Dual Wield","Seeing Red+1","Thunderclap+1"],"picked":"Shrug It Off","floor":18},{"not_picked":["Feel No Pain+1","Ghostly Armor","Pommel Strike"],"picked":"Rage","floor":22},{"not_picked":["Rage","Heavy Blade","Dual Wield+1","Limit Break"],"picked":"SKIP","floor":23},{"not_picked":["Evolve","Clash","Cleave"],"picked":"Armaments","floor":24},{"not_picked":["Armaments","Ghostly Armor","Reaper","Rampage"],"picked":"SKIP","floor":25},{"not_picked":["Hemokinesis","Carnage","Thunderclap","Twin Strike"],"picked":"SKIP","floor":29},{"not_picked":["Cleave","Shrug It Off","Twin Strike","Headbutt+1"],"picked":"SKIP","floor":30},{"not_picked":["Havoc+1","Warcry","Pummel","Fire Breathing"],"picked":"SKIP","floor":31},{"not_picked":["Pommel Strike+1","Dropkick","Anger+1","Flex"],"picked":"SKIP","floor":35},{"not_picked":["Wild Strike+1","Anger","Ghostly Armor+1","Heavy Blade"],"picked":"SKIP","floor":38},{"not_picked":["Wild Strike+1","Anger","Ghostly Armor+1","Heavy Blade"],"picked":"SKIP","floor":38},{"not_picked":["Spot Weakness","Warcry","Cleave"],"picked":"Power Through+1","floor":42},{"not_picked":["Fire Breathing","Sentinel","Cleave","Shockwave"],"picked":"SKIP","floor":44},{"not_picked":["Iron Wave","Armaments","Pummel","Feel No Pain"],"picked":"SKIP","floor":45},{"not_picked":["Impervious","Perfected Strike+1","Sword Boomerang+1"],"picked":"Metallicize+1","floor":47},{"not_picked":["Hemokinesis+1","Thunderclap+1","Warcry+1","Fire Breathing+1"],"picked":"SKIP","floor":48}],"player_experience":446520,"potions_floor_usage":[16,16],"damage_taken":[{"damage":2,"enemies":"Small Slimes","floor":1,"turns":3},{"damage":0,"enemies":"Cultist","floor":2,"turns":3},{"damage":0,"enemies":"Jaw Worm","floor":3,"turns":3},{"damage":14,"enemies":"Gremlin Nob","floor":7,"turns":4},{"damage":5,"enemies":"Large Slime","floor":11,"turns":8},{"damage":0,"enemies":"2 Fungi Beasts","floor":14,"turns":3},{"damage":65,"enemies":"Hexaghost","floor":16,"turns":9},{"damage":14,"enemies":"Shell Parasite","floor":18,"turns":6},{"damage":2,"enemies":"2 Thieves","floor":22,"turns":4},{"damage":10,"enemies":"Gremlin Leader","floor":23,"turns":10},{"damage":25,"enemies":"Snake Plant","floor":24,"turns":5},{"damage":14,"enemies":"Slavers","floor":25,"turns":7},{"damage":2,"enemies":"Centurion and Healer","floor":29,"turns":5},{"damage":0,"enemies":"Snecko","floor":30,"turns":4},{"damage":16,"enemies":"Gremlin Leader","floor":31,"turns":7},{"damage":3,"enemies":"Champ","floor":33,"turns":10},{"damage":5,"enemies":"3 Darklings","floor":35,"turns":6},{"damage":5,"enemies":"3 Shapes","floor":38,"turns":3},{"damage":0,"floor":41,"turns":5},{"damage":0,"enemies":"Giant Head","floor":42,"turns":9},{"damage":0,"enemies":"3 Darklings","floor":44,"turns":6},{"damage":5,"enemies":"Sphere and 2 Shapes","floor":45,"turns":6},{"damage":0,"enemies":"Maw","floor":47,"turns":7},{"damage":18,"enemies":"3 Darklings","floor":48,"turns":5},{"damage":2,"enemies":"Time Eater","floor":50,"turns":11}],"relics_obtained":[{"floor":7,"key":"Dodecahedron"},{"floor":9,"key":"Question Card"},{"floor":25,"key":"Oddly Smooth Stone"},{"floor":26,"key":"Dream Catcher"},{"floor":31,"key":"Self Forming Clay"},{"floor":41,"key":"Red Skull"},{"floor":42,"key":"Blue Candle"},{"floor":43,"key":"Lantern"}],"event_choices":[{"event_name":"Golden Shrine","player_choice":"Desecrate","floor":4,"damage_taken":0},{"event_name":"Big Fish","player_choice":"Donut","floor":6,"damage_taken":0},{"event_name":"Knowing Skull","player_choice":"GOLD GOLD ","floor":19,"damage_taken":0},{"event_name":"Purifier","player_choice":"One Purge","floor":20,"damage_taken":0},{"event_name":"Addict","player_choice":"Obtained Relic","floor":27,"damage_taken":0},{"event_name":"Winding Halls","player_choice":"Writhe","floor":37,"damage_taken":0},{"event_name":"Duplicator","player_choice":"One dupe","floor":39,"damage_taken":0},{"event_name":"MindBloom","player_choice":"Fight","floor":41,"damage_taken":0}],"boss_relics":[{"not_picked":["Pandora\u0027s Box","Orrery"],"picked":"Sozu"},{"not_picked":["Fusion Hammer","Astrolabe"],"picked":"Mark of Pain"}],"items_purged_floors":[5,36],"is_endless":false,"potions_floor_spawned":[3,11,18,24,29,31,41,42,44,47],"seed_played":"6915699258558496716","ascension_level":0,"potions_obtained":[{"floor":3,"key":"LiquidBronze"},{"floor":11,"key":"Swift Potion"}],"is_trial":false}