{"gold_per_floor":[14,24,37,52,70,70,86,86,86,116,129,129,140,168,168,247,247,260,272,272,291,31,31,49,49,103,116,48,48,63,93,93,172,172,190,9,29,29,46,46,57,57,57,57,73,88,88,103,103,103],"floor_reached":51,"playtime":3890,"items_purged":["Strike_G","Strike_G"],"score":1260,"play_id":"ba3867e1-13f2-4b0a-a21f-35526ed1e865","local_time":"20191002190745","is_ascension_mode":true,"campfire_choices":[{"data":"Skewer","floor":6.0,"key":"SMITH"},{"data":"Neutralize","floor":8.0,"key":"SMITH"},{"data":"Dagger Spray","floor":12.0,"key":"SMITH"},{"data":"1","floor":15.0,"key":"LIFT"},{"data":"Malaise","floor":23.0,"key":"SMITH"},{"data":"Outmaneuver","floor":25.0,"key":"SMITH"},{"data":"Footwork","floor":29.0,"key":"SMITH"},{"data":"Acrobatics","floor":32.0,"key":"SMITH"},{"data":"Footwork","floor":40,"key":"SMITH"},{"data":"Catalyst","floor":47,"key":"SMITH"},{"data":"Footwork","floor":49,"key":"SMITH"}],"neow_cost":"NO_GOLD","seed_source_timestamp":0,"circlet_count":0,"master_deck":["AscendersBane","Defend_G","Defend_G","Defend_G","Defend_G","Defend_G","Survivor","Neutralize+1","Dash","Backflip","Backflip","Well Laid Plans","Skewer+1","Dagger Spray+1","Outmaneuver+1","Adrenaline","Backstab","Escape Plan","Acrobatics","Blur","Ghostly","Ghostly","Ghostly","Ghostly","Ghostly","Malaise+1","Calculated Gamble","Acrobatics+1","Footwork+1","Footwork+1","Noxious Fumes+1","Tools of the Trade","Footwork+1","Catalyst+1","Terror","Dodge and Roll+1","Catalyst+1","Dodge and Roll+1","Catalyst"],"special_seed":0,"relics":["Ring of the Snake","Girya","Bag of Preparation","Incense Burner","Orrery","PreservedInsect","Prayer Wheel","Cursed Key"],"potions_floor_usage":[50,50],"damage_taken":[{"damage":0.0,"enemies":"Cultist","floor":1.0,"turns":6.0},{"damage":0.0,"enemies":"Small Slimes","floor":2.0,"turns":3.0},{"damage":0.0,"enemies":"2 Louse","floor":3.0,"turns":3.0},{"damage":0.0,"enemies":"Blue Slaver","floor":4.0,"turns":6.0},{"damage":6.0,"enemies":"Exordium Wildlife","floor":5.0,"turns":8.0},{"damage":1.0,"enemies":"Exordium Thugs","floor":7.0,"turns":6.0},{"damage":4.0,"enemies":"3 Sentries","floor":10.0,"turns":13.0},{"damage":1.0,"enemies":"Looter","floor":11.0,"turns":2.0},{"damage":0.0,"enemies":"2 Fungi Beasts","floor":13.0,"turns":2.0},{"damage":9.0,"enemies":"Lagavulin","floor":14.0,"turns":8.0},{"damage":7.0,"enemies":"The Guardian","floor":16.0,"turns":12.0},{"damage":1.0,"enemies":"Shell Parasite","floor":18.0,"turns":5.0},{"damage":0.0,"enemies":"Spheric Guardian","floor":19.0,"turns":3.0},{"damage":2.0,"enemies":"Chosen and Byrds","floor":21.0,"turns":8.0},{"damage":0.0,"enemies":"Centurion and Healer","floor":24.0,"turns":10.0},{"damage":4.0,"enemies":"Snake Plant","floor":27.0,"turns":8.0},{"damage":3.0,"enemies":"Sentry and Sphere","floor":30.0,"turns":7.0},{"damage":0.0,"enemies":"Book of Stabbing","floor":31.0,"turns":7.0},{"damage":6.0,"enemies":"Automaton","floor":33.0,"turns":18.0},{"damage":5.0,"enemies":"3 Darklings","floor":35.0,"turns":7.0},{"damage":0,"enemies":"Orb Walker","floor":37,"turns":6},{"damage":0,"enemies":"Writhing Mass","floor":39,"turns":14},{"damage":0,"enemies":"Maw","floor":41,"turns":10},{"damage":1,"enemies":"3 Darklings","floor":45,"turns":7},{"damage":0,"enemies":"Transient","floor":46,"turns":5},{"damage":0,"enemies":"Maw","floor":48,"turns":9},{"damage":0,"enemies":"Time Eater","floor":50,"turns":21}],"seed_played":"5317989676397337523","potions_obtained":[{"floor":1.0,"key":"Energy Potion"},{"floor":4.0,"key":"Regen Potion"},{"floor":10.0,"key":"EssenceOfSteel"},{"floor":11.0,"key":"PowerPotion"},{"floor":27.0,"key":"Energy Potion"},{"floor":30.0,"key":"PowerPotion"},{"floor":35.0,"key":"GhostInAJar"}],"is_trial":false,"path_per_floor":["M","M","M","M","M","R","M","R","T","E","M","R","M","E","R","B",null,"M","M","?","M","$","R","M","R","T","M","$","R","M","E","R","B",null,"M","$","M","?","M","R","M","?","T","$","M","M","R","M","R","B",null],"character_chosen":"THE_SILENT","items_purchased":["Malaise","Calculated Gamble","Footwork","Footwork"],"campfire_rested":0,"item_purchase_floors":[22,22,28,36],"current_hp_per_floor":[59,59,59,59,53,53,66,66,66,62,61,61,61,52,52,45,61,60,60,33,31,31,31,31,31,31,27,27,27,24,24,24,18,29,24,24,24,24,24,24,24,24,24,24,23,23,23,23,23,23],"gold":103,"neow_bonus":"REMOVE_TWO","is_prod":false,"is_daily":false,"chose_seed":false,"campfire_upgraded":10,"win_rate":0,"timestamp":1570068465,"path_taken":["M","M","M","?","M","R","M","R","T","E","M","R","M","E","R","BOSS","M","M","?","M","$","R","M","R","T","M","$","R","M","E","R","BOSS","M","$","M","?","M","R","M","?","T","$","?","M","R","M","R","BOSS"],"build_version":"2019-07-17","purchased_purges":2,"victory":true,"max_hp_per_floor":[66,66,66,66,66,66,66,66,66,66,66,66,66,66,66,66,66,66,66,33,33,33,33,33,33,33,33,33,33,33,33,33,33,33,33,33,33,33,33,33,33,33,33,33,33,33,33,33,33,33],"card_choices":[{"not_picked":["Masterful Stab","Dagger Throw"],"picked":"Dash","floor":1.0},{"not_picked":["Acrobatics","All Out Attack"],"picked":"Backflip","floor":2.0},{"not_picked":["Poisoned Stab","Eviscerate"],"picked":"Backflip","floor":3.0},{"not_picked":["Quick Slash","Underhanded Strike"],"picked":"Well Laid Plans","floor":4.0},{"not_picked":["Caltrops","Escape Plan"],"picked":"Skewer","floor":5.0},{"not_picked":["Underhanded Strike","Masterful Stab","Dodge and Roll"],"picked":"SKIP","floor":7.0},{"not_picked":["Deflect","Caltrops"],"picked":"Dagger Spray","floor":10.0},{"not_picked":["Crippling Poison","Dagger Throw","Tactician"],"picked":"SKIP","floor":11.0},{"not_picked":["Predator","Riddle With Holes"],"picked":"Outmaneuver","floor":13.0},{"not_picked":["Corpse Explosion","Predator","Deadly Poison"],"picked":"SKIP","floor":14.0},{"not_picked":["Wraith Form v2","Night Terror"],"picked":"Adrenaline","floor":16.0},{"not_picked":["Riddle With Holes","Dodge and Roll"],"picked":"Backstab","floor":17.0},{"not_picked":["Quick Slash","Dodge and Roll"],"picked":"Escape Plan","floor":17.0},{"not_picked":["Tactician","Dodge and Roll"],"picked":"Acrobatics","floor":17.0},{"not_picked":["Dodge and Roll","Slice"],"picked":"Blur","floor":18.0},{"not_picked":["Deflect","PiercingWail","Cloak And Dagger+1"],"picked":"SKIP","floor":19.0},{"not_picked":["PiercingWail","Skewer","Expertise"],"picked":"SKIP","floor":21.0},{"not_picked":["Deflect","Sucker Punch+1"],"picked":"Acrobatics","floor":24.0},{"not_picked":["Sucker Punch","Bane","Deadly Poison"],"picked":"SKIP","floor":27.0},{"not_picked":["Skewer","Bane"],"picked":"Footwork","floor":30.0},{"not_picked":["Poisoned Stab","Backstab+1"],"picked":"Noxious Fumes+1","floor":31.0},{"not_picked":["Corpse Explosion","Wraith Form v2"],"picked":"Tools of the Trade","floor":33.0},{"not_picked":["Prepared","Dodge and Roll","Cloak And Dagger"],"picked":"SKIP","floor":35.0},{"not_picked":["Eviscerate","Predator","Well Laid Plans"],"picked":"SKIP","floor":35.0},{"not_picked":["Blade Dance","Dash"],"picked":"Catalyst+1","floor":37},{"not_picked":["Distraction","Infinite Blades","Acrobatics"],"picked":"SKIP","floor":37},{"not_picked":["Bane","Deflect"],"picked":"Terror","floor":39},{"not_picked":["Choke+1","All Out Attack","Quick Slash"],"picked":"SKIP","floor":39},{"not_picked":["Endless Agony","Bouncing Flask"],"picked":"Dodge and Roll+1","floor":41},{"not_picked":["Dagger Throw","Acrobatics","Tactician"],"picked":"SKIP","floor":41},{"not_picked":["Quick Slash","All Out Attack"],"picked":"Catalyst","floor":45},{"not_picked":["Deadly Poison","Setup"],"picked":"Dodge and Roll+1","floor":45},{"not_picked":["Outmaneuver","Acrobatics+1","Bane"],"picked":"SKIP","floor":46},{"not_picked":["Endless Agony","Night Terror","Escape Plan"],"picked":"SKIP","floor":46},{"not_picked":["Terror+1","Poisoned Stab"],"picked":"Catalyst","floor":48},{"not_picked":["Deadly Poison","Bane+1","Flying Knee+1"],"picked":"SKIP","floor":48}],"player_experience":293418,"relics_obtained":[{"floor":9.0,"key":"Girya"},{"floor":10.0,"key":"Bag of Preparation"},{"floor":14.0,"key":"Incense Burner"},{"floor":26.0,"key":"PreservedInsect"},{"floor":31.0,"key":"Prayer Wheel"}],"event_choices":[{"damage_healed":0.0,"max_hp_gain":0.0,"max_hp_loss":33.0,"gold_gain":0.0,"event_name":"Ghosts","player_choice":"Became a Ghost","floor":20.0,"gold_loss":0.0,"damage_taken":0.0,"cards_obtained":["Ghostly","Ghostly","Ghostly","Ghostly","Ghostly"]},{"damage_healed":0,"gold_gain":0,"player_choice":"Memory 1","damage_taken":0,"max_hp_gain":0,"max_hp_loss":0,"event_name":"SensoryStone","floor":38,"gold_loss":0},{"cards_removed":["Strike_G"],"damage_healed":0,"gold_gain":0,"player_choice":"Removed Attack","damage_taken":0,"max_hp_gain":0,"max_hp_loss":0,"event_name":"Falling","floor":42,"gold_loss":0}],"is_beta":false,"boss_relics":[{"not_picked":["WristBlade","Fusion Hammer"],"picked":"Orrery"},{"not_picked":["Busted Crown","Tiny House"],"picked":"Cursed Key"}],"items_purged_floors":[22,36],"is_endless":false,"potions_floor_spawned":[1,4,10,11,14,19,24,27,30,35,39,41,46,48],"ascension_level":14}