{"gold_per_floor":[115,115,134,144,144,144,154,188,234,252,89,114,114,131,131,207,207,224,224,234,251,267,267,281,281,281,281,281,140,154,154,154,154],"floor_reached":33,"playtime":2121,"items_purged":["Strike_G","Writhe"],"score":511,"play_id":"f32b445b-3277-4b22-8c76-e944f4377ba0","local_time":"20190611113913","is_ascension_mode":true,"campfire_choices":[{"data":"Neutralize","floor":6,"key":"SMITH"},{"floor":13,"key":"REST"},{"data":"Burst","floor":15,"key":"SMITH"},{"floor":23,"key":"REST"},{"data":"Catalyst","floor":25,"key":"SMITH"},{"floor":32,"key":"REST"}],"neow_cost":"CURSE","seed_source_timestamp":42149567959400,"circlet_count":0,"master_deck":["AscendersBane","Defend_G","Defend_G","Defend_G","Defend_G","Defend_G","Strike_G","Strike_G","Strike_G","Strike_G","Survivor","Neutralize+1","Dodge and Roll","Footwork","Flechettes","Deflect","Flying Knee","Backflip","Leg Sweep","Burst+1","Catalyst+1","Tools of the Trade","Acrobatics","Deadly Poison+1","Acrobatics+1","Backstab","Glass Knife","RitualDagger","Caltrops","Tactician"],"relics":["Ring of the Snake","Incense Burner","Paper Crane","Oddly Smooth Stone","Orichalcum","Tingsha","Sozu","Bottled Lightning","Snake Skull","Pantograph"],"potions_floor_usage":[7,12,12,16],"damage_taken":[{"damage":1,"enemies":"Small Slimes","floor":1,"turns":5},{"damage":0,"enemies":"2 Louse","floor":3,"turns":2},{"damage":0,"enemies":"Cultist","floor":4,"turns":4},{"damage":16,"enemies":"Exordium Wildlife","floor":7,"turns":9},{"damage":17,"enemies":"Gremlin Nob","floor":8,"turns":7},{"damage":0,"enemies":"2 Fungi Beasts","floor":10,"turns":5},{"damage":0,"enemies":"Lagavulin","floor":12,"turns":17},{"damage":0,"enemies":"Blue Slaver","floor":14,"turns":5},{"damage":28,"enemies":"The Guardian","floor":16,"turns":30},{"damage":17,"enemies":"Chosen","floor":18,"turns":11},{"damage":6,"enemies":"Spheric Guardian","floor":20,"turns":8},{"damage":12,"enemies":"3 Cultists","floor":21,"turns":8},{"damage":2,"enemies":"Centurion and Healer","floor":22,"turns":6},{"damage":0,"enemies":"Snecko","floor":24,"turns":6},{"damage":8,"enemies":"Snake Plant","floor":30,"turns":3},{"damage":84,"enemies":"Champ","floor":33,"turns":17}],"seed_played":"-6409868089263715533","potions_obtained":[{"floor":4,"key":"Regen Potion"},{"floor":7,"key":"Dexterity Potion"},{"floor":12,"key":"Fruit Juice"},{"floor":14,"key":"Explosive Potion"}],"is_trial":false,"path_per_floor":["M","?","M","M","?","R","M","E","T","M","$","E","R","M","R","B",null,"M","?","M","M","M","R","M","R","T","?","?","$","M","T","R","B"],"character_chosen":"THE_SILENT","items_purchased":["Leg Sweep","Caltrops"],"campfire_rested":3,"item_purchase_floors":[11,29],"current_hp_per_floor":[58,51,51,51,25,25,24,7,7,7,7,12,33,33,33,5,55,38,38,32,20,18,39,39,39,39,33,33,33,25,25,46,0],"gold":154,"neow_bonus":"ONE_RARE_RELIC","is_prod":false,"is_daily":false,"chose_seed":false,"campfire_upgraded":3,"win_rate":0,"timestamp":1560245953,"path_taken":["M","?","M","M","?","R","M","E","T","M","$","E","R","M","R","BOSS","M","?","M","?","M","R","M","R","T","?","?","$","M","?","R","BOSS"],"build_version":"2019-01-23","purchased_purges":2,"victory":false,"max_hp_per_floor":[66,66,66,66,66,66,66,66,66,66,66,71,71,71,71,71,71,71,71,71,71,71,71,71,71,71,71,71,71,71,71,71,71],"card_choices":[{"not_picked":["Prepared","Slice"],"picked":"Dodge and Roll","floor":1},{"not_picked":["Accuracy","Dagger Throw"],"picked":"Footwork","floor":3},{"not_picked":["Bane","Slice"],"picked":"Flechettes","floor":4},{"not_picked":["Infinite Blades","Dagger Throw"],"picked":"Deflect","floor":7},{"not_picked":["Dagger Spray","Setup"],"picked":"Flying Knee","floor":8},{"not_picked":["Quick Slash","Flying Knee"],"picked":"Backflip","floor":10},{"not_picked":["Noxious Fumes","Concentrate"],"picked":"Burst","floor":12},{"not_picked":["Eviscerate","Blade Dance"],"picked":"Catalyst","floor":14},{"not_picked":["Corpse Explosion","After Image"],"picked":"Tools of the Trade","floor":16},{"not_picked":["Sucker Punch","Deflect"],"picked":"Acrobatics","floor":18},{"not_picked":["Calculated Gamble","Dagger Spray+1"],"picked":"Deadly Poison+1","floor":20},{"not_picked":["Dodge and Roll","Sucker Punch"],"picked":"Acrobatics+1","floor":21},{"not_picked":["Acrobatics","Slice"],"picked":"Backstab","floor":22},{"not_picked":["Prepared","Backflip"],"picked":"Glass Knife","floor":24},{"not_picked":["Acrobatics","Blade Dance"],"picked":"Tactician","floor":30}],"player_experience":1300550,"relics_obtained":[{"floor":8,"key":"Oddly Smooth Stone"},{"floor":9,"key":"Orichalcum"},{"floor":12,"key":"Tingsha"},{"floor":26,"key":"Bottled Lightning"},{"floor":31,"key":"Pantograph"}],"event_choices":[{"cards_removed":["Normality"],"damage_healed":0,"gold_gain":0,"player_choice":"Card Removal","damage_taken":7,"max_hp_gain":0,"max_hp_loss":0,"event_name":"Golden Wing","floor":2,"gold_loss":0},{"damage_healed":0,"gold_gain":0,"player_choice":"Success","damage_taken":26,"relics_obtained":["Paper Crane"],"max_hp_gain":0,"max_hp_loss":0,"event_name":"Scrap Ooze","floor":5,"gold_loss":0},{"damage_healed":0,"gold_gain":0,"player_choice":"Ignored","damage_taken":0,"max_hp_gain":0,"max_hp_loss":0,"event_name":"N\u0027loth","floor":19,"gold_loss":0},{"damage_healed":0,"gold_gain":0,"player_choice":"Joined the Cult","damage_taken":6,"max_hp_gain":0,"max_hp_loss":0,"event_name":"Nest","floor":27,"gold_loss":0,"cards_obtained":["RitualDagger"]},{"damage_healed":0,"gold_gain":0,"player_choice":"Opened","damage_taken":0,"relics_obtained":["Snake Skull"],"max_hp_gain":0,"max_hp_loss":0,"event_name":"The Mausoleum","floor":28,"gold_loss":0,"cards_obtained":["Writhe"]}],"is_beta":false,"boss_relics":[{"not_picked":["Coffee Dripper","HoveringKite"],"picked":"Sozu"}],"items_purged_floors":[11,29],"is_endless":false,"potions_floor_spawned":[4,7,12,14,20,22],"killed_by":"Champ","ascension_level":16}