{"gold_per_floor":[112,112,62,73,248,279,289,318,318,329,329,10,10,10,10,88,88,101,121,121,138,138,138,138,158,158,170,170,170],"floor_reached":29,"playtime":1345,"items_purged":["Doubt"],"score":464,"play_id":"593e0bfb-31be-4056-aeaf-3f270a430644","local_time":"20190330210102","is_ascension_mode":true,"campfire_choices":[{"data":"Neutralize","floor":13,"key":"SMITH"},{"data":"Malaise","floor":15,"key":"SMITH"},{"floor":23,"key":"REST"},{"data":"A Thousand Cuts","floor":28,"key":"SMITH"}],"neow_cost":"NONE","seed_source_timestamp":397525429831800,"circlet_count":0,"master_deck":["AscendersBane","Defend_G","Defend_G","Defend_G","Defend_G","Defend_G","Survivor","Neutralize+1","Poisoned Stab","Sucker Punch","Cloak And Dagger","Riddle With Holes","Tactician","Malaise+1","A Thousand Cuts+1","Crippling Poison","Flying Knee","Bite","Bite","Bite","Bite","Bite","Footwork","Necronomicurse","Writhe","Underhanded Strike+1","Predator+1"],"relics":["Ring of the Snake","NeowsBlessing","Shuriken","Meat on the Bone","Pantograph","Incense Burner","Gremlin Horn","Runic Pyramid","Necronomicon","Question Card","Lantern"],"potions_floor_usage":[16,27],"damage_taken":[{"damage":0,"enemies":"Jaw Worm","floor":1,"turns":1},{"damage":0,"enemies":"Small Slimes","floor":4,"turns":1},{"damage":0,"enemies":"Lagavulin","floor":6,"turns":1},{"damage":0,"enemies":"2 Louse","floor":7,"turns":4},{"damage":27,"enemies":"Gremlin Nob","floor":8,"turns":5},{"damage":6,"enemies":"2 Fungi Beasts","floor":10,"turns":3},{"damage":18,"enemies":"The Guardian","floor":16,"turns":15},{"damage":20,"enemies":"Spheric Guardian","floor":18,"turns":8},{"damage":14,"enemies":"3 Byrds","floor":19,"turns":5},{"damage":34,"enemies":"Shelled Parasite and Fungi","floor":21,"turns":7},{"damage":13,"enemies":"Centurion and Healer","floor":25,"turns":8},{"damage":29,"enemies":"Sentry and Sphere","floor":27,"turns":6},{"damage":32,"enemies":"Shelled Parasite and Fungi","floor":29,"turns":6}],"seed_played":"-5574724286791089133","potions_obtained":[{"floor":6,"key":"SpeedPotion"},{"floor":16,"key":"SteroidPotion"},{"floor":19,"key":"Swift Potion"},{"floor":25,"key":"SkillPotion"}],"is_trial":false,"path_per_floor":["M","?","?","M","?","E","M","E","T","M","?","$","R","$","R","B",null,"M","M","?","M","?","R","?","M","T","M","R","M"],"character_chosen":"THE_SILENT","items_purchased":["Gremlin Horn"],"campfire_rested":1,"item_purchase_floors":[12],"current_hp_per_floor":[59,64,64,64,64,64,64,37,37,43,40,40,40,40,40,47,65,45,43,43,33,17,31,31,34,34,25,25,0],"gold":170,"neow_bonus":"THREE_ENEMY_KILL","is_prod":false,"is_daily":false,"chose_seed":false,"campfire_upgraded":3,"win_rate":0,"timestamp":1553976062,"path_taken":["M","?","?","M","?","E","M","E","T","M","?","?","R","$","R","BOSS","M","M","?","M","?","R","?","?","T","M","R","M"],"build_version":"2019-01-23","purchased_purges":1,"victory":false,"max_hp_per_floor":[66,71,71,71,71,71,71,71,71,71,71,71,71,71,71,71,71,71,71,49,49,49,49,49,49,49,49,49,49],"card_choices":[{"not_picked":["Blade Dance","Outmaneuver"],"picked":"Poisoned Stab","floor":1},{"not_picked":["Prepared","Accuracy"],"picked":"Sucker Punch","floor":4},{"not_picked":["Quick Slash","Sucker Punch"],"picked":"Cloak And Dagger","floor":6},{"not_picked":["PiercingWail","Deadly Poison"],"picked":"Riddle With Holes","floor":7},{"not_picked":["Poisoned Stab","Bane"],"picked":"Tactician","floor":8},{"not_picked":["Expertise","All Out Attack"],"picked":"Malaise","floor":10},{"not_picked":["Night Terror","Phantasmal Killer"],"picked":"A Thousand Cuts","floor":16},{"not_picked":["Outmaneuver","Deflect+1"],"picked":"Crippling Poison","floor":18},{"not_picked":["Poisoned Stab","Concentrate"],"picked":"Flying Knee","floor":19},{"not_picked":["Heel Hook","Choke"],"picked":"Footwork","floor":21},{"not_picked":["Dodge and Roll","Sucker Punch","Deflect"],"picked":"Underhanded Strike+1","floor":25},{"not_picked":["Underhanded Strike","Quick Slash","Setup"],"picked":"Predator+1","floor":27}],"player_experience":1024030,"relics_obtained":[{"floor":6,"key":"Shuriken"},{"floor":8,"key":"Meat on the Bone"},{"floor":9,"key":"Pantograph"},{"floor":22,"key":"Necronomicon"},{"floor":26,"key":"Lantern"}],"event_choices":[{"damage_healed":0,"gold_gain":0,"player_choice":"Donut","damage_taken":0,"max_hp_gain":5,"max_hp_loss":0,"event_name":"Big Fish","floor":2,"gold_loss":0},{"cards_removed":["Strike_G"],"damage_healed":0,"gold_gain":0,"player_choice":"Card Removal","damage_taken":0,"max_hp_gain":0,"max_hp_loss":0,"event_name":"The Cleric","floor":3,"gold_loss":50},{"damage_healed":0,"gold_gain":175,"player_choice":"AGREE","damage_taken":0,"max_hp_gain":0,"max_hp_loss":0,"event_name":"Liars Game","floor":5,"gold_loss":0,"cards_obtained":["Doubt"]},{"damage_healed":0,"gold_gain":0,"player_choice":"Success","damage_taken":3,"relics_obtained":["Incense Burner"],"max_hp_gain":0,"max_hp_loss":0,"event_name":"Scrap Ooze","floor":11,"gold_loss":0},{"damage_healed":0,"gold_gain":0,"player_choice":"Became a vampire","damage_taken":0,"max_hp_gain":0,"max_hp_loss":22,"event_name":"Vampires","floor":20,"gold_loss":0,"cards_obtained":["Bite","Bite","Bite","Bite","Bite"]},{"damage_healed":0,"gold_gain":0,"player_choice":"Obtained Book","damage_taken":16,"max_hp_gain":0,"max_hp_loss":0,"event_name":"Cursed Tome","floor":22,"gold_loss":0},{"damage_healed":0,"gold_gain":0,"player_choice":"Opened","damage_taken":0,"relics_obtained":["Question Card"],"max_hp_gain":0,"max_hp_loss":0,"event_name":"The Mausoleum","floor":24,"gold_loss":0,"cards_obtained":["Writhe"]}],"is_beta":false,"boss_relics":[{"not_picked":["White Beast Statue","Tiny House"],"picked":"Runic Pyramid"}],"items_purged_floors":[12],"is_endless":false,"potions_floor_spawned":[6,16,19,25],"killed_by":"Shelled Parasite and Fungi","ascension_level":14}