{"gold_per_floor":[209,209,94,106,21,21,46,46,70,80,5,5,80,91,91,165,215,232,232,248,248,259,259,259],"floor_reached":24,"playtime":826,"items_purged":["Strike_R"],"score":378,"play_id":"89c4aed2-06c7-4e52-a900-5469c840278c","local_time":"20190526194627","is_ascension_mode":true,"campfire_choices":[{"data":"Demon Form","floor":6,"key":"SMITH"},{"data":"Whirlwind","floor":8,"key":"SMITH"},{"data":"True Grit","floor":12,"key":"SMITH"},{"data":"Bash","floor":15,"key":"SMITH"},{"floor":23,"key":"REST"}],"neow_cost":"NONE","seed_source_timestamp":35343007406856,"circlet_count":0,"master_deck":["AscendersBane","Strike_R+1","Strike_R+1","Strike_R","Strike_R","Defend_R","Defend_R","Defend_R","Defend_R","Bash+1","Carnage","Demon Form+1","Whirlwind+1","True Grit+1","Pommel Strike+1","Barricade","Armaments","Entrench","Cleave"],"relics":["Burning Blood","Mummified Hand","Whetstone","Lantern","Tiny House","Nilry\u0027s Codex"],"potions_floor_usage":[16,16,20,22,24],"damage_taken":[{"damage":4,"enemies":"Jaw Worm","floor":1,"turns":4},{"damage":6,"enemies":"Cultist","floor":4,"turns":3},{"damage":35,"enemies":"3 Sentries","floor":7,"turns":6},{"damage":0,"enemies":"2 Louse","floor":10,"turns":2},{"damage":0,"enemies":"Large Slime","floor":14,"turns":4},{"damage":25,"enemies":"The Guardian","floor":16,"turns":9},{"damage":10,"enemies":"Chosen","floor":18,"turns":6},{"damage":20,"enemies":"Spheric Guardian","floor":20,"turns":6},{"damage":31,"enemies":"Snecko","floor":22,"turns":6},{"damage":54,"enemies":"Book of Stabbing","floor":24,"turns":3}],"seed_played":"3135153973945846275","potions_obtained":[{"floor":4,"key":"SteroidPotion"},{"floor":10,"key":"Poison Potion"},{"floor":16,"key":"Poison Potion"},{"floor":17,"key":"SneckoOil"},{"floor":18,"key":"Swift Potion"},{"floor":22,"key":"AttackPotion"}],"is_trial":false,"path_per_floor":["M","?","?","M","$","R","E","R","T","M","$","R","?","M","R","B",null,"M","?","M","?","M","R","E"],"character_chosen":"IRONCLAD","items_purchased":["Demon Form"],"campfire_rested":1,"item_purchase_floors":[5],"current_hp_per_floor":[70,75,75,75,75,75,46,46,46,52,52,52,41,47,47,28,72,68,68,54,33,8,33,0],"gold":259,"neow_bonus":"HUNDRED_GOLD","is_prod":false,"is_daily":false,"chose_seed":false,"campfire_upgraded":4,"win_rate":0,"timestamp":1558896387,"path_taken":["M","?","?","?","$","R","E","R","T","M","$","R","?","M","R","BOSS","M","?","M","?","M","R","E"],"build_version":"2019-01-23","purchased_purges":1,"victory":false,"max_hp_per_floor":[75,80,80,80,80,80,80,80,80,80,80,80,80,80,80,80,85,85,85,85,85,85,85,85],"card_choices":[{"not_picked":["Iron Wave","Warcry","Seeing Red"],"picked":"SKIP","floor":1},{"not_picked":["Rampage","Blood for Blood"],"picked":"Carnage","floor":4},{"not_picked":["Bloodletting","Combust"],"picked":"Whirlwind","floor":7},{"not_picked":["Armaments","Body Slam"],"picked":"True Grit","floor":10},{"not_picked":["Body Slam","Battle Trance"],"picked":"Pommel Strike","floor":14},{"not_picked":["Berserk","Bludgeon"],"picked":"Barricade","floor":16},{"not_picked":["Combust","Warcry"],"picked":"Armaments","floor":17},{"not_picked":["Corruption","True Grit"],"picked":"Entrench","floor":18},{"not_picked":["Armaments","True Grit","Warcry"],"picked":"SKIP","floor":20},{"not_picked":["Headbutt","Hemokinesis"],"picked":"Cleave","floor":22}],"player_experience":1051160,"relics_obtained":[{"floor":7,"key":"Whetstone"},{"floor":9,"key":"Lantern"},{"floor":21,"key":"Nilry\u0027s Codex"}],"event_choices":[{"damage_healed":0,"gold_gain":0,"player_choice":"Donut","damage_taken":0,"max_hp_gain":5,"max_hp_loss":0,"event_name":"Big Fish","floor":2,"gold_loss":0},{"damage_healed":0,"gold_gain":0,"player_choice":"Paid Gold","damage_taken":0,"relics_obtained":["Mummified Hand"],"max_hp_gain":0,"max_hp_loss":0,"event_name":"WeMeetAgain","floor":3,"gold_loss":115},{"damage_healed":0,"gold_gain":75,"player_choice":"Gather Gold","damage_taken":11,"max_hp_gain":0,"max_hp_loss":0,"event_name":"World of Goop","floor":13,"gold_loss":0},{"damage_healed":0,"gold_gain":0,"player_choice":"Ignored","damage_taken":0,"max_hp_gain":0,"max_hp_loss":0,"event_name":"Ghosts","floor":19,"gold_loss":0},{"damage_healed":0,"gold_gain":0,"player_choice":"Obtained Book","damage_taken":21,"max_hp_gain":0,"max_hp_loss":0,"event_name":"Cursed Tome","floor":21,"gold_loss":0}],"is_beta":false,"boss_relics":[{"not_picked":["Ectoplasm","Runic Cube"],"picked":"Tiny House"}],"items_purged_floors":[11],"is_endless":false,"potions_floor_spawned":[4,10,16,18,22],"killed_by":"Book of Stabbing","ascension_level":19}