{"gold_per_floor":[109,109,10,22,34,63,63,92,162,162,172,172,190,207,207,304,304,304,154,154,154,154,154,154,154,154,154,154,154,154,154,154,154,154,154,154,154,154,154,154,154,128,128,128,128,128,128,28,28,28],"floor_reached":50,"playtime":3479,"items_purged":["Strike_B","Parasite"],"score":481,"play_id":"2b823917-cc5e-47de-b44d-825fc3db8e81","local_time":"20190326003755","is_ascension_mode":true,"campfire_choices":[{"data":"Sunder","floor":7.0,"key":"SMITH"},{"data":"Zap","floor":10.0,"key":"SMITH"},{"data":"Coolheaded","floor":15.0,"key":"SMITH"},{"data":"Coolheaded","floor":23.0,"key":"SMITH"},{"data":"Buffer","floor":25.0,"key":"SMITH"},{"data":"Self Repair","floor":29.0,"key":"SMITH"},{"data":"Dualcast","floor":32.0,"key":"SMITH"},{"data":"Turbo","floor":40.0,"key":"SMITH"},{"data":"Hologram","floor":44.0,"key":"SMITH"},{"floor":47.0,"key":"RECALL"},{"data":"Steam","floor":49.0,"key":"SMITH"}],"neow_cost":"NONE","seed_source_timestamp":0,"circlet_count":0,"master_deck":["Strike_B","Defend_B","Defend_B","Defend_B","Defend_B","Zap+1","Dualcast+1","Steam+1","Sweeping Beam","Sunder+1","Coolheaded+1","Buffer+1","Self Repair+1","Coolheaded+1","Turbo+1","Double Energy+1","All For One","Gash+1","Gash","Hologram+1"],"special_seed":0,"relics":["Busted Crown","StoneCalendar","Ornamental Fan","Ectoplasm","Nloth\u0027s Gift","Mercury Hourglass","Prayer Wheel","Pantograph","Eternal Feather","SsserpentHead","Dream Catcher"],"potions_floor_usage":[50,50],"damage_taken":[{"damage":1.0,"enemies":"Jaw Worm","floor":1.0,"turns":3.0},{"damage":0.0,"enemies":"Cultist","floor":4.0,"turns":4.0},{"damage":0.0,"enemies":"Small Slimes","floor":5.0,"turns":2.0},{"damage":8.0,"enemies":"3 Sentries","floor":6.0,"turns":7.0},{"damage":19.0,"enemies":"Gremlin Nob","floor":8.0,"turns":4.0},{"damage":3.0,"enemies":"Red Slaver","floor":11.0,"turns":4.0},{"damage":1.0,"enemies":"Large Slime","floor":13.0,"turns":3.0},{"damage":0.0,"enemies":"Blue Slaver","floor":14.0,"turns":4.0},{"damage":30.0,"enemies":"Slime Boss","floor":16.0,"turns":7.0},{"damage":0.0,"enemies":"Chosen","floor":18.0,"turns":4.0},{"damage":7.0,"enemies":"Shell Parasite","floor":21.0,"turns":7.0},{"damage":0.0,"enemies":"3 Cultists","floor":22.0,"turns":5.0},{"damage":18.0,"enemies":"Snake Plant","floor":24.0,"turns":7.0},{"damage":0.0,"enemies":"Chosen and Byrds","floor":27.0,"turns":5.0},{"damage":19.0,"enemies":"Colosseum Slavers","floor":28.0,"turns":5.0},{"damage":27.0,"enemies":"Colosseum Nobs","floor":28.0,"turns":7.0},{"damage":2.0,"enemies":"Centurion and Healer","floor":30.0,"turns":6.0},{"damage":0.0,"enemies":"Shelled Parasite and Fungi","floor":31.0,"turns":6.0},{"damage":64.0,"enemies":"Champ","floor":33.0,"turns":16.0},{"damage":2.0,"enemies":"3 Shapes","floor":35.0,"turns":4.0},{"damage":0.0,"enemies":"3 Darklings","floor":37.0,"turns":4.0},{"damage":7.0,"enemies":"Sphere and 2 Shapes","floor":38.0,"turns":7.0},{"damage":8.0,"enemies":"Transient","floor":39.0,"turns":5.0},{"damage":0.0,"enemies":"Writhing Mass","floor":45.0,"turns":5.0},{"damage":8.0,"enemies":"Spire Growth","floor":46.0,"turns":6.0},{"damage":76,"enemies":"Time Eater","floor":50,"turns":10}],"seed_played":"521474048778792147","potions_obtained":[{"floor":1.0,"key":"Ancient Potion"},{"floor":4.0,"key":"EssenceOfSteel"},{"floor":13.0,"key":"Explosive Potion"},{"floor":16.0,"key":"FearPotion"},{"floor":21.0,"key":"SteroidPotion"},{"floor":22.0,"key":"Poison Potion"},{"floor":27.0,"key":"Energy Potion"},{"floor":28.0,"key":"AttackPotion"},{"floor":33.0,"key":"SkillPotion"},{"floor":38.0,"key":"EssenceOfSteel"},{"floor":39.0,"key":"Weak Potion"},{"floor":46.0,"key":"Strength Potion"}],"is_trial":false,"path_per_floor":["M","?","$","M","M","E","R","E","T","R","M","?","M","M","R","B",null,"M","$","?","M","M","R","M","R","T","M","?","R","M","M","R","B",null,"M","?","M","M","M","R","?","$","T","R","M","M","R","$","R","B"],"character_chosen":"DEFECT","items_purchased":["Steam","Sweeping Beam","Self Repair","Hologram"],"campfire_rested":0,"item_purchase_floors":[3,3,19,42],"current_hp_per_floor":[74,74,74,74,74,66,66,47,47,47,44,37,36,36,36,6,75,75,75,75,75,75,75,64,64,64,71,39,39,47,57,57,21,75,75,75,75,75,75,75,75,75,75,75,75,75,75,72,72,0],"gold":28,"neow_bonus":"BOSS_RELIC","is_prod":false,"is_daily":false,"chose_seed":false,"campfire_upgraded":10,"win_rate":0,"timestamp":1553585875,"path_taken":["M","?","$","M","?","E","R","E","T","R","M","?","M","M","R","BOSS","M","$","?","M","?","R","M","R","T","M","?","R","M","M","R","BOSS","M","?","M","?","M","R","?","$","T","R","M","M","R","$","R","BOSS"],"build_version":"2019-01-23","purchased_purges":2,"victory":false,"max_hp_per_floor":[75,75,75,75,75,75,75,75,75,75,75,75,75,75,75,75,75,75,75,75,75,75,75,75,75,75,75,75,75,75,75,75,75,75,75,75,75,75,75,75,75,75,75,75,75,75,75,72,72,72],"card_choices":[{"not_picked":["Melter"],"picked":"SKIP","floor":1.0},{"not_picked":[],"picked":"Sunder","floor":4.0},{"not_picked":["Ball Lightning"],"picked":"SKIP","floor":5.0},{"not_picked":["Cold Snap"],"picked":"SKIP","floor":6.0},{"not_picked":["Sweeping Beam"],"picked":"SKIP","floor":8.0},{"not_picked":["Rebound"],"picked":"SKIP","floor":11.0},{"not_picked":[],"picked":"Coolheaded","floor":13.0},{"not_picked":["Undo"],"picked":"SKIP","floor":14.0},{"not_picked":[],"picked":"Buffer","floor":16.0},{"not_picked":["White Noise"],"picked":"SKIP","floor":18.0},{"not_picked":[],"picked":"Coolheaded","floor":21.0},{"not_picked":[],"picked":"Turbo","floor":22.0},{"not_picked":["Rip and Tear"],"picked":"SKIP","floor":24.0},{"not_picked":["Cold Snap"],"picked":"SKIP","floor":27.0},{"not_picked":[],"picked":"Double Energy+1","floor":28.0},{"not_picked":["Aggregate"],"picked":"SKIP","floor":30.0},{"not_picked":["Sweeping Beam"],"picked":"SKIP","floor":30.0},{"not_picked":["Gash+1"],"picked":"SKIP","floor":31.0},{"not_picked":["Barrage"],"picked":"SKIP","floor":31.0},{"not_picked":[],"picked":"All For One","floor":33.0},{"not_picked":[],"picked":"Gash+1","floor":35.0},{"not_picked":["Streamline"],"picked":"SKIP","floor":35.0},{"not_picked":["Coolheaded+1"],"picked":"SKIP","floor":37.0},{"not_picked":["Barrage"],"picked":"SKIP","floor":37.0},{"not_picked":["Compile Driver"],"picked":"SKIP","floor":38.0},{"not_picked":["Coolheaded"],"picked":"SKIP","floor":38.0},{"not_picked":[],"picked":"Gash","floor":39.0},{"not_picked":["Self Repair"],"picked":"SKIP","floor":39.0},{"not_picked":["Rebound"],"picked":"SKIP","floor":45.0},{"not_picked":["Steam"],"picked":"SKIP","floor":45.0},{"not_picked":["Streamline+1"],"picked":"SKIP","floor":46.0},{"not_picked":["Turbo"],"picked":"SKIP","floor":46.0}],"player_experience":38143,"relics_obtained":[{"floor":6.0,"key":"StoneCalendar"},{"floor":8.0,"key":"Potion Belt"},{"floor":9.0,"key":"Ornamental Fan"},{"floor":26.0,"key":"Mercury Hourglass"},{"floor":28.0,"key":"Prayer Wheel"},{"floor":28.0,"key":"Pantograph"}],"event_choices":[{"cards_removed":["Strike_B"],"damage_healed":0.0,"max_hp_gain":0.0,"max_hp_loss":0.0,"gold_gain":0.0,"event_name":"Bonfire Elementals","player_choice":"Offered Basic","floor":2.0,"gold_loss":0.0,"damage_taken":0.0},{"cards_removed":["Strike_B"],"damage_healed":0.0,"max_hp_gain":0.0,"max_hp_loss":0.0,"gold_gain":0.0,"event_name":"Golden Wing","player_choice":"Card Removal","floor":12.0,"gold_loss":0.0,"damage_taken":7.0},{"damage_healed":0.0,"max_hp_gain":0.0,"max_hp_loss":0.0,"gold_gain":0.0,"event_name":"N\u0027loth","player_choice":"Traded Relic","floor":20.0,"relics_lost":["Potion Belt"],"gold_loss":0.0,"damage_taken":0.0,"relics_obtained":["Nloth\u0027s Gift"]},{"damage_healed":0.0,"max_hp_gain":0.0,"max_hp_loss":0.0,"gold_gain":0.0,"event_name":"Colosseum","player_choice":"Fight","floor":28.0,"gold_loss":0.0,"damage_taken":0.0},{"damage_healed":0.0,"max_hp_gain":0.0,"max_hp_loss":0.0,"gold_gain":0.0,"event_name":"Colosseum","player_choice":"Fought Nobs","floor":28.0,"gold_loss":0.0,"damage_taken":0.0},{"damage_healed":0.0,"max_hp_gain":0.0,"max_hp_loss":0.0,"gold_gain":0.0,"event_name":"FaceTrader","player_choice":"Trade","floor":36.0,"gold_loss":0.0,"damage_taken":0.0,"relics_obtained":["SsserpentHead"]},{"damage_healed":0.0,"max_hp_gain":0.0,"max_hp_loss":0.0,"gold_gain":0.0,"event_name":"WeMeetAgain","player_choice":"Gave Potion","floor":41.0,"gold_loss":0.0,"damage_taken":0.0,"relics_obtained":["Dream Catcher"]}],"is_beta":false,"boss_relics":[{"not_picked":["Runic Pyramid","Black Star"],"picked":"Ectoplasm"},{"not_picked":["Fusion Hammer","Sozu"],"picked":"Eternal Feather"}],"items_purged_floors":[19,48],"is_endless":false,"potions_floor_spawned":[1,4,13,16,21,22,27,28,28,33,38,39,46],"killed_by":"Time Eater","ascension_level":1}