{"gold_per_floor":[111,111,134,134,134,134,174,174,174,208,46,46,46,46,46,139,139,152,152,34,50,70,70,89,89,112,112,112,8,42,42,42,138,138,154,154,26,26,41,41,54,54,54,34,49,49,49,49,49,49],"floor_reached":50,"playtime":1525,"items_purged":["Strike_G","Parasite","Writhe"],"score":939,"play_id":"b6f379ac-3bb6-465c-a243-dddbe524e6ce","local_time":"20190624114545","is_ascension_mode":true,"campfire_choices":[{"data":"Neutralize","floor":6,"key":"SMITH"},{"data":"Crippling Poison","floor":8,"key":"SMITH"},{"data":"Skewer","floor":15,"key":"SMITH"},{"data":"Footwork","floor":23,"key":"SMITH"},{"floor":25,"key":"REST"},{"floor":32,"key":"REST"},{"data":"Bullet Time","floor":40,"key":"SMITH"},{"data":"Distraction","floor":42,"key":"SMITH"},{"data":"Wraith Form v2","floor":46,"key":"SMITH"},{"data":"Noxious Fumes","floor":49,"key":"SMITH"}],"neow_cost":"NONE","seed_source_timestamp":559119444543899,"circlet_count":0,"master_deck":["AscendersBane","Defend_G+1","Defend_G+1","Defend_G+1","Defend_G+1","Strike_G+1","Strike_G+1","Strike_G+1","Survivor","Neutralize+1","Deflect+1","Crippling Poison+1","Skewer+1","Noxious Fumes+1","Wraith Form v2+1","Bouncing Flask+1","Footwork+1","Deflect+1","Flying Knee","Flying Knee+1","Cloak And Dagger+1","Writhe","Distraction+1","Bullet Time+1","Deadly Poison","Calculated Gamble","Infinite Blades","Normality","Phantasmal Killer"],"relics":["Ring of the Snake","NeowsBlessing","Golden Idol","Juzu Bracelet","Blood Vial","Letter Opener","Unceasing Top","Cursed Key","Smiling Mask","Regal Pillow","War Paint","Bottled Flame","Lizard Tail","Omamori"],"potions_floor_usage":[16,16,22,30,30,31,45,50],"damage_taken":[{"damage":0,"enemies":"2 Louse","floor":1,"turns":1},{"damage":0,"enemies":"Gremlin Nob","floor":7,"turns":1},{"damage":0,"enemies":"Lagavulin","floor":10,"turns":1},{"damage":8,"enemies":"The Guardian","floor":16,"turns":11},{"damage":0,"enemies":"2 Thieves","floor":18,"turns":5},{"damage":19,"enemies":"3 Byrds","floor":21,"turns":5},{"damage":14,"enemies":"Shelled Parasite and Fungi","floor":22,"turns":5},{"damage":20,"enemies":"Snake Plant","floor":24,"turns":4},{"damage":20,"enemies":"Slavers","floor":30,"turns":8},{"damage":7,"enemies":"Colosseum Slavers","floor":31,"turns":4},{"damage":27,"enemies":"Collector","floor":33,"turns":11},{"damage":23,"enemies":"3 Darklings","floor":35,"turns":5},{"damage":8,"enemies":"Orb Walker","floor":39,"turns":4},{"damage":5,"enemies":"4 Shapes","floor":41,"turns":6},{"damage":31,"enemies":"Maw","floor":45,"turns":8},{"damage":58,"enemies":"Donu and Deca","floor":50,"turns":4}],"seed_played":"4960703859343558013","potions_obtained":[{"floor":7,"key":"Swift Potion"},{"floor":10,"key":"LiquidBronze"},{"floor":21,"key":"PowerPotion"},{"floor":24,"key":"Ancient Potion"},{"floor":30,"key":"SkillPotion"},{"floor":41,"key":"SmokeBomb"},{"floor":44,"key":"Swift Potion"}],"is_trial":false,"path_per_floor":["M","?","T","?","?","R","E","R","T","E","$","?","$","?","R","B",null,"M","?","$","M","M","R","M","R","T","?","T","$","E","?","R","B",null,"M","?","$","?","M","R","M","R","T","?","M","R","?","?","R","B"],"character_chosen":"THE_SILENT","items_purchased":["Noxious Fumes","Footwork","Deflect","Dexterity Potion","LiquidBronze"],"campfire_rested":2,"item_purchase_floors":[11,20,20,29,37],"current_hp_per_floor":[59,59,59,59,59,59,59,59,59,61,61,54,54,59,59,53,67,69,69,69,52,40,40,22,43,43,43,43,43,25,20,55,30,59,38,38,38,38,32,32,29,29,29,29,34,34,48,56,56,0],"gold":49,"neow_bonus":"THREE_ENEMY_KILL","is_prod":false,"is_daily":false,"chose_seed":false,"campfire_upgraded":8,"win_rate":0,"timestamp":1561369545,"path_taken":["M","?","?","?","?","R","E","R","T","E","$","?","?","?","R","BOSS","M","?","$","M","M","R","M","R","T","?","?","$","E","?","R","BOSS","M","?","$","?","M","R","M","R","T","?","M","R","?","?","R","BOSS"],"build_version":"2019-01-23","purchased_purges":3,"victory":false,"max_hp_per_floor":[66,66,66,66,66,66,66,66,66,66,66,66,66,71,71,71,71,71,71,71,71,71,71,71,71,71,71,71,68,68,68,68,68,68,68,68,68,68,68,68,68,68,68,68,68,68,68,56,56,56],"card_choices":[{"not_picked":["Bane","Blade Dance"],"picked":"Deflect","floor":1},{"not_picked":["Die Die Die","Outmaneuver"],"picked":"Crippling Poison","floor":7},{"not_picked":["Concentrate","Well Laid Plans"],"picked":"Skewer","floor":10},{"not_picked":["Glass Knife","Unload"],"picked":"Wraith Form v2","floor":16},{"not_picked":["Slice","Expertise"],"picked":"Bouncing Flask+1","floor":18},{"not_picked":["Blade Dance+1","Reflex"],"picked":"Flying Knee","floor":21},{"not_picked":["Prepared+1","Dagger Spray"],"picked":"Flying Knee+1","floor":22},{"not_picked":["Quick Slash","Eviscerate"],"picked":"Cloak And Dagger+1","floor":24},{"not_picked":["Tactician","Accuracy"],"picked":"Distraction","floor":30},{"not_picked":["Adrenaline","Die Die Die"],"picked":"Bullet Time","floor":33},{"not_picked":["Dagger Spray","Quick Slash"],"picked":"Deadly Poison","floor":35},{"not_picked":["Deadly Poison","Deflect"],"picked":"Calculated Gamble","floor":39},{"not_picked":["Outmaneuver","Calculated Gamble"],"picked":"Infinite Blades","floor":41},{"not_picked":["Acrobatics","Deadly Poison"],"picked":"Phantasmal Killer","floor":45}],"player_experience":1463210,"relics_obtained":[{"floor":3,"key":"Juzu Bracelet"},{"floor":7,"key":"Blood Vial"},{"floor":9,"key":"Letter Opener"},{"floor":10,"key":"Unceasing Top"},{"floor":26,"key":"Smiling Mask"},{"floor":28,"key":"War Paint"},{"floor":30,"key":"Bottled Flame"},{"floor":43,"key":"Omamori"}],"event_choices":[{"damage_healed":0,"gold_gain":0,"player_choice":"Take Wound","damage_taken":0,"relics_obtained":["Golden Idol"],"max_hp_gain":0,"max_hp_loss":0,"event_name":"Golden Idol","floor":2,"gold_loss":0,"cards_obtained":["Injury"]},{"cards_removed":["Strike_G"],"damage_healed":0,"gold_gain":0,"player_choice":"Offered Basic","damage_taken":0,"max_hp_gain":0,"max_hp_loss":0,"event_name":"Bonfire Elementals","floor":4,"gold_loss":0},{"cards_removed":["Injury"],"damage_healed":0,"gold_gain":0,"player_choice":"Forget","damage_taken":0,"max_hp_gain":0,"max_hp_loss":0,"event_name":"Living Wall","floor":5,"gold_loss":0},{"cards_removed":["Defend_G"],"damage_healed":0,"gold_gain":0,"player_choice":"Card Removal","damage_taken":7,"max_hp_gain":0,"max_hp_loss":0,"event_name":"Golden Wing","floor":12,"gold_loss":0},{"damage_healed":0,"gold_gain":0,"player_choice":"Donut","damage_taken":0,"max_hp_gain":5,"max_hp_loss":0,"event_name":"Big Fish","floor":14,"gold_loss":0},{"damage_healed":0,"gold_gain":0,"player_choice":"Simplicity","damage_taken":0,"max_hp_gain":0,"max_hp_loss":0,"event_name":"Back to Basics","floor":19,"gold_loss":0,"cards_upgraded":["Defend_G","Defend_G","Defend_G","Defend_G","Strike_G","Strike_G","Strike_G"]},{"damage_healed":0,"gold_gain":0,"player_choice":"Opened","damage_taken":0,"relics_obtained":["Regal Pillow"],"max_hp_gain":0,"max_hp_loss":0,"event_name":"The Mausoleum","floor":27,"gold_loss":0,"cards_obtained":["Writhe"]},{"damage_healed":0,"gold_gain":0,"player_choice":"Fight","damage_taken":0,"max_hp_gain":0,"max_hp_loss":0,"event_name":"Colosseum","floor":31,"gold_loss":0},{"damage_healed":0,"gold_gain":0,"player_choice":"Fled From Nobs","damage_taken":0,"max_hp_gain":0,"max_hp_loss":0,"event_name":"Colosseum","floor":31,"gold_loss":0},{"damage_healed":0,"gold_gain":0,"player_choice":"Ignored","damage_taken":0,"max_hp_gain":0,"max_hp_loss":0,"event_name":"Tomb of Lord Red Mask","floor":36,"gold_loss":0},{"damage_healed":0,"gold_gain":0,"player_choice":"Ignored","damage_taken":0,"max_hp_gain":0,"max_hp_loss":0,"event_name":"Mysterious Sphere","floor":38,"gold_loss":0},{"damage_healed":0,"gold_gain":0,"player_choice":"Bought 1 Potion","damage_taken":0,"max_hp_gain":0,"max_hp_loss":0,"event_name":"The Woman in Blue","floor":44,"gold_loss":0},{"damage_healed":14,"gold_gain":0,"player_choice":"Writhe","damage_taken":0,"max_hp_gain":0,"max_hp_loss":0,"event_name":"Winding Halls","floor":47,"gold_loss":0,"cards_obtained":["Writhe"]},{"damage_healed":56,"gold_gain":0,"player_choice":"Heal","damage_taken":0,"max_hp_gain":0,"max_hp_loss":12,"event_name":"The Moai Head","floor":48,"gold_loss":0}],"is_beta":false,"boss_relics":[{"not_picked":["Eternal Feather","HoveringKite"],"picked":"Cursed Key"},{"not_picked":["Snecko Eye","Coffee Dripper"],"picked":"Lizard Tail"}],"items_purged_floors":[11,29,37],"is_endless":false,"potions_floor_spawned":[7,10,21,24,30,41],"killed_by":"Donu and Deca","ascension_level":16}