{"gold_per_floor":[112,112,13,28,28,28,57,57,57,91,105,115,145,158,158,230,230,241,254,154,154,154],"floor_reached":22,"playtime":1202,"items_purged":["Strike_G","Strike_G"],"score":361,"play_id":"a961cb1f-402c-41bc-9d9f-e656b8fc9e59","local_time":"20190629143749","is_ascension_mode":true,"campfire_choices":[{"data":"Bouncing Flask","floor":6,"key":"SMITH"},{"data":"Deadly Poison","floor":8,"key":"SMITH"},{"floor":15,"key":"REST"}],"neow_cost":"NONE","seed_source_timestamp":156935695548115,"circlet_count":0,"master_deck":["AscendersBane","Defend_G","Defend_G","Defend_G","Defend_G","Defend_G","Strike_G","Strike_G","Strike_G","Survivor","Neutralize+1","Deadly Poison+1","Poisoned Stab","Bouncing Flask+1","Leg Sweep","Malaise","PiercingWail","Backflip","PiercingWail","Deadly Poison","Burst","Blur","Poisoned Stab+1"],"relics":["Ring of the Snake","Ancient Tea Set","Gambling Chip","Ninja Scroll","Shovel","Omamori","Eternal Feather"],"potions_floor_usage":[11,16,21],"damage_taken":[{"damage":1,"enemies":"2 Louse","floor":1,"turns":3},{"damage":0,"enemies":"Jaw Worm","floor":4,"turns":3},{"damage":16,"enemies":"3 Sentries","floor":7,"turns":8},{"damage":10,"enemies":"Lagavulin","floor":10,"turns":4},{"damage":0,"enemies":"Cultist","floor":11,"turns":7},{"damage":12,"enemies":"Lots of Slimes","floor":12,"turns":4},{"damage":22,"enemies":"3 Sentries","floor":13,"turns":8},{"damage":6,"enemies":"Large Slime","floor":14,"turns":5},{"damage":12,"enemies":"The Guardian","floor":16,"turns":8},{"damage":23,"enemies":"3 Byrds","floor":18,"turns":5},{"damage":10,"enemies":"Shell Parasite","floor":19,"turns":3},{"damage":9,"enemies":"Snake Plant","floor":21,"turns":3},{"damage":37,"enemies":"Colosseum Slavers","floor":22,"turns":6}],"seed_played":"-2359449733904793301","potions_obtained":[{"floor":1,"key":"Regen Potion"},{"floor":7,"key":"Strength Potion"},{"floor":12,"key":"SmokeBomb"}],"is_trial":false,"path_per_floor":["M","?","$","M","?","R","E","R","T","E","M","M","E","M","R","B",null,"M","M","$","M","?"],"character_chosen":"THE_SILENT","items_purchased":["Poisoned Stab"],"campfire_rested":1,"item_purchase_floors":[3],"current_hp_per_floor":[58,63,63,63,63,63,47,47,47,37,52,40,18,12,33,21,59,36,26,26,17,0],"gold":154,"neow_bonus":"RANDOM_COMMON_RELIC","is_prod":false,"is_daily":false,"chose_seed":false,"campfire_upgraded":2,"win_rate":0,"timestamp":1561815469,"path_taken":["M","?","$","M","?","R","E","R","T","E","M","?","E","M","R","BOSS","M","?","$","M","?"],"build_version":"2019-01-23","purchased_purges":2,"victory":false,"max_hp_per_floor":[66,71,71,71,71,71,71,71,71,71,71,71,71,71,71,71,71,71,71,71,71,71],"card_choices":[{"not_picked":["Masterful Stab","Acrobatics"],"picked":"Deadly Poison","floor":1},{"not_picked":["Outmaneuver","Deflect"],"picked":"Bouncing Flask","floor":4},{"not_picked":["Blade Dance","Prepared"],"picked":"Leg Sweep","floor":7},{"not_picked":["Blur","Flying Knee"],"picked":"Malaise","floor":10},{"not_picked":["Outmaneuver","Poisoned Stab"],"picked":"PiercingWail","floor":11},{"not_picked":["Dagger Spray","Outmaneuver"],"picked":"Backflip","floor":12},{"not_picked":["Bouncing Flask","Flying Knee"],"picked":"PiercingWail","floor":13},{"not_picked":["Deflect","Cloak And Dagger"],"picked":"Deadly Poison","floor":14},{"not_picked":["Venomology","Die Die Die"],"picked":"Burst","floor":16},{"not_picked":["Flying Knee","Bouncing Flask"],"picked":"Blur","floor":18},{"not_picked":["Masterful Stab","Skewer"],"picked":"Poisoned Stab+1","floor":19}],"player_experience":1114985,"relics_obtained":[{"floor":7,"key":"Gambling Chip"},{"floor":9,"key":"Ninja Scroll"},{"floor":10,"key":"Shovel"},{"floor":13,"key":"Omamori"}],"event_choices":[{"damage_healed":0,"gold_gain":0,"player_choice":"Donut","damage_taken":0,"max_hp_gain":5,"max_hp_loss":0,"event_name":"Big Fish","floor":2,"gold_loss":0},{"damage_healed":0,"gold_gain":0,"player_choice":"Upgraded","damage_taken":0,"max_hp_gain":0,"max_hp_loss":0,"event_name":"Upgrade Shrine","floor":5,"gold_loss":0,"cards_upgraded":["Neutralize"]},{"damage_healed":0,"gold_gain":0,"player_choice":"Fight","damage_taken":0,"max_hp_gain":0,"max_hp_loss":0,"event_name":"Colosseum","floor":22,"gold_loss":0}],"is_beta":false,"boss_relics":[{"not_picked":["Orrery","Empty Cage"],"picked":"Eternal Feather"}],"items_purged_floors":[3,20],"is_endless":false,"potions_floor_spawned":[1,7,12,14,21],"killed_by":"Colosseum Slavers","ascension_level":15}