{"gold_per_floor":[116,130,146,296,314,314,331,331,385,36,86,102,120,140,140,214,214,233,247,247,247],"floor_reached":21,"playtime":737,"items_purged":["Doubt"],"score":324,"play_id":"719588c5-1deb-4694-bb82-aed583dc580f","local_time":"20190808181722","is_ascension_mode":true,"campfire_choices":[{"floor":6,"key":"REST"},{"data":"Fusion","floor":8,"key":"SMITH"},{"data":"Storm","floor":15,"key":"SMITH"}],"neow_cost":"PERCENT_DAMAGE","seed_source_timestamp":523065825146400,"circlet_count":0,"master_deck":["AscendersBane","Zap","Dualcast","Electrodynamics","Fusion+1","Barrage","Storm+1","Cold Snap","Go for the Eyes","Self Repair","Conserve Battery","Melter","Madness","Hologram","Compile Driver","Leap","Buffer","Cold Snap","Amplify","Skim","Streamline","Beam Cell","Conserve Battery","Storm","Compile Driver","Reinforced Body+1","Ball Lightning","Necronomicurse"],"relics":["Cracked Core","Happy Flower","Pandora\u0027s Box","Necronomicon"],"potions_floor_usage":[5,13,14,18],"damage_taken":[{"damage":7,"enemies":"Jaw Worm","floor":1,"turns":3},{"damage":2,"enemies":"Cultist","floor":2,"turns":4},{"damage":2,"enemies":"2 Louse","floor":3,"turns":2},{"damage":12,"enemies":"Looter","floor":5,"turns":4},{"damage":1,"enemies":"Large Slime","floor":7,"turns":5},{"damage":6,"enemies":"2 Fungi Beasts","floor":12,"turns":2},{"damage":3,"enemies":"Blue Slaver","floor":13,"turns":3},{"damage":19,"enemies":"Gremlin Gang","floor":14,"turns":4},{"damage":21,"enemies":"Hexaghost","floor":16,"turns":12},{"damage":37,"enemies":"3 Byrds","floor":18,"turns":4},{"damage":4,"enemies":"Spheric Guardian","floor":19,"turns":3},{"damage":12,"enemies":"Snake Plant","floor":21,"turns":2}],"seed_played":"-2296546834990700651","potions_obtained":[{"floor":1,"key":"Energy Potion"},{"floor":5,"key":"Energy Potion"},{"floor":12,"key":"Swift Potion"},{"floor":16,"key":"Explosive Potion"}],"is_trial":false,"path_per_floor":["M","M","M","?","M","R","M","R","T","$","?","M","M","M","R","B",null,"M","M","?","M"],"character_chosen":"DEFECT","items_purchased":["Self Repair","Conserve Battery","Melter","Madness"],"campfire_rested":1,"item_purchase_floors":[10,10,10,10],"current_hp_per_floor":[39,37,35,35,23,44,43,43,43,43,36,37,34,22,22,8,55,25,28,7,0],"gold":247,"neow_bonus":"THREE_RARE_CARDS","is_prod":false,"is_daily":false,"chose_seed":false,"campfire_upgraded":2,"win_rate":0,"timestamp":1565281042,"path_taken":["M","M","M","?","M","R","M","R","T","$","?","?","?","M","R","BOSS","M","M","?","M"],"build_version":"2019-07-17","purchased_purges":1,"victory":false,"max_hp_per_floor":[71,71,71,71,71,71,71,71,71,71,71,71,71,71,71,71,71,71,71,71,71],"card_choices":[{"not_picked":["Hyperbeam","Fission"],"picked":"Electrodynamics","floor":0},{"not_picked":["Redo","Go for the Eyes"],"picked":"Fusion","floor":1},{"not_picked":["Go for the Eyes","Sweeping Beam"],"picked":"Barrage","floor":2},{"not_picked":["Beam Cell","Barrage"],"picked":"Storm","floor":3},{"not_picked":["Streamline","Gash"],"picked":"Cold Snap","floor":5},{"not_picked":["Turbo","Stack"],"picked":"Go for the Eyes","floor":7},{"not_picked":["Hyperbeam","Beam Cell"],"picked":"Hologram","floor":12},{"not_picked":["Ball Lightning","Coolheaded"],"picked":"Compile Driver","floor":13},{"not_picked":["Conserve Battery","Hologram"],"picked":"Leap","floor":14},{"not_picked":["Creative AI","Machine Learning"],"picked":"Buffer","floor":16},{"not_picked":["Compile Driver","Steam"],"picked":"Reinforced Body+1","floor":18},{"not_picked":["Recycle+1","Streamline"],"picked":"Ball Lightning","floor":19}],"player_experience":1827288,"relics_obtained":[{"floor":9,"key":"Happy Flower"},{"floor":20,"key":"Necronomicon"}],"event_choices":[{"damage_healed":0,"gold_gain":150,"player_choice":"AGREE","damage_taken":0,"max_hp_gain":0,"max_hp_loss":0,"event_name":"Liars Game","floor":4,"gold_loss":0,"cards_obtained":["Doubt"]},{"damage_healed":0,"gold_gain":50,"player_choice":"Touch","damage_taken":7,"max_hp_gain":0,"max_hp_loss":0,"event_name":"FaceTrader","floor":11,"gold_loss":0},{"damage_healed":0,"gold_gain":0,"player_choice":"Obtained Book","damage_taken":21,"max_hp_gain":0,"max_hp_loss":0,"event_name":"Cursed Tome","floor":20,"gold_loss":0}],"is_beta":false,"boss_relics":[{"not_picked":["Calling Bell","Coffee Dripper"],"picked":"Pandora\u0027s Box"}],"items_purged_floors":[10],"is_endless":false,"potions_floor_spawned":[1,5,12,16],"killed_by":"Snake Plant","ascension_level":17}