{"gold_per_floor":[112,123,138,138,158,158,173,173,196,30,48,48,67,67,67,67],"floor_reached":16,"playtime":408,"items_purged":["Strike_B"],"score":179,"play_id":"b42303ed-070a-4845-bb17-de19eb84e7a7","local_time":"20190923230740","is_ascension_mode":true,"campfire_choices":[{"data":"Zap","floor":6,"key":"SMITH"},{"data":"White Noise","floor":8,"key":"SMITH"},{"floor":12,"key":"REST"},{"data":"Leap","floor":15,"key":"SMITH"}],"neow_cost":"NONE","seed_source_timestamp":85801207540400,"circlet_count":0,"master_deck":["AscendersBane","Strike_B","Strike_B","Defend_B","Defend_B","Defend_B","Defend_B","Zap+1","Dualcast","Ball Lightning","Gash","Hello World","White Noise+1","FTL","Bandage Up","Gash","Leap+1"],"relics":["Cracked Core","Anchor","Omamori"],"potions_floor_usage":[13,16],"damage_taken":[{"damage":0,"enemies":"2 Louse","floor":1,"turns":2},{"damage":6,"enemies":"Cultist","floor":2,"turns":3},{"damage":0,"enemies":"Small Slimes","floor":3,"turns":3},{"damage":0,"enemies":"Red Slaver","floor":5,"turns":4},{"damage":0,"enemies":"Blue Slaver","floor":7,"turns":3},{"damage":29,"enemies":"Gremlin Gang","floor":11,"turns":5},{"damage":7,"enemies":"Exordium Thugs","floor":13,"turns":4},{"damage":62,"enemies":"The Guardian","floor":16,"turns":7}],"seed_played":"-711386410389855587","potions_obtained":[{"floor":5,"key":"Poison Potion"},{"floor":13,"key":"PowerPotion"}],"is_trial":false,"path_per_floor":["M","M","M","?","M","R","M","R","T","$","M","R","M","$","R","B"],"character_chosen":"DEFECT","items_purchased":["Bandage Up"],"campfire_rested":1,"item_purchase_floors":[10],"current_hp_per_floor":[64,58,58,58,58,58,58,58,58,58,33,54,51,51,51,0],"gold":67,"neow_bonus":"RANDOM_COMMON_RELIC","is_prod":false,"is_daily":false,"chose_seed":false,"campfire_upgraded":3,"win_rate":0,"timestamp":1569272860,"path_taken":["M","M","M","?","?","R","M","R","T","$","M","R","M","$","R","BOSS"],"build_version":"2019-07-17","purchased_purges":1,"victory":false,"max_hp_per_floor":[71,71,71,71,71,71,71,71,71,71,71,71,71,71,71,71],"card_choices":[{"not_picked":["Streamline","Melter"],"picked":"Ball Lightning","floor":1},{"not_picked":["Rip and Tear","Turbo","Rebound"],"picked":"SKIP","floor":2},{"not_picked":["Reinforced Body","Rebound"],"picked":"Gash","floor":3},{"not_picked":["Streamline","Sweeping Beam"],"picked":"White Noise","floor":5},{"not_picked":["Stack","Barrage"],"picked":"FTL","floor":7},{"not_picked":["Hologram","Stack"],"picked":"Gash","floor":11},{"not_picked":["Heatsinks","Aggregate"],"picked":"Leap","floor":13}],"player_experience":1995258,"relics_obtained":[{"floor":9,"key":"Omamori"}],"event_choices":[{"damage_healed":0,"gold_gain":0,"cards_transformed":["Strike_B"],"player_choice":"Transformed","damage_taken":0,"max_hp_gain":0,"max_hp_loss":0,"event_name":"Transmorgrifier","floor":4,"gold_loss":0,"cards_obtained":["Hello World"]}],"is_beta":false,"boss_relics":[],"items_purged_floors":[10],"is_endless":false,"potions_floor_spawned":[5,13],"killed_by":"The Guardian","ascension_level":18}