{"gold_per_floor":[118,4,22,38,38,38,63,63,63,89,89,14,26,38,38,38],"floor_reached":16,"playtime":418,"items_purged":["Strike_B"],"score":175,"play_id":"be9e53ca-49e7-42f2-9ae3-f7473ce062be","local_time":"20190517145954","is_ascension_mode":true,"campfire_choices":[{"data":"Zap","floor":6,"key":"SMITH"},{"floor":8,"key":"REST"},{"data":"Conserve Battery","floor":11,"key":"SMITH"},{"data":"Fusion","floor":15,"key":"SMITH"}],"neow_cost":"NONE","seed_source_timestamp":316188521512900,"circlet_count":0,"master_deck":["AscendersBane","Strike_B","Strike_B","Strike_B","Defend_B","Defend_B","Defend_B","Defend_B","Zap+1","Dualcast","Conserve Battery+1","Reinforced Body","Gash","FTL","Storm","Fusion+1","Cold Snap","Scrape"],"relics":["Cracked Core","NeowsBlessing","Mummified Hand","Potion Belt","Ornamental Fan","Strawberry"],"potions_floor_usage":[7,7,16,16],"damage_taken":[{"damage":0,"enemies":"Cultist","floor":1,"turns":1},{"damage":0,"enemies":"Jaw Worm","floor":3,"turns":1},{"damage":0,"enemies":"2 Louse","floor":4,"turns":1},{"damage":23,"enemies":"Gremlin Nob","floor":7,"turns":5},{"damage":1,"enemies":"2 Fungi Beasts","floor":13,"turns":4},{"damage":1,"enemies":"Blue Slaver","floor":14,"turns":4},{"damage":47,"enemies":"Hexaghost","floor":16,"turns":14}],"seed_played":"-6613779068612111112","potions_obtained":[{"floor":3,"key":"Weak Potion"},{"floor":4,"key":"GamblersBrew"},{"floor":14,"key":"EntropicBrew"}],"is_trial":false,"path_per_floor":["M","$","M","M","?","R","E","R","T","T","R","$","M","M","R","B"],"character_chosen":"DEFECT","items_purchased":["Reinforced Body","Fusion"],"campfire_rested":1,"item_purchase_floors":[2,12],"current_hp_per_floor":[64,64,64,64,29,29,6,27,27,34,34,34,33,32,32,0],"gold":38,"neow_bonus":"THREE_ENEMY_KILL","is_prod":false,"is_daily":false,"chose_seed":false,"campfire_upgraded":3,"win_rate":0,"timestamp":1558097994,"path_taken":["M","$","M","?","?","R","E","R","T","?","R","$","M","M","R","BOSS"],"build_version":"2019-01-23","purchased_purges":1,"victory":false,"max_hp_per_floor":[71,71,71,71,71,71,71,71,71,78,78,78,78,78,78,78],"card_choices":[{"not_picked":["Cold Snap","Compile Driver"],"picked":"Conserve Battery","floor":1},{"not_picked":["Skim","Go for the Eyes"],"picked":"Gash","floor":3},{"not_picked":["Skim","Barrage"],"picked":"FTL","floor":4},{"not_picked":["Rip and Tear","Go for the Eyes"],"picked":"Storm","floor":7},{"not_picked":["Reinforced Body","Auto Shields"],"picked":"Cold Snap","floor":13},{"not_picked":["Steam Power","Stack"],"picked":"Scrape","floor":14}],"player_experience":1128926,"relics_obtained":[{"floor":7,"key":"Potion Belt"},{"floor":9,"key":"Ornamental Fan"},{"floor":10,"key":"Strawberry"}],"event_choices":[{"damage_healed":0,"gold_gain":0,"player_choice":"Success","damage_taken":35,"relics_obtained":["Mummified Hand"],"max_hp_gain":0,"max_hp_loss":0,"event_name":"Scrap Ooze","floor":5,"gold_loss":0}],"is_beta":false,"boss_relics":[],"items_purged_floors":[2],"is_endless":false,"potions_floor_spawned":[3,4,14],"killed_by":"Hexaghost","ascension_level":15}