{"gold_per_floor":[109,120,134,134,134,134,175,112,172,199,227,239,19,39,39,128,128,148,124,124],"floor_reached":20,"playtime":837,"items_purged":["Strike_R"],"score":326,"play_id":"b8603d68-9753-4a39-89c3-c61195ef9313","local_time":"20190706133603","is_ascension_mode":true,"campfire_choices":[{"data":"Bash","floor":6,"key":"SMITH"},{"data":"Flame Barrier","floor":12,"key":"SMITH"},{"data":"Shockwave","floor":15,"key":"SMITH"}],"neow_cost":"PERCENT_DAMAGE","seed_source_timestamp":14561314110300,"circlet_count":0,"master_deck":["AscendersBane","Strike_R","Strike_R","Strike_R","Strike_R","Defend_R","Defend_R","Defend_R","Defend_R","Bash+1","Cleave","Flame Barrier+1","Feel No Pain","Rampage","Clothesline","Anger","Shockwave+1","Shrug It Off","Pommel Strike","Warcry","Barricade","Flex","Infernal Blade"],"relics":["Burning Blood","Mango","Golden Idol","MawBank","Omamori","White Beast Statue"],"potions_floor_usage":[7,16,18,19,20,20],"damage_taken":[{"damage":19,"enemies":"Jaw Worm","floor":1,"turns":4},{"damage":3,"enemies":"Small Slimes","floor":2,"turns":4},{"damage":8,"enemies":"2 Louse","floor":3,"turns":3},{"damage":34,"enemies":"Gremlin Nob","floor":7,"turns":5},{"damage":6,"enemies":"Looter","floor":10,"turns":4},{"damage":1,"enemies":"2 Fungi Beasts","floor":11,"turns":4},{"damage":8,"enemies":"Exordium Wildlife","floor":14,"turns":4},{"damage":55,"enemies":"The Guardian","floor":16,"turns":11},{"damage":54,"enemies":"Spheric Guardian","floor":18,"turns":9},{"damage":8,"enemies":"2 Thieves","floor":19,"turns":4},{"damage":24,"enemies":"Snecko","floor":20,"turns":4}],"seed_played":"-2261242533083934876","potions_obtained":[{"floor":1,"key":"Explosive Potion"},{"floor":3,"key":"Weak Potion"},{"floor":14,"key":"Swift Potion"},{"floor":16,"key":"SpeedPotion"},{"floor":18,"key":"Weak Potion"},{"floor":19,"key":"Swift Potion"}],"is_trial":false,"path_per_floor":["M","M","M","?","?","R","E","?","T","M","M","R","$","M","R","B",null,"M","M","M"],"character_chosen":"IRONCLAD","items_purchased":["Shockwave","Shrug It Off","Pommel Strike"],"campfire_rested":0,"item_purchase_floors":[13,13,13],"current_hp_per_floor":[51,54,52,81,81,81,53,53,53,53,58,58,58,56,56,7,69,21,19,0],"gold":124,"neow_bonus":"ONE_RARE_RELIC","is_prod":false,"is_daily":false,"chose_seed":false,"campfire_upgraded":3,"win_rate":0,"timestamp":1562412963,"path_taken":["M","M","M","?","?","R","E","?","T","M","M","R","$","M","R","BOSS","M","M","M"],"build_version":"2019-07-05","purchased_purges":1,"victory":false,"max_hp_per_floor":[89,89,89,89,89,89,89,89,89,89,89,89,89,89,89,89,89,89,89,89],"card_choices":[{"not_picked":["Dropkick","Warcry"],"picked":"Cleave","floor":1},{"not_picked":["Heavy Blade","Clash"],"picked":"Flame Barrier","floor":2},{"not_picked":["Infernal Blade","Shrug It Off"],"picked":"Feel No Pain","floor":3},{"not_picked":["Disarm","Cleave"],"picked":"Rampage","floor":7},{"not_picked":["Pommel Strike","Flex"],"picked":"Clothesline","floor":10},{"not_picked":["Metallicize","True Grit"],"picked":"Anger","floor":11},{"not_picked":["Clash","Flame Barrier"],"picked":"Warcry","floor":14},{"not_picked":["Brutality","Dark Embrace"],"picked":"Barricade","floor":16},{"not_picked":["Twin Strike","Pommel Strike"],"picked":"Flex","floor":18},{"not_picked":["Pommel Strike","Perfected Strike"],"picked":"Infernal Blade","floor":19}],"player_experience":1614927,"relics_obtained":[{"floor":7,"key":"MawBank"},{"floor":9,"key":"Omamori"}],"event_choices":[{"damage_healed":29,"gold_gain":0,"player_choice":"Banana","damage_taken":0,"max_hp_gain":0,"max_hp_loss":0,"event_name":"Big Fish","floor":4,"gold_loss":0},{"damage_healed":0,"gold_gain":0,"player_choice":"Take Wound","damage_taken":0,"relics_obtained":["Golden Idol"],"max_hp_gain":0,"max_hp_loss":0,"event_name":"Golden Idol","floor":5,"gold_loss":0,"cards_obtained":["Injury"]},{"cards_removed":["Injury"],"damage_healed":0,"gold_gain":0,"player_choice":"Card Removal","damage_taken":0,"max_hp_gain":0,"max_hp_loss":0,"event_name":"The Cleric","floor":8,"gold_loss":75}],"is_beta":false,"boss_relics":[{"not_picked":["Runic Dome","Snecko Eye"],"picked":"White Beast Statue"}],"items_purged_floors":[13],"is_endless":false,"potions_floor_spawned":[1,3,14,16,18,19],"killed_by":"Snecko","ascension_level":17}