{"gold_per_floor":[109,109,34,97,62,62,91,110,110,135,153,153,182,197,197,276,276,276],"floor_reached":18,"playtime":475,"items_purged":["Strike_R"],"score":336,"play_id":"82de64b4-844c-4750-b9ac-38b78e5dbf28","local_time":"20190518103002","is_ascension_mode":true,"campfire_choices":[{"data":"Clothesline","floor":6,"key":"SMITH"},{"floor":12,"key":"REST"},{"floor":15,"key":"REST"}],"neow_cost":"NONE","seed_source_timestamp":54170505437423,"circlet_count":0,"master_deck":["AscendersBane","Strike_R","Strike_R+1","Strike_R+1","Strike_R","Defend_R","Defend_R","Defend_R","Defend_R","Bash","Finesse","Clothesline+1","Shockwave","Shrug It Off","Limit Break"],"relics":["Burning Blood","Bag of Preparation","Pear","Blood Vial","Potion Belt","Philosopher\u0027s Stone"],"potions_floor_usage":[13,16],"damage_taken":[{"damage":14,"enemies":"Small Slimes","floor":1,"turns":5},{"damage":53,"enemies":"3 Sentries","floor":7,"turns":12},{"damage":4,"enemies":"Jaw Worm","floor":8,"turns":4},{"damage":0,"enemies":"2 Louse","floor":11,"turns":3},{"damage":21,"enemies":"Lagavulin","floor":13,"turns":5},{"damage":11,"enemies":"Red Slaver","floor":14,"turns":4},{"damage":58,"enemies":"The Guardian","floor":16,"turns":14},{"damage":0,"enemies":"Spheric Guardian","floor":18,"turns":1}],"seed_played":"-2958555502565045682","potions_obtained":[{"floor":11,"key":"Energy Potion"},{"floor":13,"key":"Poison Potion"},{"floor":16,"key":"Energy Potion"}],"is_trial":false,"path_per_floor":["M","?","$","?","?","R","E","M","T","T","M","R","E","M","R","B",null,"M"],"character_chosen":"IRONCLAD","items_purchased":[],"campfire_rested":2,"item_purchase_floors":[],"current_hp_per_floor":[60,37,37,37,55,55,8,10,20,20,28,53,40,37,62,12,67,69],"gold":276,"neow_bonus":"RANDOM_COLORLESS","is_prod":false,"is_daily":false,"chose_seed":false,"campfire_upgraded":1,"win_rate":0,"timestamp":1558168202,"path_taken":["M","?","$","?","?","R","E","M","T","?","?","R","E","?","R","BOSS","M"],"build_version":"2019-01-23","purchased_purges":1,"victory":false,"max_hp_per_floor":[75,75,75,75,75,75,75,75,85,85,85,85,85,85,85,85,85,85],"card_choices":[{"not_picked":["Evolve","Ghostly Armor"],"picked":"Clothesline","floor":1},{"not_picked":["Havoc","Clothesline"],"picked":"Shockwave","floor":7},{"not_picked":["Infernal Blade","True Grit","Heavy Blade"],"picked":"SKIP","floor":8},{"not_picked":["True Grit","Rage","Second Wind"],"picked":"SKIP","floor":11},{"not_picked":["Pommel Strike","Spot Weakness"],"picked":"Shrug It Off","floor":13},{"not_picked":["Wild Strike","Dual Wield","Heavy Blade"],"picked":"SKIP","floor":14},{"not_picked":["Dark Embrace","Exhume"],"picked":"Limit Break","floor":16}],"player_experience":791173,"relics_obtained":[{"floor":7,"key":"Bag of Preparation"},{"floor":9,"key":"Pear"},{"floor":10,"key":"Blood Vial"},{"floor":13,"key":"Potion Belt"}],"event_choices":[{"damage_healed":0,"gold_gain":0,"player_choice":"Entered Light","damage_taken":23,"max_hp_gain":0,"max_hp_loss":0,"event_name":"Shining Light","floor":2,"gold_loss":0,"cards_upgraded":["Strike_R","Strike_R"]},{"damage_healed":0,"gold_gain":63,"player_choice":"Gained Gold","damage_taken":0,"max_hp_gain":0,"max_hp_loss":0,"event_name":"Golden Wing","floor":4,"gold_loss":0},{"damage_healed":18,"gold_gain":0,"player_choice":"Healed","damage_taken":0,"max_hp_gain":0,"max_hp_loss":0,"event_name":"The Cleric","floor":5,"gold_loss":35}],"is_beta":false,"boss_relics":[{"not_picked":["Ectoplasm","Black Blood"],"picked":"Philosopher\u0027s Stone"}],"items_purged_floors":[3],"is_endless":false,"potions_floor_spawned":[11,13,16],"killed_by":"Spheric Guardian","ascension_level":20}