{"gold_per_floor":[113,123,123,123,123,458,458,483,483,494,117,136,136,136,136,209,209,228,2,21,21,21,21],"floor_reached":23,"playtime":552,"items_purged":["Strike_B"],"score":411,"play_id":"2f2baef7-bab1-4de6-bd72-c3fc08d31f6d","local_time":"20190808214635","is_ascension_mode":true,"campfire_choices":[{"data":"Conserve Battery","floor":7,"key":"SMITH"},{"data":"Self Repair","floor":13,"key":"SMITH"},{"floor":15,"key":"REST"}],"neow_cost":"NONE","seed_source_timestamp":535804040304200,"circlet_count":0,"master_deck":["AscendersBane","Strike_B+1","Strike_B+1","Strike_B+1","Defend_B+1","Defend_B+1","Defend_B+1","Defend_B+1","Zap+1","Dualcast","Double Energy","Conserve Battery+1","Hologram","Leap","Hologram","Melter","Ball Lightning","Self Repair+1","Echo Form","Chill","Meteor Strike","Consume","Reinforced Body"],"relics":["Cracked Core","NeowsBlessing","Old Coin","Whetstone","Pantograph","Anchor","Busted Crown"],"potions_floor_usage":[12,16,23],"damage_taken":[{"damage":0,"enemies":"Jaw Worm","floor":1,"turns":1},{"damage":0,"enemies":"Small Slimes","floor":2,"turns":1},{"damage":0,"enemies":"Lagavulin","floor":6,"turns":1},{"damage":36,"enemies":"Gremlin Nob","floor":8,"turns":5},{"damage":0,"enemies":"2 Louse","floor":10,"turns":3},{"damage":0,"enemies":"2 Fungi Beasts","floor":12,"turns":1},{"damage":63,"enemies":"Slime Boss","floor":16,"turns":10},{"damage":15,"enemies":"Chosen","floor":18,"turns":5},{"damage":13,"enemies":"Shell Parasite","floor":20,"turns":7},{"damage":64,"enemies":"Gremlin Leader","floor":23,"turns":4}],"seed_played":"2708803191599193854","potions_obtained":[{"floor":6,"key":"Strength Potion"},{"floor":10,"key":"Fire Potion"},{"floor":12,"key":"FairyPotion"},{"floor":18,"key":"Regen Potion"}],"is_trial":false,"path_per_floor":["M","M","?","?","?","E","R","E","T","M","$","M","R","?","R","B",null,"M","$","M","?","?","E"],"character_chosen":"DEFECT","items_purchased":["Anchor","Melter","Ball Lightning","Meteor Strike","Consume"],"campfire_rested":1,"item_purchase_floors":[11,11,11,19,19],"current_hp_per_floor":[64,64,43,48,48,48,48,12,12,12,12,12,12,12,34,17,61,56,56,63,63,41,0],"gold":21,"neow_bonus":"THREE_ENEMY_KILL","is_prod":false,"is_daily":false,"chose_seed":false,"campfire_upgraded":2,"win_rate":0,"timestamp":1565293595,"path_taken":["M","M","?","?","?","E","R","E","T","M","$","M","R","?","R","BOSS","M","$","M","?","?","E"],"build_version":"2019-07-17","purchased_purges":1,"victory":false,"max_hp_per_floor":[71,71,71,76,76,76,76,76,76,76,76,76,76,76,76,76,76,76,76,76,76,81,81],"card_choices":[{"not_picked":["Turbo","Scrape"],"picked":"Double Energy","floor":1},{"not_picked":["Barrage","Rebound"],"picked":"Conserve Battery","floor":2},{"not_picked":["Conserve Battery","Consume"],"picked":"Hologram","floor":6},{"not_picked":["Coolheaded","Turbo"],"picked":"Leap","floor":8},{"not_picked":["Rebound","Leap"],"picked":"Hologram","floor":10},{"not_picked":["Double Energy","Streamline"],"picked":"Self Repair","floor":12},{"not_picked":["Meteor Strike","Machine Learning"],"picked":"Echo Form","floor":16},{"not_picked":[],"picked":"Chill","floor":18},{"not_picked":[],"picked":"Reinforced Body","floor":20}],"player_experience":1839162,"relics_obtained":[{"floor":6,"key":"Old Coin"},{"floor":8,"key":"Whetstone"},{"floor":9,"key":"Pantograph"}],"event_choices":[{"damage_healed":0,"gold_gain":0,"player_choice":"Entered Light","damage_taken":21,"max_hp_gain":0,"max_hp_loss":0,"event_name":"Shining Light","floor":3,"gold_loss":0,"cards_upgraded":["Strike_B","Defend_B"]},{"damage_healed":0,"gold_gain":0,"player_choice":"Donut","damage_taken":0,"max_hp_gain":5,"max_hp_loss":0,"event_name":"Big Fish","floor":4,"gold_loss":0},{"damage_healed":0,"gold_gain":0,"player_choice":"Grow","damage_taken":0,"max_hp_gain":0,"max_hp_loss":0,"event_name":"Living Wall","floor":5,"gold_loss":0,"cards_upgraded":["Zap"]},{"damage_healed":0,"gold_gain":0,"player_choice":"Ignored","damage_taken":0,"max_hp_gain":0,"max_hp_loss":0,"event_name":"Liars Game","floor":14,"gold_loss":0},{"damage_healed":0,"gold_gain":0,"player_choice":"Simplicity","damage_taken":0,"max_hp_gain":0,"max_hp_loss":0,"event_name":"Back to Basics","floor":21,"gold_loss":0,"cards_upgraded":["Defend_B","Defend_B","Defend_B"]},{"damage_healed":0,"gold_gain":0,"player_choice":"Shed Blood","damage_taken":27,"max_hp_gain":5,"max_hp_loss":0,"event_name":"Forgotten Altar","floor":22,"gold_loss":0}],"is_beta":false,"boss_relics":[{"not_picked":["Philosopher\u0027s Stone","Eternal Feather"],"picked":"Busted Crown"}],"items_purged_floors":[11],"is_endless":false,"potions_floor_spawned":[6,10,12,18],"killed_by":"Gremlin Leader","ascension_level":17}