{"path_per_floor":["M","M","$","M","?","E","M","R","T","E","M","R","?","?","R","B",null,"M","?","M","?","$","?","M","?","T","R","M","M"],"character_chosen":"DEFECT","items_purchased":["Storm","Doom and Gloom","Static Discharge","White Noise"],"gold_per_floor":[111,122,9,26,26,59,71,71,98,133,146,146,221,221,221,316,316,336,251,261,261,35,35,51,51,51,51,62,76,76],"floor_reached":30,"campfire_rested":2,"playtime":1367,"item_purchase_floors":[],"current_hp_per_floor":[75,75,75,75,57,24,26,64,64,47,47,47,36,41,79,40,79,55,55,53,53,53,53,18,18,18,18,11,11,0],"items_purged":["Defend_B"],"gold":76,"score":276,"play_id":"a241afd1-c605-469b-89a8-9446efb7d4f0","local_time":"20180619223307","is_prod":false,"is_daily":false,"chose_seed":false,"is_ascension_mode":true,"campfire_upgraded":2,"win_rate":0,"timestamp":1529443987,"campfire_choices":[{"floor":8.0,"key":"REST"},{"data":"Reinforced Body","floor":12.0,"key":"SMITH"},{"floor":15,"key":"REST"},{"data":"Storm","floor":27,"key":"SMITH"}],"path_taken":["M","M","$","M","?","E","?","R","T","E","M","R","?","?","R","BOSS","M","?","?","?","$","?","M","?","T","R","?","M","M"],"build_version":"2018-06-14v2","seed_source_timestamp":0,"purchased_purges":1,"victory":false,"master_deck":["Strike_B","Strike_B+1","Strike_B+1","Defend_B","Defend_B","Defend_B","Zap","Dualcast","Go for the Eyes","Storm+1","Doom and Gloom","Reinforced Body+1","Rainbow","Static Discharge","Machine Learning","Barrage","Melter+1","Beam Cell","Static Discharge","White Noise","Seek","Glacier"],"max_hp_per_floor":[75,75,75,75,75,77,79,79,79,79,79,79,79,79,79,79,79,79,79,79,79,79,79,79,79,79,79,81,81,81],"special_seed":17701,"relics":["Cracked Core","Whetstone","Singing Bowl","Regal Pillow","Bag of Preparation","Ancient Tea Set","Coffee Dripper","Anchor","Blue Candle","Shuriken"],"card_choices":[{"not_picked":["Gash","Steam"],"picked":"Streamline","floor":1.0},{"not_picked":["Conserve Battery","Ball Lightning"],"picked":"Go for the Eyes","floor":2.0},{"not_picked":["Conserve Battery","Stack"],"picked":"Reinforced Body","floor":4.0},{"not_picked":["Reprogram","Lockon","Barrage"],"picked":"Singing Bowl","floor":6.0},{"not_picked":["Fusion","Steam","Go for the Eyes"],"picked":"Singing Bowl","floor":7.0},{"not_picked":["Rebound","Rip and Tear"],"picked":"Rainbow","floor":10.0},{"not_picked":["Glacier","Cold Snap"],"picked":"Static Discharge","floor":11.0},{"not_picked":["Echo Form","Reboot"],"picked":"Machine Learning","floor":16},{"not_picked":["Gash","Stack"],"picked":"Barrage","floor":18},{"not_picked":["Gash","Reinforced Body+1"],"picked":"Melter+1","floor":20},{"not_picked":["Rip and Tear+1","Leap"],"picked":"Seek","floor":24},{"not_picked":["Sweeping Beam+1","Stack","Turbo"],"picked":"Singing Bowl","floor":28},{"not_picked":["Go for the Eyes","Barrage"],"picked":"Glacier","floor":29}],"player_experience":456845,"potions_floor_usage":[16],"damage_taken":[{"damage":0.0,"enemies":"Small Slimes","floor":1.0,"turns":3.0},{"damage":0.0,"enemies":"Jaw Worm","floor":2.0,"turns":3.0},{"damage":0.0,"enemies":"Cultist","floor":4.0,"turns":2.0},{"damage":35.0,"enemies":"Lagavulin","floor":6.0,"turns":4.0},{"damage":0.0,"enemies":"Large Slime","floor":7.0,"turns":4.0},{"damage":17.0,"enemies":"3 Sentries","floor":10.0,"turns":6.0},{"damage":0.0,"enemies":"Exordium Wildlife","floor":11.0,"turns":3.0},{"damage":39,"enemies":"Hexaghost","floor":16,"turns":8},{"damage":24,"enemies":"Shell Parasite","floor":18,"turns":5},{"damage":2,"enemies":"Spheric Guardian","floor":20,"turns":3},{"damage":35,"enemies":"Slaver and Parasite","floor":24,"turns":3},{"damage":9,"enemies":"Cultist and Chosen","floor":28,"turns":4},{"damage":0,"enemies":"Snake Plant","floor":29,"turns":2},{"damage":13,"enemies":"Snecko","floor":30,"turns":2}],"relics_obtained":[{"floor":6.0,"key":"Regal Pillow"},{"floor":9.0,"key":"Bag of Preparation"},{"floor":10.0,"key":"Ancient Tea Set"},{"floor":26,"key":"Shuriken"}],"event_choices":[{"event_name":"Scrap Ooze","player_choice":"success","floor":5.0,"damage_taken":18.0},{"event_name":"World of Goop","player_choice":"Gather Gold","floor":13.0,"damage_taken":0.0},{"event_name":"Bonfire Elementals","player_choice":"COMMON","floor":14.0,"damage_taken":0.0},{"event_name":"Addict","player_choice":"Obtained Relic","floor":19,"damage_taken":0},{"event_name":"Transmorgrifier","player_choice":"Transform","floor":21,"damage_taken":0},{"event_name":"The Mausoleum","player_choice":"Yes","floor":23,"damage_taken":0},{"event_name":"Ghosts","player_choice":"Ignored","floor":25,"damage_taken":0}],"boss_relics":[{"not_picked":["Velvet Choker","Astrolabe"],"picked":"Coffee Dripper"}],"items_purged_floors":[22],"is_endless":false,"potions_floor_spawned":[2,6,7,10,18,20,28,29],"seed_played":"3712986522040286177","killed_by":"Snecko","ascension_level":3,"potions_obtained":[{"floor":2.0,"key":"PowerPotion"},{"floor":6.0,"key":"SmokeBomb"},{"floor":7.0,"key":"PowerPotion"},{"floor":10.0,"key":"SteroidPotion"},{"floor":18,"key":"LiquidBronze"},{"floor":20,"key":"Energy Potion"},{"floor":29,"key":"Fire Potion"}],"is_trial":false}