{"gold_per_floor":[115,126,3,0,19,19,33,33,33,33,45,45,45,45,45,145,145,159,177,188,88,88,88,51,61,86,100,100,65,75,94,94,198,198,212,87,87,103,36,66,66,82,82,82,0,0,18,18,18,18,18,18,18,51,51],"floor_reached":55,"playtime":3318,"items_purged":["Decay","Strike_G","Writhe"],"score":637,"play_id":"65d34c81-8bfc-428a-ac2a-1f456c645ee0","local_time":"20190610155750","is_ascension_mode":false,"campfire_choices":[{"data":"Bouncing Flask","floor":6.0,"key":"SMITH"},{"data":"Distraction","floor":8.0,"key":"SMITH"},{"data":"Poisoned Stab","floor":10.0,"key":"SMITH"},{"floor":15.0,"key":"REST"},{"floor":23.0,"key":"REST"},{"floor":28.0,"key":"REST"},{"floor":32.0,"key":"REST"},{"floor":41.0,"key":"REST"},{"floor":46.0,"key":"RECALL"},{"floor":49.0,"key":"REST"},{"floor":52.0,"key":"REST"}],"neow_cost":"CURSE","seed_source_timestamp":78188371283225,"circlet_count":0,"master_deck":["Defend_G","Defend_G","Defend_G","Defend_G","Defend_G","Strike_G","Strike_G","Strike_G","Survivor","Neutralize","Bouncing Flask+1","Poisoned Stab+1","Distraction+1","Backflip","Adrenaline","Escape Plan","Crippling Poison+1","Dash","PiercingWail","Crippling Poison","Adrenaline","Wraith Form v2","Transmutation","Well Laid Plans","Noxious Fumes+1","Escape Plan"],"special_seed":0,"relics":["Ring of the Snake","The Specimen","StoneCalendar","Cursed Key","Incense Burner","Fusion Hammer","Juzu Bracelet","Red Mask","Gremlin Horn"],"potions_floor_usage":[55],"damage_taken":[{"damage":2.0,"enemies":"Jaw Worm","floor":1.0,"turns":5.0},{"damage":8.0,"enemies":"2 Louse","floor":2.0,"turns":2.0},{"damage":1.0,"enemies":"Cultist","floor":5.0,"turns":3.0},{"damage":3.0,"enemies":"3 Louse","floor":7.0,"turns":3.0},{"damage":14.0,"enemies":"Exordium Thugs","floor":11.0,"turns":5.0},{"damage":15.0,"enemies":"Hexaghost","floor":16.0,"turns":8.0},{"damage":10.0,"enemies":"3 Byrds","floor":18.0,"turns":6.0},{"damage":0.0,"enemies":"Chosen","floor":19.0,"turns":4.0},{"damage":19.0,"enemies":"Snecko","floor":20.0,"turns":6.0},{"damage":16.0,"enemies":"Snake Plant","floor":25.0,"turns":4.0},{"damage":14.0,"enemies":"Cultist and Chosen","floor":27.0,"turns":7.0},{"damage":2.0,"enemies":"Centurion and Healer","floor":30.0,"turns":7.0},{"damage":0.0,"enemies":"Snake Plant","floor":31.0,"turns":4.0},{"damage":11.0,"enemies":"Automaton","floor":33.0,"turns":7.0},{"damage":0.0,"enemies":"3 Shapes","floor":35.0,"turns":4.0},{"damage":6.0,"enemies":"3 Darklings","floor":38.0,"turns":5.0},{"damage":21.0,"enemies":"Reptomancer","floor":40.0,"turns":6.0},{"damage":0.0,"enemies":"4 Shapes","floor":42.0,"turns":3.0},{"damage":17.0,"enemies":"Sphere and 2 Shapes","floor":47.0,"turns":5.0},{"damage":45.0,"enemies":"Donu and Deca","floor":50.0,"turns":9.0},{"damage":26,"enemies":"Shield and Spear","floor":54,"turns":7},{"damage":45,"enemies":"The Heart","floor":55,"turns":8}],"seed_played":"-6583234955490990339","potions_obtained":[{"floor":2.0,"key":"EssenceOfSteel"},{"floor":16.0,"key":"FearPotion"},{"floor":18.0,"key":"Dexterity Potion"},{"floor":19.0,"key":"PowerPotion"},{"floor":27.0,"key":"AttackPotion"},{"floor":31.0,"key":"Block Potion"},{"floor":38.0,"key":"LiquidBronze"},{"floor":54,"key":"SpeedPotion"}],"is_trial":false,"path_per_floor":["M","M","$","?","M","R","M","R","T","R","M","?","$","?","R","B",null,"M","M","M","$","?","R","$","M","T","M","R","$","M","M","R","B",null,"M","$","?","M","$","E","R","M","T","?","?","R","M","?","R","B",null,"R","$","E","B"],"character_chosen":"THE_SILENT","items_purchased":["Poisoned Stab","Dash","Crippling Poison","Well Laid Plans"],"campfire_rested":7,"item_purchase_floors":[3,24,29,39],"current_hp_per_floor":[68,60,60,60,59,59,56,56,56,56,42,47,47,47,69,54,75,65,65,46,46,46,68,68,52,52,38,60,60,58,58,75,64,75,75,75,75,69,69,48,70,70,70,70,70,70,53,53,71,26,71,71,71,45,0],"gold":51,"neow_bonus":"ONE_RARE_RELIC","is_prod":false,"is_daily":false,"chose_seed":false,"campfire_upgraded":3,"win_rate":0,"timestamp":1560196670,"path_taken":["M","M","$","?","M","R","M","R","T","R","M","?","?","?","R","BOSS","M","?","M","$","?","R","?","M","T","M","R","$","M","M","R","BOSS","M","$","?","M","$","E","R","M","T","?","?","R","M","?","R","BOSS","R","$","E","BOSS"],"build_version":"2019-01-23","purchased_purges":3,"victory":false,"max_hp_per_floor":[70,70,70,70,70,70,70,70,70,70,70,75,75,75,75,75,75,75,75,75,75,75,75,75,75,75,75,75,75,75,75,75,75,75,75,75,75,75,75,75,75,75,75,75,75,75,75,71,71,71,71,71,71,71,71],"card_choices":[{"not_picked":["PiercingWail","Backflip"],"picked":"Bouncing Flask","floor":1.0},{"not_picked":["Heel Hook","Outmaneuver","Dagger Spray"],"picked":"SKIP","floor":2.0},{"not_picked":["Well Laid Plans","Infinite Blades"],"picked":"Distraction","floor":5.0},{"not_picked":["Blade Dance","Distraction","Quick Slash"],"picked":"SKIP","floor":7.0},{"not_picked":["Backstab","Reflex"],"picked":"Backflip","floor":11.0},{"not_picked":["Glass Knife","A Thousand Cuts"],"picked":"Adrenaline","floor":16.0},{"not_picked":["Slice","Blade Dance+1"],"picked":"Escape Plan","floor":18.0},{"not_picked":["All Out Attack","PiercingWail","Flying Knee"],"picked":"SKIP","floor":19.0},{"not_picked":["Cloak And Dagger+1","Outmaneuver"],"picked":"Crippling Poison+1","floor":20.0},{"not_picked":["Dodge and Roll","Predator+1","Footwork"],"picked":"SKIP","floor":25.0},{"not_picked":["Dagger Spray","Dagger Throw"],"picked":"PiercingWail","floor":27.0},{"not_picked":["Acrobatics","Reflex"],"picked":"Adrenaline","floor":30.0},{"not_picked":["Finisher","Quick Slash","Blade Dance"],"picked":"SKIP","floor":31.0},{"not_picked":["Phantasmal Killer","Venomology"],"picked":"Wraith Form v2","floor":33.0},{"not_picked":["Poisoned Stab","Dagger Throw","Underhanded Strike+1"],"picked":"SKIP","floor":35.0},{"not_picked":["Swift Strike","PanicButton"],"picked":"Transmutation","floor":37.0},{"not_picked":["Dagger Spray","Sucker Punch+1","Deflect"],"picked":"SKIP","floor":38.0},{"not_picked":["Dagger Spray","Underhanded Strike"],"picked":"Noxious Fumes+1","floor":40.0},{"not_picked":["Bane+1","Cloak And Dagger"],"picked":"Escape Plan","floor":42.0},{"not_picked":["Poisoned Stab","Underhanded Strike+1","Concentrate"],"picked":"SKIP","floor":47.0},{"not_picked":["Bane+1","Dagger Throw+1","Underhanded Strike"],"picked":"SKIP","floor":54}],"player_experience":187964,"relics_obtained":[{"floor":9.0,"key":"StoneCalendar"},{"floor":40.0,"key":"Juzu Bracelet"},{"floor":54,"key":"Gremlin Horn"}],"event_choices":[{"damage_healed":0.0,"max_hp_gain":0.0,"max_hp_loss":0.0,"gold_gain":0.0,"event_name":"World of Goop","player_choice":"Left Gold","floor":4.0,"gold_loss":3.0,"damage_taken":0.0},{"damage_healed":0.0,"max_hp_gain":5.0,"max_hp_loss":0.0,"gold_gain":0.0,"event_name":"Big Fish","player_choice":"Donut","floor":12.0,"gold_loss":0.0,"damage_taken":0.0},{"cards_removed":["Strike_G"],"damage_healed":0.0,"max_hp_gain":0.0,"max_hp_loss":0.0,"gold_gain":0.0,"event_name":"Purifier","player_choice":"Purged","floor":14.0,"gold_loss":0.0,"damage_taken":0.0},{"damage_healed":0.0,"max_hp_gain":0.0,"max_hp_loss":0.0,"gold_gain":0.0,"event_name":"The Mausoleum","player_choice":"Opened","floor":22.0,"gold_loss":0.0,"damage_taken":0.0,"relics_obtained":["Incense Burner"]},{"damage_healed":0.0,"max_hp_gain":0.0,"max_hp_loss":0.0,"gold_gain":0.0,"event_name":"SensoryStone","player_choice":"Memory 1","floor":37.0,"gold_loss":0.0,"damage_taken":0.0},{"damage_healed":0.0,"max_hp_gain":0.0,"max_hp_loss":0.0,"gold_gain":0.0,"event_name":"Match and Keep!","player_choice":"0 cards matched","floor":44.0,"gold_loss":0.0,"damage_taken":0.0,"cards_obtained":[]},{"damage_healed":0.0,"max_hp_gain":0.0,"max_hp_loss":0.0,"gold_gain":0.0,"event_name":"Tomb of Lord Red Mask","player_choice":"Paid","floor":45.0,"gold_loss":82.0,"damage_taken":0.0,"relics_obtained":["Red Mask"]},{"damage_healed":0.0,"max_hp_gain":0.0,"max_hp_loss":4.0,"gold_gain":0.0,"event_name":"Winding Halls","player_choice":"Max HP","floor":48.0,"gold_loss":0.0,"damage_taken":0.0}],"is_beta":false,"boss_relics":[{"not_picked":["Runic Pyramid","Empty Cage"],"picked":"Cursed Key"},{"not_picked":["Ring of the Serpent","Coffee Dripper"],"picked":"Fusion Hammer"}],"items_purged_floors":[3,21,36],"is_endless":false,"potions_floor_spawned":[2,16,18,19,27,31,38,54],"killed_by":"The Heart","ascension_level":0}