{"gold_per_floor":[117,292,292,141,141,141,141,141,141,161,161,161,171,190,190,287,287,304,304,304,219,219,219,229,240,240,240,270,270,280,311,323,335],"floor_reached":33,"playtime":468,"items_purged":["Strike_R"],"score":296,"play_id":"504dbf53-597d-47ef-aa1c-837f20b2472e","local_time":"20190922023834","is_ascension_mode":false,"campfire_choices":[{"data":"Searing Blow","floor":6.0,"key":"SMITH"},{"data":"Searing Blow+1","floor":7.0,"key":"SMITH"},{"data":"Searing Blow+2","floor":8.0,"key":"SMITH"},{"data":"Searing Blow+3","floor":12.0,"key":"SMITH"},{"data":"Searing Blow+4","floor":15.0,"key":"SMITH"},{"data":"Searing Blow+5","floor":23.0,"key":"SMITH"},{"data":"Searing Blow+6","floor":29,"key":"SMITH"},{"data":"Searing Blow+7","floor":32,"key":"SMITH"}],"neow_cost":"NONE","seed_source_timestamp":18923379245083,"circlet_count":0,"master_deck":["Strike_R+1","Defend_R","Defend_R","Defend_R","Defend_R","Bash","Searing Blow+8","Thunderclap","Armaments+1","Combust","Iron Wave+1"],"special_seed":0,"relics":["Burning Blood","NeowsBlessing","WingedGreaves","Self Forming Clay","Runic Dome","Ancient Tea Set","Vajra","Gremlin Horn","Whetstone","MawBank"],"potions_floor_usage":[],"damage_taken":[{"damage":0.0,"enemies":"2 Louse","floor":1.0,"turns":1.0},{"damage":0.0,"enemies":"Small Slimes","floor":10.0,"turns":1.0},{"damage":0.0,"enemies":"Jaw Worm","floor":13.0,"turns":1.0},{"damage":6.0,"enemies":"Large Slime","floor":14.0,"turns":3.0},{"damage":43.0,"enemies":"Hexaghost","floor":16.0,"turns":6.0},{"damage":5.0,"enemies":"Shell Parasite","floor":18.0,"turns":3.0},{"damage":15.0,"enemies":"2 Thieves","floor":24.0,"turns":2.0},{"damage":0.0,"enemies":"Snake Plant","floor":25.0,"turns":1.0},{"damage":16.0,"enemies":"Slavers","floor":28.0,"turns":5.0},{"damage":2,"enemies":"Centurion and Healer","floor":30,"turns":2},{"damage":24,"enemies":"Gremlin Leader","floor":31,"turns":4},{"damage":58,"enemies":"Automaton","floor":33,"turns":9}],"seed_played":"5008768931420441854","potions_obtained":[{"floor":13.0,"key":"DuplicationPotion"},{"floor":14.0,"key":"AttackPotion"},{"floor":28.0,"key":"ElixirPotion"}],"is_trial":false,"path_per_floor":["M","?","?","$","?","R","R","R","T","M","?","R","M","M","R","B",null,"M","?","?","?","?","R","M","M","T","?","E","R","M","E","R","B"],"character_chosen":"IRONCLAD","items_purchased":["Searing Blow"],"campfire_rested":0,"item_purchase_floors":[4],"current_hp_per_floor":[80,80,80,80,73,73,73,73,73,79,84,84,85,85,85,48,85,85,85,85,85,85,85,76,82,82,82,72,72,76,58,58,0],"gold":335,"neow_bonus":"THREE_ENEMY_KILL","is_prod":false,"is_daily":false,"chose_seed":false,"campfire_upgraded":8,"win_rate":0,"timestamp":1569141514,"path_taken":["M","?","?","$","?","R","R","R","T","M","?","R","?","M","R","BOSS","M","?","?","?","?","R","?","M","T","?","E","R","M","E","R","BOSS"],"build_version":"2019-09-20","purchased_purges":1,"victory":false,"max_hp_per_floor":[80,80,80,80,80,80,80,80,80,80,85,85,85,85,85,85,85,85,85,85,85,85,85,85,85,85,85,85,85,85,85,85,85],"card_choices":[{"not_picked":["Perfected Strike","Armaments","Clothesline"],"picked":"SKIP","floor":1.0},{"not_picked":["Warcry","Clash","Searing Blow"],"picked":"SKIP","floor":10.0},{"not_picked":["Uppercut","Pummel"],"picked":"Thunderclap","floor":13.0},{"not_picked":["Twin Strike","Clothesline","Cleave"],"picked":"SKIP","floor":14.0},{"not_picked":["Flex","Wild Strike","Twin Strike"],"picked":"SKIP","floor":18.0},{"not_picked":["Armaments","Clash","Pommel Strike"],"picked":"SKIP","floor":24.0},{"not_picked":["Hemokinesis","Sword Boomerang","Armaments+1"],"picked":"SKIP","floor":25.0},{"not_picked":["Hemokinesis","Sword Boomerang"],"picked":"Armaments+1","floor":25.0},{"not_picked":["Carnage+1","Burning Pact","Evolve"],"picked":"SKIP","floor":28.0},{"not_picked":["Warcry","Evolve","Clash+1"],"picked":"SKIP","floor":30},{"not_picked":["Perfected Strike","True Grit","Seeing Red"],"picked":"SKIP","floor":31}],"player_experience":1577117,"relics_obtained":[{"floor":9.0,"key":"Self Forming Clay"},{"floor":22.0,"key":"Vajra"},{"floor":26.0,"key":"Gremlin Horn"},{"floor":28.0,"key":"Whetstone"},{"floor":31,"key":"MawBank"}],"event_choices":[{"damage_healed":0.0,"max_hp_gain":0.0,"max_hp_loss":0.0,"gold_gain":175.0,"event_name":"Liars Game","player_choice":"AGREE","floor":2.0,"gold_loss":0.0,"damage_taken":0.0,"cards_obtained":["Doubt"]},{"cards_removed":["Doubt"],"damage_healed":0.0,"max_hp_gain":0.0,"max_hp_loss":0.0,"gold_gain":0.0,"event_name":"Living Wall","player_choice":"Forget","floor":3.0,"gold_loss":0.0,"damage_taken":0.0},{"damage_healed":0.0,"max_hp_gain":0.0,"max_hp_loss":0.0,"gold_gain":0.0,"event_name":"Scrap Ooze","player_choice":"Success","floor":5.0,"gold_loss":0.0,"damage_taken":7.0,"relics_obtained":["WingedGreaves"]},{"damage_healed":0.0,"max_hp_gain":5.0,"max_hp_loss":0.0,"gold_gain":0.0,"event_name":"Big Fish","player_choice":"Donut","floor":11.0,"gold_loss":0.0,"damage_taken":0.0},{"damage_healed":0.0,"max_hp_gain":0.0,"max_hp_loss":0.0,"gold_gain":0.0,"event_name":"Ghosts","player_choice":"Ignored","floor":19.0,"gold_loss":0.0,"damage_taken":0.0},{"cards_removed":["Strike_R"],"damage_healed":0.0,"max_hp_gain":0.0,"max_hp_loss":0.0,"gold_gain":0.0,"event_name":"Back to Basics","player_choice":"Elegance","floor":20.0,"gold_loss":0.0,"damage_taken":0.0},{"damage_healed":0.0,"max_hp_gain":0.0,"max_hp_loss":0.0,"gold_gain":0.0,"event_name":"Addict","player_choice":"Obtained Relic","floor":21.0,"gold_loss":85.0,"damage_taken":0.0,"relics_obtained":["Ancient Tea Set"]},{"damage_healed":0.0,"max_hp_gain":0.0,"max_hp_loss":0.0,"gold_gain":0.0,"event_name":"Wheel of Change","player_choice":"Relic","floor":22.0,"gold_loss":0.0,"damage_taken":0.0},{"damage_healed":0.0,"max_hp_gain":0.0,"max_hp_loss":0.0,"gold_gain":0.0,"cards_transformed":["Strike_R","Strike_R"],"event_name":"Drug Dealer","player_choice":"Became Test Subject","floor":27.0,"gold_loss":0.0,"damage_taken":0.0,"cards_obtained":["Combust","Iron Wave"]}],"is_beta":true,"boss_relics":[{"not_picked":["Tiny House","Pandora\u0027s Box"],"picked":"Runic Dome"}],"items_purged_floors":[4],"is_endless":false,"potions_floor_spawned":[13,14,28],"killed_by":"Automaton","ascension_level":0}