{"gold_per_floor":[118,118,137,62,82,82,82,82,82,82,98,98,98,132,132,228,228,244,169,84,98,98],"floor_reached":22,"playtime":1258,"items_purged":["Strike_R"],"score":291,"play_id":"a1ef2fb2-fc27-4bbb-b354-bc87bb339784","local_time":"20180902194300","is_ascension_mode":true,"campfire_choices":[{"data":"Clothesline","floor":6,"key":"SMITH"},{"floor":13,"key":"REST"},{"data":"Uppercut","floor":15,"key":"SMITH"}],"neow_cost":"","seed_source_timestamp":1327196858078397,"circlet_count":0,"master_deck":["Strike_R","Strike_R","Strike_R","Defend_R+1","Defend_R","Defend_R+1","Defend_R+1","Bash","AscendersBane","Clothesline+1","Headbutt+1","Metallicize","Uppercut+1","Body Slam","Barricade+1","Inflame+1","Spot Weakness"],"relics":["Burning Blood","War Paint","Frozen Egg 2","Question Card","Blood Vial","Sozu","Anchor"],"potions_floor_usage":[16,22],"damage_taken":[{"damage":5,"enemies":"2 Louse","floor":1,"turns":3},{"damage":7,"enemies":"Small Slimes","floor":3,"turns":5},{"damage":2,"enemies":"Jaw Worm","floor":5,"turns":3},{"damage":23,"enemies":"Exordium Wildlife","floor":11,"turns":6},{"damage":18,"enemies":"3 Sentries","floor":14,"turns":11},{"damage":33,"enemies":"The Guardian","floor":16,"turns":18},{"damage":58,"enemies":"3 Byrds","floor":18,"turns":8},{"damage":0,"enemies":"Chosen","floor":21,"turns":4},{"damage":33,"enemies":"3 Cultists","floor":22,"turns":4}],"seed_played":"-8257561847116044867","potions_obtained":[{"floor":11,"key":"Dexterity Potion"},{"floor":16,"key":"FearPotion"}],"is_trial":false,"path_per_floor":["M","$","M","$","M","R","?","T","T","?","M","?","R","E","R","B",null,"M","?","?","M"],"character_chosen":"IRONCLAD","items_purchased":[],"campfire_rested":1,"item_purchase_floors":[],"current_hp_per_floor":[73,73,72,72,76,76,60,60,60,48,31,31,55,43,43,18,65,15,15,15,23,0],"gold":98,"neow_bonus":"","is_prod":false,"is_daily":false,"chose_seed":false,"campfire_upgraded":2,"win_rate":0,"timestamp":1535913780,"path_taken":["M","$","M","$","M","R","?","?","T","?","M","?","R","E","R","BOSS","M","?","?","M","?"],"build_version":"2018-08-30","purchased_purges":1,"victory":false,"max_hp_per_floor":[80,80,80,80,80,80,80,80,80,80,80,80,80,80,80,80,80,80,80,80,80,80],"card_choices":[{"not_picked":["Pommel Strike","Wild Strike"],"picked":"Clothesline","floor":1},{"not_picked":["Rupture","Thunderclap"],"picked":"Headbutt","floor":3},{"not_picked":["Body Slam","Reckless Charge"],"picked":"Metallicize","floor":5},{"not_picked":["Sword Boomerang","Entrench","Reckless Charge"],"picked":"Uppercut","floor":11},{"not_picked":["Sword Boomerang","Carnage","Burning Pact"],"picked":"Body Slam","floor":14},{"not_picked":["Juggernaut+1","Bludgeon","Demon Form+1"],"picked":"Barricade+1","floor":16},{"not_picked":["Anger","Heavy Blade+1","Havoc"],"picked":"Inflame+1","floor":18},{"not_picked":["Havoc","Intimidate","Pommel Strike"],"picked":"Spot Weakness","floor":21}],"player_experience":615811,"relics_obtained":[{"floor":8,"key":"War Paint"},{"floor":9,"key":"Frozen Egg 2"},{"floor":14,"key":"Blood Vial"}],"event_choices":[{"event_name":"Shining Light","player_choice":"Entered Light","floor":7,"damage_taken":0},{"event_name":"Scrap Ooze","player_choice":"success","floor":10,"damage_taken":12},{"event_name":"Dead Adventurer","player_choice":"Searched \u00270\u0027 times","floor":12,"damage_taken":0},{"event_name":"Beggar","player_choice":"Gave Gold","floor":19,"damage_taken":0},{"event_name":"Addict","player_choice":"Obtained Relic","floor":20,"damage_taken":0}],"is_beta":false,"boss_relics":[{"not_picked":["Black Star","Astrolabe"],"picked":"Sozu"}],"items_purged_floors":[4],"is_endless":false,"potions_floor_spawned":[11,16,21],"killed_by":"3 Cultists","ascension_level":12}