{"gold_per_floor":[119,69,86,11,22,22,22,0,26,26,26,36,36,50,50,50],"floor_reached":16,"playtime":165,"items_purged":["Strike_R"],"score":90,"play_id":"5485400e-6de8-4739-a74e-f99f329bc5fe","local_time":"20191009192426","is_ascension_mode":false,"campfire_choices":[{"data":"Bash","floor":6,"key":"SMITH"},{"floor":11,"key":"REST"},{"data":"Shrug It Off","floor":13,"key":"SMITH"},{"data":"Twin Strike","floor":15,"key":"SMITH"}],"neow_cost":"NONE","seed_source_timestamp":277896675410563,"circlet_count":0,"master_deck":["Strike_R","Strike_R","Strike_R","Defend_R","Defend_R","Defend_R","Defend_R","Bash+1","Shrug It Off+1","Twin Strike+1"],"relics":["Runic Cube","Red Skull"],"potions_floor_usage":[],"damage_taken":[{"damage":17,"enemies":"Small Slimes","floor":1,"turns":3},{"damage":11,"enemies":"Jaw Worm","floor":3,"turns":2},{"damage":3,"enemies":"2 Louse","floor":5,"turns":3},{"damage":12,"enemies":"2 Fungi Beasts","floor":12,"turns":3},{"damage":12,"enemies":"Blue Slaver","floor":14,"turns":3},{"damage":0,"enemies":"Slime Boss","floor":16,"turns":1}],"seed_played":"7282864063651778709","potions_obtained":[{"floor":3,"key":"FearPotion"},{"floor":14,"key":"Poison Potion"}],"is_trial":false,"path_per_floor":["M","?","M","$","M","R","?","?","T","$","R","M","R","M","R","B"],"character_chosen":"IRONCLAD","items_purchased":[],"campfire_rested":1,"item_purchase_floors":[],"current_hp_per_floor":[63,63,52,52,49,49,49,49,49,49,73,61,61,49,49,49],"gold":50,"neow_bonus":"BOSS_RELIC","is_prod":false,"is_daily":false,"chose_seed":false,"campfire_upgraded":3,"win_rate":0,"timestamp":1570674266,"path_taken":["M","?","M","$","M","R","?","?","T","$","R","M","R","M","R","BOSS"],"build_version":"2019-07-17","purchased_purges":1,"victory":false,"max_hp_per_floor":[80,80,80,80,80,80,80,80,80,80,80,80,80,80,80,80],"card_choices":[{"not_picked":["Warcry","Perfected Strike","Blood for Blood"],"picked":"SKIP","floor":1},{"not_picked":["True Grit","Intimidate"],"picked":"Shrug It Off","floor":3},{"not_picked":["Reckless Charge","Blood for Blood"],"picked":"Twin Strike","floor":5},{"not_picked":["Dropkick","Sword Boomerang","Seeing Red"],"picked":"SKIP","floor":12},{"not_picked":["Sword Boomerang","Armaments","Dual Wield"],"picked":"SKIP","floor":14}],"player_experience":376100,"relics_obtained":[{"floor":9,"key":"Red Skull"}],"event_choices":[{"cards_removed":["Strike_R"],"damage_healed":0,"gold_gain":0,"player_choice":"Card Removal","damage_taken":0,"max_hp_gain":0,"max_hp_loss":0,"event_name":"The Cleric","floor":2,"gold_loss":50},{"damage_healed":0,"gold_gain":0,"player_choice":"Fled","damage_taken":0,"max_hp_gain":0,"max_hp_loss":0,"event_name":"Scrap Ooze","floor":7,"gold_loss":0},{"damage_healed":0,"gold_gain":0,"player_choice":"Left Gold","damage_taken":0,"max_hp_gain":0,"max_hp_loss":0,"event_name":"World of Goop","floor":8,"gold_loss":22}],"is_beta":false,"boss_relics":[],"items_purged_floors":[4],"is_endless":false,"potions_floor_spawned":[3,14],"killed_by":"Slime Boss","ascension_level":0}