{"gold_per_floor":[117,77,352,371,371,396,396,429,429,429,458,438,469,344,344,344],"floor_reached":16,"playtime":354,"items_purged":["Bash"],"score":298,"play_id":"e16e639c-755e-4cb6-be55-5aed18a3fdee","local_time":"20190107002729","is_ascension_mode":true,"campfire_choices":[{"data":"Perfected Strike","floor":7,"key":"SMITH"},{"floor":15,"key":"REST"}],"neow_cost":"NONE","seed_source_timestamp":369868593688666,"circlet_count":0,"master_deck":["AscendersBane","Strike_R","Strike_R","Strike_R","Strike_R","Strike_R","Defend_R","Defend_R","Defend_R","Defend_R","Perfected Strike+1","Feel No Pain","Evolve","Rampage","Battle Trance","Iron Wave","Iron Wave"],"relics":["Burning Blood","NeowsBlessing","Dodecahedron","Bag of Marbles","Bottled Flame","Omamori","Self Forming Clay","Lantern"],"potions_floor_usage":[8,11,16],"damage_taken":[{"damage":0,"enemies":"Cultist","floor":1,"turns":1},{"damage":0,"enemies":"Jaw Worm","floor":4,"turns":1},{"damage":0,"enemies":"Gremlin Nob","floor":6,"turns":1},{"damage":10,"enemies":"3 Sentries","floor":8,"turns":8},{"damage":35,"enemies":"Lagavulin","floor":11,"turns":4},{"damage":29,"enemies":"Gremlin Nob","floor":13,"turns":4},{"damage":47,"enemies":"The Guardian","floor":16,"turns":9}],"seed_played":"-221754813506830953","potions_obtained":[{"floor":1,"key":"Swift Potion"},{"floor":8,"key":"PowerPotion"},{"floor":12,"key":"Fruit Juice"},{"floor":13,"key":"Ancient Potion"}],"is_trial":false,"path_per_floor":["M","$","?","M","?","E","R","E","T","T","E","?","E","$","R","B"],"character_chosen":"IRONCLAD","items_purchased":["Feel No Pain","Iron Wave"],"campfire_rested":1,"item_purchase_floors":[2,14],"current_hp_per_floor":[74,74,74,75,75,75,75,71,71,71,42,42,19,19,41,0],"gold":344,"neow_bonus":"THREE_ENEMY_KILL","is_prod":false,"is_daily":false,"chose_seed":false,"campfire_upgraded":1,"win_rate":0,"timestamp":1546817249,"path_taken":["M","?","?","?","?","E","R","E","T","?","E","?","E","$","R","BOSS"],"build_version":"2019-01-03v4","purchased_purges":1,"victory":false,"max_hp_per_floor":[75,75,75,75,75,75,75,75,75,75,75,75,75,75,75,80],"card_choices":[{"not_picked":["Hemokinesis","Shockwave"],"picked":"Perfected Strike","floor":1},{"not_picked":["Havoc","Armaments"],"picked":"Evolve","floor":4},{"not_picked":["Berserk","Heavy Blade","Flex"],"picked":"SKIP","floor":6},{"not_picked":["Flex","Exhume"],"picked":"Rampage","floor":8},{"not_picked":["Heavy Blade","Combust"],"picked":"Battle Trance","floor":11},{"not_picked":["Twin Strike","Brutality"],"picked":"Iron Wave","floor":13}],"player_experience":582974,"relics_obtained":[{"floor":6,"key":"Dodecahedron"},{"floor":8,"key":"Bag of Marbles"},{"floor":9,"key":"Bottled Flame"},{"floor":10,"key":"Omamori"},{"floor":11,"key":"Self Forming Clay"},{"floor":13,"key":"Lantern"}],"event_choices":[{"damage_healed":0,"gold_gain":275,"player_choice":"Desecrate","damage_taken":0,"max_hp_gain":0,"max_hp_loss":0,"event_name":"Golden Shrine","floor":3,"gold_loss":0,"cards_obtained":["Regret"]},{"cards_removed":["Regret"],"damage_healed":0,"gold_gain":0,"player_choice":"Forget","damage_taken":0,"max_hp_gain":0,"max_hp_loss":0,"event_name":"Living Wall","floor":5,"gold_loss":0},{"damage_healed":0,"gold_gain":0,"player_choice":"Bought 1 Potion","damage_taken":0,"max_hp_gain":0,"max_hp_loss":0,"event_name":"The Woman in Blue","floor":12,"gold_loss":0}],"is_beta":false,"boss_relics":[],"items_purged_floors":[14],"is_endless":false,"potions_floor_spawned":[1,8,13],"killed_by":"The Guardian","ascension_level":20}