{"gold_per_floor":[111,111,131,145,145,145,164,38,38,38,38,38],"floor_reached":12,"playtime":248,"items_purged":["Strike_R"],"score":122,"play_id":"8a3a2eb1-9662-405c-84cc-a8ef8b945e23","local_time":"20190520052856","is_ascension_mode":true,"campfire_choices":[{"data":"Clothesline","floor":6,"key":"SMITH"},{"data":"Flame Barrier","floor":10,"key":"SMITH"}],"neow_cost":"NONE","seed_source_timestamp":541307561927899,"circlet_count":0,"master_deck":["AscendersBane","Strike_R","Strike_R","Strike_R","Strike_R","Defend_R","Defend_R","Defend_R","Defend_R","Bash+1","Sword Boomerang","Dual Wield","Clothesline+1","Flame Barrier+1","Thunderclap"],"relics":["Burning Blood","NeowsBlessing","Calipers","Mango"],"potions_floor_usage":[],"damage_taken":[{"damage":0,"enemies":"Jaw Worm","floor":1,"turns":1},{"damage":0,"enemies":"Cultist","floor":3,"turns":1},{"damage":0,"enemies":"2 Louse","floor":4,"turns":1},{"damage":33,"enemies":"Large Slime","floor":7,"turns":7},{"damage":59,"enemies":"3 Sentries","floor":12,"turns":8}],"seed_played":"-7406420866240828725","potions_obtained":[],"is_trial":false,"path_per_floor":["M","?","M","M","?","R","M","$","T","R","$","E"],"character_chosen":"IRONCLAD","items_purchased":["Thunderclap"],"campfire_rested":0,"item_purchase_floors":[8],"current_hp_per_floor":[74,74,75,75,64,64,37,37,51,51,51,0],"gold":38,"neow_bonus":"THREE_ENEMY_KILL","is_prod":false,"is_daily":false,"chose_seed":false,"campfire_upgraded":2,"win_rate":0,"timestamp":1558322936,"path_taken":["M","?","?","?","?","R","M","$","T","R","$","E"],"build_version":"2019-01-23","purchased_purges":1,"victory":false,"max_hp_per_floor":[75,75,75,75,75,75,75,75,89,89,89,89],"card_choices":[{"not_picked":["Twin Strike","Perfected Strike"],"picked":"Sword Boomerang","floor":1},{"not_picked":["Hemokinesis","Perfected Strike"],"picked":"Dual Wield","floor":3},{"not_picked":["Iron Wave","Heavy Blade"],"picked":"Clothesline","floor":4},{"not_picked":["Cleave","Blood for Blood"],"picked":"Flame Barrier","floor":7}],"player_experience":1175324,"relics_obtained":[{"floor":9,"key":"Mango"}],"event_choices":[{"damage_healed":0,"gold_gain":0,"player_choice":"Forge","damage_taken":0,"max_hp_gain":0,"max_hp_loss":0,"event_name":"Accursed Blacksmith","floor":2,"gold_loss":0,"cards_upgraded":["Bash"]},{"damage_healed":0,"gold_gain":0,"player_choice":"Success","damage_taken":11,"relics_obtained":["Calipers"],"max_hp_gain":0,"max_hp_loss":0,"event_name":"Scrap Ooze","floor":5,"gold_loss":0}],"is_beta":false,"boss_relics":[],"items_purged_floors":[8],"is_endless":false,"potions_floor_spawned":[],"killed_by":"3 Sentries","ascension_level":16}