{"gold_per_floor":[109,109,127,127,145,145,160,189,189,204,6,17,36,36,36,115,115,130,3,3,20,20,20,31,31,56,56,56],"floor_reached":28,"playtime":1182,"items_purged":[],"score":407,"play_id":"26955ca7-10b0-4982-a6ee-afbcdf45a270","local_time":"20190801174401","is_ascension_mode":true,"campfire_choices":[{"data":"Zap","floor":6,"key":"SMITH"},{"data":"Magnetism","floor":15,"key":"SMITH"},{"floor":23,"key":"REST"},{"floor":25,"key":"REST"},{"floor":27,"key":"REST"}],"neow_cost":"NONE","seed_source_timestamp":264455524732600,"circlet_count":0,"master_deck":["AscendersBane","Defend_B+1","Defend_B+1","Defend_B+1","Defend_B+1","Zap+1","Dualcast","Conserve Battery","Redo","Force Field","Sweeping Beam","Fusion","Hologram","Glacier","Magnetism+1","Electrodynamics","Leap","Echo Form","Recycle+1","Tempest+1","Tempest+1","Go for the Eyes","Gash","Multi-Cast","Coolheaded","Barrage+1"],"relics":["Cracked Core","Bag of Preparation","Girya","Gremlin Horn","Kunai","Astrolabe","Ancient Tea Set"],"potions_floor_usage":[8,13,16,28],"damage_taken":[{"damage":1,"enemies":"Cultist","floor":1,"turns":4},{"damage":1,"enemies":"2 Louse","floor":3,"turns":2},{"damage":7,"enemies":"Small Slimes","floor":5,"turns":3},{"damage":6,"enemies":"Looter","floor":7,"turns":3},{"damage":19,"enemies":"Gremlin Nob","floor":8,"turns":4},{"damage":0,"enemies":"3 Louse","floor":10,"turns":2},{"damage":7,"enemies":"2 Fungi Beasts","floor":12,"turns":4},{"damage":5,"enemies":"Large Slime","floor":13,"turns":5},{"damage":1,"enemies":"Hexaghost","floor":16,"turns":9},{"damage":17,"enemies":"Chosen","floor":18,"turns":6},{"damage":27,"enemies":"Spheric Guardian","floor":21,"turns":7},{"damage":29,"enemies":"Centurion and Healer","floor":24,"turns":6},{"damage":66,"enemies":"Chosen and Byrds","floor":28,"turns":9}],"seed_played":"5199273164555663804","potions_obtained":[{"floor":7,"key":"Fire Potion"},{"floor":8,"key":"Poison Potion"},{"floor":10,"key":"Fire Potion"},{"floor":12,"key":"PowerPotion"},{"floor":13,"key":"SpeedPotion"}],"is_trial":false,"path_per_floor":["M","T","M","?","M","R","M","E","T","M","$","M","M","$","R","B",null,"M","$","?","M","?","R","M","R","T","R","M"],"character_chosen":"DEFECT","items_purchased":["Magnetism","Gash","Multi-Cast"],"campfire_rested":3,"item_purchase_floors":[11,19,19],"current_hp_per_floor":[63,63,62,62,55,55,49,30,30,30,30,23,18,18,18,17,58,41,41,55,28,28,49,20,41,41,62,0],"gold":56,"neow_bonus":"RANDOM_COMMON_RELIC","is_prod":false,"is_daily":false,"chose_seed":false,"campfire_upgraded":2,"win_rate":0,"timestamp":1564674241,"path_taken":["M","?","M","?","M","R","M","E","T","M","$","M","M","$","R","BOSS","M","$","?","M","?","R","M","R","T","R","M"],"build_version":"2019-07-17","purchased_purges":0,"victory":false,"max_hp_per_floor":[71,71,71,71,71,71,71,71,71,71,71,71,71,71,71,71,71,71,71,71,71,71,71,71,71,71,71,71],"card_choices":[{"not_picked":["Gash","BootSequence"],"picked":"Conserve Battery","floor":1},{"not_picked":["Barrage","Heatsinks"],"picked":"Redo","floor":3},{"not_picked":["Hello World","Aggregate"],"picked":"Sweeping Beam","floor":5},{"not_picked":["Consume","Rebound"],"picked":"Fusion","floor":7},{"not_picked":["Sweeping Beam","Steam"],"picked":"Hologram","floor":8},{"not_picked":["Streamline","Conserve Battery"],"picked":"Glacier","floor":10},{"not_picked":["Beam Cell","Streamline"],"picked":"Electrodynamics","floor":12},{"not_picked":["Hello World","Rebound"],"picked":"Leap","floor":13},{"not_picked":["Rainbow","All For One"],"picked":"Echo Form","floor":16},{"not_picked":["Steam","FTL"],"picked":"Go for the Eyes","floor":18},{"not_picked":["Compile Driver","Stack"],"picked":"Coolheaded","floor":21},{"not_picked":["Ball Lightning","Storm"],"picked":"Barrage+1","floor":24}],"player_experience":1791134,"relics_obtained":[{"floor":2,"key":"Girya"},{"floor":8,"key":"Gremlin Horn"},{"floor":9,"key":"Kunai"},{"floor":26,"key":"Ancient Tea Set"}],"event_choices":[{"damage_healed":0,"gold_gain":0,"cards_transformed":["Strike_B"],"player_choice":"Transformed","damage_taken":0,"max_hp_gain":0,"max_hp_loss":0,"event_name":"Transmorgrifier","floor":4,"gold_loss":0,"cards_obtained":["Force Field"]},{"damage_healed":14,"gold_gain":0,"player_choice":"Heal","damage_taken":0,"max_hp_gain":0,"max_hp_loss":0,"event_name":"The Library","floor":20,"gold_loss":0},{"damage_healed":0,"gold_gain":0,"player_choice":"Simplicity","damage_taken":0,"max_hp_gain":0,"max_hp_loss":0,"event_name":"Back to Basics","floor":22,"gold_loss":0,"cards_upgraded":["Defend_B","Defend_B","Defend_B","Defend_B"]}],"is_beta":false,"boss_relics":[{"not_picked":["Eternal Feather","Runic Dome"],"picked":"Astrolabe"}],"items_purged_floors":[],"is_endless":false,"potions_floor_spawned":[7,8,10,12,13],"killed_by":"Chosen and Byrds","ascension_level":17}