{"gold_per_floor":[110,126,126,144,17,17,50,50,73,103,103,123,151,171,171,245,245,264,280,29,29,29],"floor_reached":22,"playtime":1095,"items_purged":["Strike_R"],"score":388,"play_id":"d0c766cc-dd4b-42c3-a258-5b94e5c4c9b7","local_time":"20190808193041","is_ascension_mode":true,"campfire_choices":[{"data":"Armaments","floor":6,"key":"SMITH"},{"data":"Shockwave","floor":8,"key":"SMITH"},{"floor":11,"key":"REST"},{"data":"Thunderclap","floor":15,"key":"SMITH"}],"neow_cost":"NONE","seed_source_timestamp":527106268558900,"circlet_count":0,"master_deck":["AscendersBane","Strike_R","Strike_R","Strike_R","Defend_R","Defend_R","Defend_R","Defend_R+1","Bash","Twin Strike","Armaments+1","Shockwave+1","Thunderclap+1","Iron Wave","Offering+1","Anger","Feel No Pain","True Grit","Clash","Feed","Regret","Shrug It Off+1","Anger","Magnetism","Feel No Pain"],"relics":["Burning Blood","Omamori","War Paint","Matryoshka","Bottled Flame","Calling Bell","Oddly Smooth Stone","Toxic Egg 2","Mango"],"potions_floor_usage":[7,10,13,16],"damage_taken":[{"damage":8,"enemies":"Small Slimes","floor":1,"turns":4},{"damage":7,"enemies":"Jaw Worm","floor":2,"turns":3},{"damage":7,"enemies":"Cultist","floor":4,"turns":4},{"damage":17,"enemies":"3 Sentries","floor":7,"turns":10},{"damage":23,"enemies":"Lagavulin","floor":10,"turns":5},{"damage":7,"enemies":"Red Slaver","floor":12,"turns":2},{"damage":16,"enemies":"3 Sentries","floor":13,"turns":10},{"damage":6,"enemies":"2 Fungi Beasts","floor":14,"turns":2},{"damage":17,"enemies":"The Guardian","floor":16,"turns":12},{"damage":44,"enemies":"2 Thieves","floor":18,"turns":5},{"damage":16,"enemies":"Shell Parasite","floor":19,"turns":5},{"damage":52,"enemies":"3 Cultists","floor":22,"turns":5}],"seed_played":"2973995314944764097","potions_obtained":[{"floor":2,"key":"Swift Potion"},{"floor":4,"key":"SkillPotion"},{"floor":12,"key":"Explosive Potion"},{"floor":14,"key":"Swift Potion"}],"is_trial":false,"path_per_floor":["M","M","?","M","$","R","E","R","T","E","R","M","E","M","R","B",null,"M","M","$","?","M"],"character_chosen":"IRONCLAD","items_purchased":["Iron Wave","Magnetism","Feel No Pain"],"campfire_rested":1,"item_purchase_floors":[5,20,20],"current_hp_per_floor":[66,65,58,57,57,57,46,46,46,29,51,50,40,40,40,29,78,43,33,33,51,0],"gold":29,"neow_bonus":"THREE_CARDS","is_prod":false,"is_daily":false,"chose_seed":false,"campfire_upgraded":3,"win_rate":0,"timestamp":1565285441,"path_taken":["M","M","?","M","$","R","E","R","T","E","R","M","E","M","R","BOSS","M","M","$","?","M"],"build_version":"2019-07-17","purchased_purges":1,"victory":false,"max_hp_per_floor":[75,75,75,75,75,75,75,75,75,75,75,75,75,75,75,75,89,92,92,92,92,92],"card_choices":[{"not_picked":["Sword Boomerang","Reckless Charge"],"picked":"Twin Strike","floor":0},{"not_picked":["Iron Wave","Bloodletting"],"picked":"Armaments","floor":1},{"not_picked":["Thunderclap","Body Slam"],"picked":"Shockwave","floor":2},{"not_picked":["Pommel Strike","Sever Soul"],"picked":"Thunderclap","floor":4},{"not_picked":["Combust","Warcry"],"picked":"Offering","floor":7},{"not_picked":["Headbutt","Shrug It Off"],"picked":"Anger","floor":10},{"not_picked":["Pommel Strike","True Grit"],"picked":"Feel No Pain","floor":12},{"not_picked":["Blood for Blood","Cleave"],"picked":"True Grit","floor":13},{"not_picked":["Wild Strike","Sword Boomerang"],"picked":"Clash","floor":14},{"not_picked":["Reaper","Immolate"],"picked":"Feed","floor":16},{"not_picked":["Havoc+1","Pommel Strike"],"picked":"Shrug It Off+1","floor":18},{"not_picked":["Pummel","Body Slam"],"picked":"Anger","floor":19}],"player_experience":1831125,"relics_obtained":[{"floor":7,"key":"Omamori"},{"floor":9,"key":"War Paint"},{"floor":10,"key":"Matryoshka"},{"floor":13,"key":"Bottled Flame"},{"floor":17,"key":"Oddly Smooth Stone"},{"floor":17,"key":"Toxic Egg 2"},{"floor":17,"key":"Mango"}],"event_choices":[{"cards_removed":["Strike_R"],"damage_healed":0,"gold_gain":0,"player_choice":"Card Removal","damage_taken":7,"max_hp_gain":0,"max_hp_loss":0,"event_name":"Golden Wing","floor":3,"gold_loss":0},{"damage_healed":18,"gold_gain":0,"player_choice":"Heal","damage_taken":0,"max_hp_gain":0,"max_hp_loss":0,"event_name":"The Library","floor":21,"gold_loss":0}],"is_beta":false,"boss_relics":[{"not_picked":["Tiny House","Runic Pyramid"],"picked":"Calling Bell"}],"items_purged_floors":[5],"is_endless":false,"potions_floor_spawned":[2,4,12,14],"killed_by":"3 Cultists","ascension_level":18}