{"gold_per_floor":[367,367,381,159,175,175,192,192,240,275,275,306,306,327,327,423,423,443,358,358,9,22,66,66,66,144,194,194,194,238,238,238,238],"floor_reached":33,"playtime":1243,"items_purged":["Strike_R"],"score":606,"play_id":"e2d9dd37-ac95-4603-a18b-d69907f4e14b","local_time":"20181010233158","is_ascension_mode":true,"campfire_choices":[{"data":"Fiend Fire","floor":6,"key":"SMITH"},{"data":"Battle Trance","floor":8,"key":"SMITH"},{"data":"Feed","floor":11,"key":"SMITH"},{"floor":15,"key":"REST"},{"data":"Normality","floor":24,"key":"PURGE"},{"data":"Infernal Blade","floor":28,"key":"SMITH"},{"floor":32,"key":"REST"}],"neow_cost":"TEN_PERCENT_HP_LOSS","seed_source_timestamp":17858865313223,"circlet_count":0,"master_deck":["Strike_R","Strike_R","Strike_R","Strike_R","Defend_R","Defend_R","Defend_R","Defend_R","Bash","AscendersBane","Battle Trance+1","Twin Strike","Fiend Fire+1","Evolve","Power Through","Feed+1","Cleave","Infernal Blade+1","Dark Embrace","Parasite","Parasite","Shrug It Off","True Grit+1"],"relics":["Burning Blood","Strawberry","Happy Flower","Bag of Marbles","Bottled Flame","Golden Idol","Calling Bell","Lantern","Mercury Hourglass","Turnip","Peace Pipe","Enchiridion","PreservedInsect","Juzu Bracelet","Smiling Mask","Darkstone Periapt","Regal Pillow","Ancient Tea Set"],"potions_floor_usage":[10,16,18,30,33,33],"damage_taken":[{"damage":10,"enemies":"2 Louse","floor":1,"turns":3},{"damage":2,"enemies":"Cultist","floor":3,"turns":4},{"damage":8,"enemies":"Small Slimes","floor":5,"turns":2},{"damage":11,"enemies":"Looter","floor":7,"turns":2},{"damage":0,"enemies":"Gremlin Nob","floor":10,"turns":2},{"damage":5,"enemies":"Lagavulin","floor":12,"turns":3},{"damage":0,"enemies":"Exordium Wildlife","floor":14,"turns":2},{"damage":18,"enemies":"The Guardian","floor":16,"turns":8},{"damage":11,"enemies":"2 Thieves","floor":18,"turns":3},{"damage":13,"enemies":"Shell Parasite","floor":22,"turns":2},{"damage":21,"enemies":"Slavers","floor":23,"turns":8},{"damage":36,"enemies":"Gremlin Leader","floor":30,"turns":5},{"damage":85,"enemies":"Automaton","floor":33,"turns":6}],"seed_played":"-5598063981803646529","potions_obtained":[{"floor":7,"key":"Block Potion"},{"floor":10,"key":"Explosive Potion"},{"floor":18,"key":"LiquidBronze"},{"floor":22,"key":"BloodPotion"},{"floor":30,"key":"BloodPotion"}],"is_trial":false,"path_per_floor":["M","?","M","$","M","R","M","R","T","E","R","E","?","M","R","B",null,"M","?","?","$","M","E","R","$","T","?","R","?","E","?","R"],"character_chosen":"IRONCLAD","items_purchased":["AttackPotion","Fiend Fire","PreservedInsect","Juzu Bracelet"],"campfire_rested":2,"item_purchase_floors":[4,4,21,21],"current_hp_per_floor":[64,53,57,57,55,55,50,50,50,56,56,57,31,41,64,56,76,71,71,50,50,47,36,36,36,36,36,36,42,21,21,65,0],"gold":238,"neow_bonus":"TWO_FIFTY_GOLD","is_prod":false,"is_daily":false,"chose_seed":false,"campfire_upgraded":4,"win_rate":0,"timestamp":1539210718,"path_taken":["M","?","M","?","M","R","M","R","T","E","R","E","?","M","R","BOSS","M","?","?","$","M","E","R","$","T","?","R","?","E","?","R","BOSS"],"build_version":"2018-10-04v2","purchased_purges":1,"victory":false,"max_hp_per_floor":[68,75,75,75,75,75,75,75,75,75,75,75,75,79,79,83,83,83,83,83,83,87,91,91,91,91,91,91,97,97,97,97,97],"card_choices":[{"not_picked":["Body Slam","Pommel Strike"],"picked":"Battle Trance","floor":1},{"not_picked":["Dropkick","Wild Strike"],"picked":"Twin Strike","floor":3},{"not_picked":["Rupture","Pummel"],"picked":"Evolve","floor":5},{"not_picked":["Entrench","Clothesline"],"picked":"Power Through","floor":7},{"not_picked":["Headbutt","Iron Wave"],"picked":"Feed","floor":10},{"not_picked":["Heavy Blade","Fire Breathing"],"picked":"Cleave","floor":12},{"not_picked":["Fire Breathing","Warcry"],"picked":"Infernal Blade","floor":14},{"not_picked":["Fiend Fire","Reaper"],"picked":"Dark Embrace","floor":16},{"not_picked":["Clothesline","Flex"],"picked":"Shrug It Off","floor":18},{"not_picked":["Havoc","Rampage+1"],"picked":"True Grit+1","floor":22},{"not_picked":["Rampage","Warcry","Headbutt"],"picked":"SKIP","floor":23},{"not_picked":["Thunderclap","Cleave","Heavy Blade"],"picked":"SKIP","floor":30}],"player_experience":803096,"relics_obtained":[{"floor":9,"key":"Happy Flower"},{"floor":10,"key":"Bag of Marbles"},{"floor":12,"key":"Bottled Flame"},{"floor":17,"key":"Lantern"},{"floor":17,"key":"Mercury Hourglass"},{"floor":17,"key":"Turnip"},{"floor":20,"key":"Enchiridion"},{"floor":23,"key":"Smiling Mask"},{"floor":26,"key":"Darkstone Periapt"},{"floor":30,"key":"Ancient Tea Set"}],"event_choices":[{"event_name":"Scrap Ooze","player_choice":"success","floor":2,"damage_taken":18},{"event_name":"Golden Idol","player_choice":"Take Damage","floor":13,"damage_taken":0},{"event_name":"Addict","player_choice":"Obtained Relic","floor":19,"damage_taken":0},{"event_name":"Cursed Tome","player_choice":"Obtained Book","floor":20,"damage_taken":0},{"event_name":"Nest","player_choice":"Stole From Cult","floor":27,"damage_taken":0},{"event_name":"The Mausoleum","player_choice":"Yes","floor":29,"damage_taken":0},{"event_name":"Purifier","player_choice":"One Purge","floor":31,"damage_taken":0}],"is_beta":false,"boss_relics":[{"not_picked":["Astrolabe","Velvet Choker"],"picked":"Calling Bell"}],"items_purged_floors":[4],"is_endless":false,"potions_floor_spawned":[7,10,14,18,22,30],"killed_by":"Automaton","ascension_level":17}