{"gold_per_floor":[119,119,139,156,173,207,226,226,226,241,255,281,281,292,292,292],"floor_reached":16,"playtime":371,"items_purged":[],"score":232,"play_id":"99f211e6-7254-4fa9-a697-26d4b06a7733","local_time":"20190107001345","is_ascension_mode":true,"campfire_choices":[{"data":"Whirlwind","floor":8.0,"key":"SMITH"},{"data":"Flame Barrier","floor":15.0,"key":"SMITH"}],"neow_cost":"NONE","seed_source_timestamp":368953051430681,"circlet_count":0,"master_deck":["AscendersBane","Strike_R","Strike_R","Strike_R","Strike_R","Defend_R","Defend_R","Defend_R","Defend_R","Bash","Shrug It Off","Anger","Flame Barrier+1","Whirlwind+1","Reckless Charge","Seeing Red","Clothesline","Anger","Iron Wave"],"special_seed":0,"relics":["Burning Blood","NeowsBlessing","Meat on the Bone","Blue Candle","Singing Bowl","Darkstone Periapt"],"potions_floor_usage":[],"damage_taken":[{"damage":0.0,"enemies":"Jaw Worm","floor":1.0,"turns":1.0},{"damage":0.0,"enemies":"Cultist","floor":3.0,"turns":1.0},{"damage":0.0,"enemies":"Small Slimes","floor":4.0,"turns":1.0},{"damage":13.0,"enemies":"Blue Slaver","floor":5.0,"turns":4.0},{"damage":32.0,"enemies":"Gremlin Nob","floor":6.0,"turns":4.0},{"damage":1.0,"enemies":"2 Fungi Beasts","floor":7.0,"turns":4.0},{"damage":9.0,"enemies":"3 Louse","floor":10.0,"turns":2.0},{"damage":0.0,"enemies":"Large Slime","floor":11.0,"turns":4.0},{"damage":20.0,"enemies":"Lagavulin","floor":12.0,"turns":3.0},{"damage":0.0,"enemies":"Looter","floor":14.0,"turns":3.0},{"damage":52,"enemies":"Hexaghost","floor":16,"turns":9}],"seed_played":"3428150168462721091","potions_obtained":[{"floor":6.0,"key":"Energy Potion"},{"floor":7.0,"key":"AttackPotion"},{"floor":10.0,"key":"AttackPotion"},{"floor":14.0,"key":"Fire Potion"}],"is_trial":false,"path_per_floor":["M","?","M","M","M","E","M","R","T","M","M","E","?","M","R","B"],"character_chosen":"IRONCLAD","items_purchased":[],"campfire_rested":0,"item_purchase_floors":[],"current_hp_per_floor":[74,74,75,75,68,42,47,47,47,44,50,48,43,51,51,0],"gold":292,"neow_bonus":"THREE_ENEMY_KILL","is_prod":false,"is_daily":false,"chose_seed":false,"campfire_upgraded":2,"win_rate":0,"timestamp":1546816425,"path_taken":["M","?","?","?","M","E","M","R","T","M","M","E","?","M","R","BOSS"],"build_version":"2019-01-03v4","purchased_purges":0,"victory":false,"max_hp_per_floor":[75,75,75,75,75,75,75,75,75,75,75,75,75,77,77,77],"card_choices":[{"not_picked":["True Grit","Pommel Strike"],"picked":"Shrug It Off","floor":1.0},{"not_picked":["Perfected Strike","Body Slam"],"picked":"Flame Barrier","floor":3.0},{"not_picked":["Sword Boomerang","Body Slam"],"picked":"Whirlwind","floor":4.0},{"not_picked":["Second Wind","Searing Blow"],"picked":"Reckless Charge","floor":5.0},{"not_picked":["Rupture","Clash"],"picked":"Seeing Red","floor":6.0},{"not_picked":["Armaments","Wild Strike"],"picked":"Clothesline","floor":7.0},{"not_picked":["Brutality","Second Wind"],"picked":"Anger","floor":10.0},{"not_picked":["Warcry","Heavy Blade","Searing Blow"],"picked":"SKIP","floor":11.0},{"not_picked":["Sword Boomerang","Heavy Blade"],"picked":"Iron Wave","floor":12.0},{"not_picked":["Sword Boomerang","Pummel","Thunderclap"],"picked":"Singing Bowl","floor":14.0}],"player_experience":582195,"relics_obtained":[{"floor":6.0,"key":"Meat on the Bone"},{"floor":9.0,"key":"Blue Candle"},{"floor":12.0,"key":"Singing Bowl"}],"event_choices":[{"damage_healed":0.0,"max_hp_gain":0.0,"max_hp_loss":0.0,"gold_gain":0.0,"cards_transformed":["Strike_R"],"event_name":"Transmorgrifier","player_choice":"Transformed","floor":2.0,"gold_loss":0.0,"damage_taken":0.0,"cards_obtained":["Anger"]},{"damage_healed":0.0,"max_hp_gain":0.0,"max_hp_loss":0.0,"gold_gain":0.0,"event_name":"Scrap Ooze","player_choice":"Success","floor":13.0,"gold_loss":0.0,"damage_taken":5.0,"relics_obtained":["Darkstone Periapt"]}],"is_beta":false,"boss_relics":[],"items_purged_floors":[],"is_endless":false,"potions_floor_spawned":[6,7,10,11,14],"killed_by":"Hexaghost","ascension_level":20}