{"gold_per_floor":[113,113,129,140,290,323,323,323],"floor_reached":8,"playtime":270,"items_purged":[],"score":112,"play_id":"15f7b430-1b07-406a-a6e2-6821cf0da206","local_time":"20190226215710","is_ascension_mode":true,"campfire_choices":[{"data":"Fusion","floor":7.0,"key":"SMITH"}],"neow_cost":"NONE","seed_source_timestamp":900062320322803,"circlet_count":0,"master_deck":["AscendersBane","Strike_B","Strike_B","Strike_B","Strike_B","Defend_B","Defend_B","Defend_B","Defend_B","Zap","Dualcast","Doom and Gloom","Fusion+1","Melter","Doubt","FTL"],"special_seed":0,"relics":["Cracked Core","NeowsBlessing","Bottled Flame"],"potions_floor_usage":[8],"damage_taken":[{"damage":0.0,"enemies":"Small Slimes","floor":1.0,"turns":1.0},{"damage":0.0,"enemies":"Cultist","floor":3.0,"turns":1.0},{"damage":0.0,"enemies":"Jaw Worm","floor":4.0,"turns":1.0},{"damage":35.0,"enemies":"3 Sentries","floor":6.0,"turns":7.0},{"damage":31,"enemies":"Gremlin Nob","floor":8,"turns":3}],"seed_played":"1394431134658331883","potions_obtained":[{"floor":2.0,"key":"Ancient Potion"},{"floor":2.0,"key":"GamblersBrew"}],"is_trial":false,"path_per_floor":["M","?","M","M","?","E","R","E"],"character_chosen":"DEFECT","items_purchased":[],"campfire_rested":0,"item_purchase_floors":[],"current_hp_per_floor":[64,64,64,64,64,29,29,0],"gold":323,"neow_bonus":"THREE_ENEMY_KILL","is_prod":false,"is_daily":false,"chose_seed":false,"campfire_upgraded":1,"win_rate":0,"timestamp":1551214630,"path_taken":["M","?","M","?","?","E","R","E"],"build_version":"2019-01-23","purchased_purges":0,"victory":false,"max_hp_per_floor":[71,71,71,71,71,71,71,71],"card_choices":[{"not_picked":["Hologram","Stack"],"picked":"Doom and Gloom","floor":1.0},{"not_picked":["Chaos","Tempest"],"picked":"Fusion","floor":3.0},{"not_picked":["Skim","Turbo"],"picked":"Melter","floor":4.0},{"not_picked":["Redo","Gash"],"picked":"FTL","floor":6.0}],"player_experience":672903,"relics_obtained":[{"floor":6.0,"key":"Bottled Flame"}],"event_choices":[{"damage_healed":0.0,"max_hp_gain":0.0,"max_hp_loss":0.0,"gold_gain":0.0,"event_name":"Lab","player_choice":"Got Potions","floor":2.0,"gold_loss":0.0,"damage_taken":0.0},{"damage_healed":0.0,"max_hp_gain":0.0,"max_hp_loss":0.0,"gold_gain":150.0,"event_name":"Liars Game","player_choice":"AGREE","floor":5.0,"gold_loss":0.0,"damage_taken":0.0,"cards_obtained":["Doubt"]}],"is_beta":false,"boss_relics":[],"items_purged_floors":[],"is_endless":false,"potions_floor_spawned":[],"killed_by":"Gremlin Nob","ascension_level":20}