{"gold_per_floor":[119,131,131,149,167,167,201,219,246,10,10,22,22,39,39,116,116,133,133],"floor_reached":19,"playtime":739,"items_purged":["Strike_R"],"score":316,"play_id":"a0c15487-80f6-45a0-854b-0e0ba4012718","local_time":"20190701080948","is_ascension_mode":true,"campfire_choices":[{"data":"Iron Wave","floor":6,"key":"SMITH"},{"data":"Double Tap","floor":13,"key":"SMITH"},{"data":"Fiend Fire","floor":15,"key":"SMITH"}],"neow_cost":"NONE","seed_source_timestamp":1151769254545200,"circlet_count":0,"master_deck":["AscendersBane","Bash+1","Clash","Iron Wave+1","Clash","Metallicize","Fiend Fire+1","Sentinel","Double Tap+1","Clash","Anger","Dark Embrace","Power Through","Iron Wave","Feel No Pain","Clothesline","Spot Weakness","Corruption","Wild Strike","Fire Breathing","True Grit"],"relics":["Burning Blood","Oddly Smooth Stone","Singing Bowl","Blood Vial","Pandora\u0027s Box"],"potions_floor_usage":[7,16,16,18],"damage_taken":[{"damage":5,"enemies":"Cultist","floor":1,"turns":4},{"damage":6,"enemies":"Jaw Worm","floor":2,"turns":4},{"damage":10,"enemies":"Small Slimes","floor":4,"turns":4},{"damage":9,"enemies":"3 Louse","floor":5,"turns":3},{"damage":28,"enemies":"Lagavulin","floor":7,"turns":5},{"damage":16,"enemies":"Blue Slaver","floor":8,"turns":4},{"damage":0,"enemies":"2 Fungi Beasts","floor":12,"turns":4},{"damage":5,"enemies":"Gremlin Gang","floor":14,"turns":5},{"damage":39,"enemies":"Hexaghost","floor":16,"turns":11},{"damage":30,"enemies":"Chosen","floor":18,"turns":6},{"damage":39,"enemies":"Spheric Guardian","floor":19,"turns":5}],"seed_played":"-3206130169206448846","potions_obtained":[{"floor":1,"key":"SteroidPotion"},{"floor":7,"key":"SpeedPotion"},{"floor":8,"key":"SmokeBomb"},{"floor":11,"key":"AttackPotion"},{"floor":14,"key":"Dexterity Potion"},{"floor":16,"key":"GamblersBrew"}],"is_trial":false,"path_per_floor":["M","M","?","M","M","R","E","M","T","$","?","M","R","M","R","B",null,"M","M"],"character_chosen":"IRONCLAD","items_purchased":["Double Tap"],"campfire_rested":0,"item_purchase_floors":[10],"current_hp_per_floor":[69,69,69,65,62,62,40,30,30,30,30,38,38,41,41,10,59,37,0],"gold":133,"neow_bonus":"RANDOM_COMMON_RELIC","is_prod":false,"is_daily":false,"chose_seed":false,"campfire_upgraded":3,"win_rate":0,"timestamp":1561961388,"path_taken":["M","M","?","M","?","R","E","?","T","$","?","M","R","M","R","BOSS","M","M"],"build_version":"2019-01-23","purchased_purges":1,"victory":false,"max_hp_per_floor":[75,75,75,75,75,75,75,75,75,75,75,75,75,75,75,75,75,75,75],"card_choices":[{"not_picked":["Corruption","Reckless Charge"],"picked":"Clash","floor":1},{"not_picked":["Pummel","Sword Boomerang"],"picked":"Iron Wave","floor":2},{"not_picked":["True Grit","Warcry"],"picked":"Clash","floor":4},{"not_picked":["Iron Wave","Disarm"],"picked":"Metallicize","floor":5},{"not_picked":["Warcry","Reaper"],"picked":"Fiend Fire","floor":7},{"not_picked":["Sword Boomerang","Thunderclap"],"picked":"Sentinel","floor":8},{"not_picked":["Flex","Cleave"],"picked":"Clash","floor":12},{"not_picked":["Evolve","Pommel Strike"],"picked":"Anger","floor":14},{"not_picked":["Brutality","Impervious"],"picked":"Dark Embrace","floor":16},{"not_picked":["Twin Strike+1","Armaments"],"picked":"True Grit","floor":18}],"player_experience":1531986,"relics_obtained":[{"floor":7,"key":"Singing Bowl"},{"floor":9,"key":"Blood Vial"}],"event_choices":[{"damage_healed":0,"gold_gain":0,"player_choice":"Upgraded","damage_taken":0,"max_hp_gain":0,"max_hp_loss":0,"event_name":"Upgrade Shrine","floor":3,"gold_loss":0,"cards_upgraded":["Bash"]},{"damage_healed":0,"gold_gain":0,"player_choice":"Got Potions","damage_taken":0,"max_hp_gain":0,"max_hp_loss":0,"event_name":"Lab","floor":11,"gold_loss":0}],"is_beta":false,"boss_relics":[{"not_picked":["Eternal Feather","Tiny House"],"picked":"Pandora\u0027s Box"}],"items_purged_floors":[10],"is_endless":false,"potions_floor_spawned":[1,7,8,14,16],"killed_by":"Spheric Guardian","ascension_level":17}