{"gold_per_floor":[111,124,124,4,4,37,63,75,113,169,201,234,246,228,240,378,453,479,505,530,562,673,685,731,743,804,832,212,212,236,256,256,256],"floor_reached":33,"playtime":1933,"items_purged":["Strike_B","Zap"],"score":441,"play_id":"a1cef757-6ea2-451f-bafc-f5ae8b215aca","local_time":"20190420002521","is_ascension_mode":true,"campfire_choices":[{"data":"Turbo","floor":8.0,"key":"SMITH"},{"data":"Sunder","floor":13.0,"key":"SMITH"},{"floor":15.0,"key":"REST"},{"data":"Hyperbeam","floor":23.0,"key":"SMITH"},{"floor":29.0,"key":"REST"},{"data":"Coolheaded","floor":32.0,"key":"SMITH"}],"neow_cost":"NONE","seed_source_timestamp":910047540177839,"circlet_count":0,"master_deck":["Strike_B","Defend_B","Defend_B","Defend_B","Dualcast","Glacier","Go for the Eyes","Steam","Turbo+1","Sunder+1","Hologram+1","Hyperbeam+1","Capacitor","Steam+1","Coolheaded","Hologram","Reprogram","Beam Cell+1","Self Repair","Glacier","Capacitor+1","Coolheaded+1"],"special_seed":0,"relics":["Cracked Core","NeowsBlessing","Golden Idol","MawBank","Oddly Smooth Stone","Du-Vu Doll","Tiny House","Bottled Lightning","Juzu Bracelet","Tiny Chest","Toy Ornithopter"],"potions_floor_usage":[33],"damage_taken":[{"damage":0.0,"enemies":"Small Slimes","floor":1.0,"turns":1.0},{"damage":0.0,"enemies":"2 Louse","floor":2.0,"turns":1.0},{"damage":0.0,"enemies":"Gremlin Nob","floor":6.0,"turns":1.0},{"damage":0.0,"enemies":"Cultist","floor":7.0,"turns":4.0},{"damage":34.0,"enemies":"3 Sentries","floor":10.0,"turns":19.0},{"damage":0.0,"enemies":"Gremlin Gang","floor":11.0,"turns":6.0},{"damage":0.0,"enemies":"2 Fungi Beasts","floor":12.0,"turns":2.0},{"damage":12.0,"enemies":"Hexaghost","floor":16.0,"turns":11.0},{"damage":1.0,"enemies":"3 Byrds","floor":18.0,"turns":4.0},{"damage":12.0,"enemies":"Shell Parasite","floor":19.0,"turns":15.0},{"damage":17.0,"enemies":"Shelled Parasite and Fungi","floor":20.0,"turns":15.0},{"damage":2.0,"enemies":"Snake Plant","floor":21.0,"turns":10.0},{"damage":16.0,"enemies":"Gremlin Leader","floor":24.0,"turns":10.0},{"damage":15.0,"enemies":"Centurion and Healer","floor":27.0,"turns":7.0},{"damage":0.0,"enemies":"Snecko","floor":30.0,"turns":5.0},{"damage":31.0,"enemies":"Cultist and Chosen","floor":31.0,"turns":5.0},{"damage":46,"enemies":"Automaton","floor":33,"turns":6}],"seed_played":"6802200808554956173","potions_obtained":[{"floor":6.0,"key":"Poison Potion"},{"floor":10.0,"key":"Weak Potion"},{"floor":11.0,"key":"FocusPotion"},{"floor":12.0,"key":"Weak Potion"},{"floor":14.0,"key":"Fruit Juice"},{"floor":14.0,"key":"PowerPotion"},{"floor":17.0,"key":"Explosive Potion"},{"floor":19.0,"key":"FocusPotion"},{"floor":27.0,"key":"SpeedPotion"},{"floor":30.0,"key":"Poison Potion"},{"floor":31.0,"key":"AttackPotion"}],"is_trial":false,"path_per_floor":["M","M","?","$","?","E","M","R","T","E","M","M","R","?","R","B",null,"M","M","M","M","?","R","E","?","T","M","$","R","M","M","R","B"],"character_chosen":"DEFECT","items_purchased":["Steam","Self Repair","Glacier","AttackPotion","Tiny Chest","Toy Ornithopter"],"campfire_rested":2,"item_purchase_floors":[4,28,28,28,28,28],"current_hp_per_floor":[68,68,61,61,61,61,61,61,61,27,27,27,27,32,54,42,71,70,58,41,39,39,39,23,23,23,8,8,31,38,24,24,0],"gold":256,"neow_bonus":"THREE_ENEMY_KILL","is_prod":false,"is_daily":false,"chose_seed":false,"campfire_upgraded":4,"win_rate":0,"timestamp":1555745121,"path_taken":["M","M","?","$","?","E","M","R","T","E","M","M","R","?","R","BOSS","M","M","?","?","?","R","E","?","T","M","$","R","M","M","R","BOSS"],"build_version":"2019-01-23","purchased_purges":2,"victory":false,"max_hp_per_floor":[75,75,75,75,69,69,69,69,69,69,69,69,69,74,74,74,79,79,79,79,79,79,79,79,79,79,79,79,79,79,79,79,79],"card_choices":[{"not_picked":["Hologram","Stack"],"picked":"Glacier","floor":1.0},{"not_picked":["Undo","Steam Power"],"picked":"Go for the Eyes","floor":2.0},{"not_picked":["Storm","Stack","Cold Snap"],"picked":"SKIP","floor":6.0},{"not_picked":["Undo","Chill"],"picked":"Turbo","floor":7.0},{"not_picked":["Conserve Battery","Streamline","Beam Cell"],"picked":"SKIP","floor":10.0},{"not_picked":["Coolheaded","Hologram"],"picked":"Sunder","floor":11.0},{"not_picked":["Go for the Eyes","Stack"],"picked":"Hologram","floor":12.0},{"not_picked":["Biased Cognition","Meteor Strike"],"picked":"Hyperbeam","floor":16.0},{"not_picked":["Gash","Barrage"],"picked":"Capacitor","floor":17.0},{"not_picked":["Hologram","Sunder"],"picked":"Steam+1","floor":18.0},{"not_picked":["Conserve Battery","Go for the Eyes","Storm"],"picked":"SKIP","floor":19.0},{"not_picked":["FTL","Genetic Algorithm","Biased Cognition"],"picked":"SKIP","floor":20.0},{"not_picked":["Hello World","Rebound"],"picked":"Coolheaded","floor":21.0},{"not_picked":["Genetic Algorithm","Amplify","Fusion"],"picked":"SKIP","floor":24.0},{"not_picked":["Sunder","Compile Driver"],"picked":"Beam Cell+1","floor":27.0},{"not_picked":["FTL","Leap"],"picked":"Capacitor+1","floor":30.0},{"not_picked":["Static Discharge","Steam+1"],"picked":"Coolheaded","floor":31.0}],"player_experience":103309,"relics_obtained":[{"floor":6.0,"key":"MawBank"},{"floor":9.0,"key":"Oddly Smooth Stone"},{"floor":10.0,"key":"Du-Vu Doll"},{"floor":24.0,"key":"Bottled Lightning"},{"floor":26.0,"key":"Juzu Bracelet"}],"event_choices":[{"cards_removed":["Strike_B"],"damage_healed":0.0,"max_hp_gain":0.0,"max_hp_loss":0.0,"gold_gain":0.0,"event_name":"Golden Wing","player_choice":"Card Removal","floor":3.0,"gold_loss":0.0,"damage_taken":7.0},{"damage_healed":0.0,"max_hp_gain":0.0,"max_hp_loss":6.0,"gold_gain":0.0,"event_name":"Golden Idol","player_choice":"Lose Max HP","floor":5.0,"gold_loss":0.0,"damage_taken":0.0,"relics_obtained":["Golden Idol"]},{"damage_healed":0.0,"max_hp_gain":0.0,"max_hp_loss":0.0,"gold_gain":0.0,"event_name":"The Woman in Blue","player_choice":"Bought 2 Potions","floor":14.0,"gold_loss":0.0,"damage_taken":0.0},{"damage_healed":0.0,"max_hp_gain":0.0,"max_hp_loss":0.0,"gold_gain":99.0,"event_name":"Nest","player_choice":"Stole From Cult","floor":22.0,"gold_loss":0.0,"damage_taken":0.0},{"damage_healed":0.0,"max_hp_gain":0.0,"max_hp_loss":0.0,"gold_gain":0.0,"cards_transformed":["Defend_B","Strike_B"],"event_name":"Drug Dealer","player_choice":"Became Test Subject","floor":25.0,"gold_loss":0.0,"damage_taken":0.0,"cards_obtained":["Hologram","Reprogram"]}],"is_beta":false,"boss_relics":[{"not_picked":["White Beast Statue","Runic Dome"],"picked":"Tiny House"}],"items_purged_floors":[4,28],"is_endless":false,"potions_floor_spawned":[6,10,11,12,19,27,30,31],"killed_by":"Automaton","ascension_level":9}