{"gold_per_floor":[111,10,28,28,28,28,57,57,106,106,140,157,171,25,25,98,98,114,114,133,133],"floor_reached":21,"playtime":631,"items_purged":["Doubt","Strike_B"],"score":327,"play_id":"a21c2812-4169-4c24-9d17-3a54ad5c1499","local_time":"20190520015355","is_ascension_mode":true,"campfire_choices":[{"data":"Barrage","floor":6,"key":"SMITH"},{"data":"Ball Lightning","floor":8,"key":"SMITH"},{"floor":10,"key":"REST"},{"data":"Genetic Algorithm","floor":15,"key":"SMITH"}],"neow_cost":"CURSE","seed_source_timestamp":528017220388800,"circlet_count":0,"master_deck":["AscendersBane","Zap+1","Dualcast","Barrage+1","Recycle","Beam Cell","Redo","BootSequence","Ball Lightning+1","Cold Snap","Genetic Algorithm+1","Go for the Eyes","Leap","Seek","Aggregate","Consume","FTL","Creative AI","Consume","Hologram","RitualDagger","Defragment+1"],"relics":["Cracked Core","Letter Opener","Bag of Marbles","Bronze Scales","Pandora\u0027s Box"],"potions_floor_usage":[11,18],"damage_taken":[{"damage":7,"enemies":"Jaw Worm","floor":1,"turns":3},{"damage":0,"enemies":"Cultist","floor":3,"turns":3},{"damage":35,"enemies":"3 Sentries","floor":7,"turns":7},{"damage":16,"enemies":"Gremlin Nob","floor":11,"turns":3},{"damage":0,"enemies":"Small Slimes","floor":12,"turns":3},{"damage":0,"enemies":"Blue Slaver","floor":13,"turns":2},{"damage":12,"enemies":"Hexaghost","floor":16,"turns":9},{"damage":9,"enemies":"Spheric Guardian","floor":18,"turns":3},{"damage":16,"enemies":"2 Thieves","floor":20,"turns":3},{"damage":32,"enemies":"Sentry and Sphere","floor":21,"turns":5}],"seed_played":"2028100806841239382","potions_obtained":[{"floor":7,"key":"LiquidBronze"},{"floor":13,"key":"Block Potion"},{"floor":16,"key":"Ancient Potion"}],"is_trial":false,"path_per_floor":["M","$","M","?","$","R","E","R","T","R","E","M","M","$","R","B",null,"M","?","M","M"],"character_chosen":"DEFECT","items_purchased":["Redo","Leap"],"campfire_rested":1,"item_purchase_floors":[2,14],"current_hp_per_floor":[57,57,57,57,57,57,22,22,22,43,27,27,27,27,27,15,57,48,42,26,0],"gold":133,"neow_bonus":"TRANSFORM_TWO_CARDS","is_prod":false,"is_daily":false,"chose_seed":false,"campfire_upgraded":3,"win_rate":0,"timestamp":1558310035,"path_taken":["M","$","M","?","?","R","E","R","T","R","E","M","M","?","R","BOSS","M","?","M","M"],"build_version":"2019-01-23","purchased_purges":2,"victory":false,"max_hp_per_floor":[71,71,71,71,71,71,71,71,71,71,71,71,71,71,71,71,71,71,71,71,71],"card_choices":[{"not_picked":["Turbo","Rebound"],"picked":"Beam Cell","floor":1},{"not_picked":["Stack","Reprogram"],"picked":"BootSequence","floor":3},{"not_picked":["Compile Driver","Hyperbeam"],"picked":"Ball Lightning","floor":7},{"not_picked":["Streamline","Heatsinks"],"picked":"Cold Snap","floor":11},{"not_picked":["White Noise","Barrage"],"picked":"Genetic Algorithm","floor":12},{"not_picked":["Steam","Gash"],"picked":"Go for the Eyes","floor":13},{"not_picked":["Rainbow","All For One"],"picked":"Seek","floor":16},{"not_picked":["Consume","Streamline"],"picked":"Hologram","floor":18},{"not_picked":["Coolheaded+1","Steam"],"picked":"Defragment+1","floor":20}],"player_experience":1163503,"relics_obtained":[{"floor":7,"key":"Letter Opener"},{"floor":9,"key":"Bag of Marbles"},{"floor":11,"key":"Bronze Scales"}],"event_choices":[{"damage_healed":0,"gold_gain":0,"player_choice":"Upgraded","damage_taken":0,"max_hp_gain":0,"max_hp_loss":0,"event_name":"Upgrade Shrine","floor":4,"gold_loss":0,"cards_upgraded":["Zap"]},{"damage_healed":0,"gold_gain":0,"player_choice":"Joined the Cult","damage_taken":6,"max_hp_gain":0,"max_hp_loss":0,"event_name":"Nest","floor":19,"gold_loss":0,"cards_obtained":["RitualDagger"]}],"is_beta":false,"boss_relics":[{"not_picked":["Black Star","White Beast Statue"],"picked":"Pandora\u0027s Box"}],"items_purged_floors":[2,14],"is_endless":false,"potions_floor_spawned":[7,13,16],"killed_by":"Sentry and Sphere","ascension_level":15}