{"gold_per_floor":[116,134,31,42,42,42,42,71,71,71,98,98,113,139,139,210,260,271,186,203,221,221],"floor_reached":22,"playtime":1476,"items_purged":["Shame"],"score":408,"play_id":"c593909d-9c7c-4bfb-81ac-eab606852d58","local_time":"20190717142738","is_ascension_mode":true,"campfire_choices":[{"data":"Armaments","floor":6,"key":"SMITH"},{"data":"True Grit","floor":10,"key":"SMITH"},{"data":"Shockwave","floor":12,"key":"SMITH"},{"data":"Bash","floor":15,"key":"SMITH"}],"neow_cost":"CURSE","seed_source_timestamp":578396652275704,"circlet_count":0,"master_deck":["AscendersBane","Strike_R","Strike_R","Strike_R","Strike_R","Defend_R","Defend_R","Defend_R","Defend_R","Bash+1","Armaments+1","Perfected Strike+1","True Grit+1","Headbutt","Shockwave+1","Twin Strike+1","Immolate","Body Slam","Entrench","Feel No Pain","Corruption","Rampage+1"],"relics":["Burning Blood","Pocketwatch","Ancient Tea Set","Red Skull","Dodecahedron","Tiny House"],"potions_floor_usage":[16,18],"damage_taken":[{"damage":6,"enemies":"2 Louse","floor":1,"turns":4},{"damage":4,"enemies":"Small Slimes","floor":2,"turns":4},{"damage":1,"enemies":"Cultist","floor":4,"turns":3},{"damage":31,"enemies":"Gremlin Nob","floor":8,"turns":4},{"damage":20,"enemies":"3 Sentries","floor":11,"turns":9},{"damage":0,"enemies":"Large Slime","floor":13,"turns":4},{"damage":8,"enemies":"Gremlin Nob","floor":14,"turns":3},{"damage":14,"enemies":"The Guardian","floor":16,"turns":8},{"damage":23,"enemies":"Shell Parasite","floor":18,"turns":4},{"damage":32,"enemies":"Spheric Guardian","floor":20,"turns":5},{"damage":18,"enemies":"Chosen and Byrds","floor":21,"turns":6},{"damage":15,"enemies":"Sentry and Sphere","floor":22,"turns":3}],"seed_played":"-6790496844744032323","potions_obtained":[{"floor":1,"key":"FairyPotion"},{"floor":8,"key":"Ancient Potion"},{"floor":13,"key":"Fire Potion"},{"floor":17,"key":"Energy Potion"},{"floor":21,"key":"Swift Potion"}],"is_trial":false,"path_per_floor":["M","M","$","M","?","R","?","E","T","R","E","R","M","E","R","B",null,"M","$","M","M","M"],"character_chosen":"IRONCLAD","items_purchased":["True Grit","Feel No Pain"],"campfire_rested":0,"item_purchase_floors":[3,19],"current_hp_per_floor":[68,70,70,75,68,68,68,43,43,43,29,29,35,33,33,25,68,51,51,25,13,0],"gold":221,"neow_bonus":"ONE_RARE_RELIC","is_prod":false,"is_daily":false,"chose_seed":false,"campfire_upgraded":4,"win_rate":0,"timestamp":1563370058,"path_taken":["M","M","$","M","?","R","?","E","T","R","E","R","?","E","R","BOSS","M","$","M","M","M"],"build_version":"2019-07-05","purchased_purges":1,"victory":false,"max_hp_per_floor":[75,75,75,75,75,75,75,75,75,75,75,75,75,75,75,75,80,80,80,80,80,80],"card_choices":[{"not_picked":["Warcry","Blood for Blood"],"picked":"Armaments","floor":1},{"not_picked":["Clash","Corruption"],"picked":"Perfected Strike","floor":2},{"not_picked":["Warcry","Clash"],"picked":"Headbutt","floor":4},{"not_picked":["Sever Soul","Hemokinesis","Anger"],"picked":"SKIP","floor":8},{"not_picked":["Wild Strike","Second Wind"],"picked":"Shockwave","floor":11},{"not_picked":["Havoc","Seeing Red","Clothesline"],"picked":"SKIP","floor":13},{"not_picked":["Rage","Fire Breathing"],"picked":"Twin Strike","floor":14},{"not_picked":["Feed","Brutality"],"picked":"Immolate","floor":16},{"not_picked":["Second Wind","Armaments"],"picked":"Body Slam","floor":17},{"not_picked":["Battle Trance","Flex"],"picked":"Entrench","floor":18},{"not_picked":["Shockwave+1","Pummel"],"picked":"Corruption","floor":20},{"not_picked":["Headbutt","Second Wind"],"picked":"Rampage+1","floor":21}],"player_experience":1185890,"relics_obtained":[{"floor":9,"key":"Ancient Tea Set"},{"floor":11,"key":"Red Skull"},{"floor":14,"key":"Dodecahedron"}],"event_choices":[{"cards_removed":["Strike_R"],"damage_healed":0,"gold_gain":0,"player_choice":"Card Removal","damage_taken":7,"max_hp_gain":0,"max_hp_loss":0,"event_name":"Golden Wing","floor":5,"gold_loss":0},{"damage_healed":0,"gold_gain":0,"player_choice":"Upgraded","damage_taken":0,"max_hp_gain":0,"max_hp_loss":0,"event_name":"Upgrade Shrine","floor":7,"gold_loss":0,"cards_upgraded":["Perfected Strike"]}],"is_beta":false,"boss_relics":[{"not_picked":["Busted Crown","White Beast Statue"],"picked":"Tiny House"}],"items_purged_floors":[3],"is_endless":false,"potions_floor_spawned":[1,8,13,14,21],"killed_by":"Sentry and Sphere","ascension_level":20}