{"path_per_floor":["M","M","?","M","?","E","M","M","T","M","R","M","R","M","R","B",null,"M","M","$","?","M","M","R","M","T","E","M","M","M","$","R","B",null,"M","?","?","M","$","R","?","R","T","M","R","?","M","$","R","B"],"character_chosen":"IRONCLAD","items_purchased":["Paper Frog","Feel No Pain","Regen Potion","Lantern"],"gold_per_floor":[114,133,133,149,149,176,194,213,213,230,230,241,241,251,251,349,349,361,371,1,1,11,24,24,36,36,71,89,100,110,59,59,157,157,171,171,219,237,81,81,81,81,130,147,147,0,12,12,12,12],"floor_reached":51,"campfire_rested":4,"playtime":5915,"current_hp_per_floor":[79,79,63,71,71,30,33,28,28,41,65,64,64,72,72,37,80,56,57,57,57,34,26,50,49,49,19,30,40,38,38,64,10,73,76,66,72,65,65,65,65,65,65,62,62,62,45,45,72,56],"items_purged":["Doubt"],"gold":12,"play_id":"16e2f78d-2581-419f-8cd9-73aca7bf05ad","is_prod":false,"is_daily":false,"campfire_rituals":0,"campfire_upgraded":5,"is_hardmode":false,"path_taken":["M","M","?","M","?","E","M","M","T","M","R","M","R","M","R","BOSS","M","M","$","?","M","M","R","?","T","E","M","M","M","$","R","BOSS","M","?","?","M","?","R","?","R","T","?","R","?","M","$","R","BOSS"],"build_version":"2018-01-11-PROD2","purchased_purges":3,"victory":true,"master_deck":["Strike_R","Strike_R","Strike_R","Defend_R","Defend_R","Defend_R","Bash","Shrug It Off","Metallicize","Blood for Blood","Shrug It Off","Shockwave","Twin Strike","Perfected Strike","Thunderclap","Disarm","Feed","Reaper","Corruption","Thunderclap","Armaments","Feel No Pain","Rampage","Intimidate","Iron Wave","Double Tap","Rampage","Shrug It Off","Offering","Anger","Madness","Madness","Thunderclap","Clothesline"],"max_hp_per_floor":[80,80,80,80,80,80,80,80,80,80,80,80,80,80,80,80,80,80,80,80,80,80,83,83,83,83,83,83,86,89,89,89,92,73,76,76,90,90,90,90,90,90,90,90,90,90,90,90,90,93],"relics":["Burning Blood","Blood Vial","Ornamental Fan","Unceasing Top","Mercury Hourglass","Astrolabe","Paper Frog","Letter Opener","Ice Cream","Runic Cube","Mango","Lantern","Oddly Smooth Stone","Red Mask"],"campfire_meditates":0,"card_choices":[{"not_picked":["Thunderclap","True Grit"],"picked":"Shrug It Off"},{"not_picked":["Twin Strike","Clash"],"picked":"Metallicize"},{"not_picked":["Thunderclap","Rage"],"picked":"Blood for Blood"},{"not_picked":["Armaments","Flame Barrier"],"picked":"Shrug It Off"},{"not_picked":["Intimidate","Burning Pact"],"picked":"Shockwave"},{"not_picked":["Warcry","Clash"],"picked":"Twin Strike"},{"not_picked":["Power Through","Uppercut"],"picked":"Perfected Strike"},{"not_picked":["Power Through","Sever Soul"],"picked":"Thunderclap"},{"not_picked":["Shrug It Off","Twin Strike"],"picked":"Disarm"},{"not_picked":["Juggernaut","Dark Embrace"],"picked":"Feed"},{"not_picked":["Fire Breathing","True Grit"],"picked":"Thunderclap"},{"not_picked":["Rupture","True Grit"],"picked":"Armaments"},{"not_picked":["Body Slam","Second Wind"],"picked":"Rampage"},{"not_picked":["Corruption","Twin Strike"],"picked":"Intimidate"},{"not_picked":["Hemokinesis","Cleave"],"picked":"Iron Wave"},{"not_picked":["Anger","Second Wind"],"picked":"Double Tap"},{"not_picked":["Shockwave","Anger"],"picked":"Rampage"},{"not_picked":["Warcry","Searing Blow"],"picked":"Shrug It Off"},{"not_picked":["Juggernaut","Fiend Fire"],"picked":"Offering"},{"not_picked":["Uppercut","Combust"],"picked":"Anger"},{"not_picked":["Shockwave","Pummel"],"picked":"Thunderclap"},{"not_picked":["Bloodletting","Disarm"],"picked":"Clothesline"}],"player_experience":1517,"potions_floor_usage":[10,16,16,16,29,33,33,33,50,50,50],"damage_taken":[{"damage":7,"enemies":"2 Louse","floor":1,"turns":3},{"damage":7,"enemies":"Small Slimes","floor":2,"turns":6},{"damage":0,"enemies":"Cultist","floor":4,"turns":4},{"damage":49,"enemies":"Lagavulin","floor":6,"turns":8},{"damage":5,"enemies":"3 Louse","floor":7,"turns":4},{"damage":13,"enemies":"Exordium Wildlife","floor":8,"turns":8},{"damage":1,"enemies":"2 Fungi Beasts","floor":10,"turns":3},{"damage":9,"enemies":"Exordium Thugs","floor":12,"turns":4},{"damage":0,"enemies":"Lots of Slimes","floor":14,"turns":3},{"damage":43,"enemies":"Hexaghost","floor":16,"turns":11},{"damage":30,"enemies":"Spheric Guardian","floor":18,"turns":8},{"damage":7,"enemies":"3 Byrds","floor":19,"turns":6},{"damage":31,"enemies":"Sentry and Sphere","floor":22,"turns":10},{"damage":27,"enemies":"Centurion and Healer","floor":23,"turns":7},{"damage":14,"enemies":"3 Cultists","floor":25,"turns":7},{"damage":38,"enemies":"Book of Stabbing","floor":27,"turns":8},{"damage":0,"enemies":"Snake Plant","floor":28,"turns":6},{"damage":6,"enemies":"Centurion and Healer","floor":29,"turns":14},{"damage":28,"enemies":"3 Cultists","floor":30,"turns":5},{"damage":85,"enemies":"Champ","floor":33,"turns":16},{"damage":29,"enemies":"3 Darklings","floor":35,"turns":7},{"damage":16,"enemies":"Mysterious Sphere","floor":37,"turns":4},{"damage":15,"enemies":"Orb Walker","floor":38,"turns":4},{"damage":11,"enemies":"3 Darklings","floor":44,"turns":6},{"damage":25,"enemies":"Sphere and 2 Shapes","floor":47,"turns":5},{"damage":35,"enemies":"Awakened One","floor":50,"turns":19}],"event_choices":[{"event_name":"Shining Light","player_choice":"Entered Light","floor":3,"damage_taken":0},{"event_name":"Big Fish","player_choice":"Box","floor":5,"damage_taken":0},{"event_name":"Beggar","player_choice":"Ignored","floor":21,"damage_taken":0},{"event_name":"Winding Halls","player_choice":"Embrace Madness","floor":36,"damage_taken":0},{"event_name":"Mysterious Sphere","player_choice":"Fight","floor":37,"damage_taken":0},{"event_name":"Tomb of Lord Red Mask","player_choice":"Paid","floor":46,"damage_taken":0}],"boss_relics":[{"not_picked":["Mark of Pain","Runic Pyramid"],"picked":"Astrolabe"},{"not_picked":["Question Card","Eternal Feather"],"picked":"Runic Cube"}],"potions_floor_spawned":[6,7,10,12,19,22,23,28,33,38,44,47],"seed_played":"6522051465118873383","is_trial":false}