{"gold_per_floor":[116,191,116,116,126,157,167,167,167,178,190,225,225,245,245,245],"floor_reached":16,"playtime":328,"items_purged":[],"score":274,"play_id":"3563f37d-dc3d-49ae-b9c6-63b60d53446a","local_time":"20190720094114","is_ascension_mode":true,"campfire_choices":[{"data":"Defragment","floor":8,"key":"SMITH"},{"data":"Chaos","floor":13,"key":"SMITH"},{"floor":15,"key":"REST"}],"neow_cost":"NONE","seed_source_timestamp":831814813240972,"circlet_count":0,"master_deck":["AscendersBane","Strike_B","Strike_B","Strike_B","Strike_B","Defend_B","Defend_B","Defend_B","Zap","Dualcast","Go for the Eyes","Regret","Cold Snap","Defragment+1","Turbo","Chaos+1","Fusion","Loop","Glacier"],"relics":["Cracked Core","NeowsBlessing","Letter Opener","Gremlin Horn","Bag of Marbles","Ice Cream"],"potions_floor_usage":[10,12],"damage_taken":[{"damage":0,"enemies":"Small Slimes","floor":1,"turns":1},{"damage":0,"enemies":"Jaw Worm","floor":5,"turns":1},{"damage":0,"enemies":"Lagavulin","floor":6,"turns":1},{"damage":3,"enemies":"Cultist","floor":7,"turns":3},{"damage":0,"enemies":"Blue Slaver","floor":10,"turns":1},{"damage":16,"enemies":"Looter","floor":11,"turns":4},{"damage":6,"enemies":"3 Sentries","floor":12,"turns":6},{"damage":27,"enemies":"Large Slime","floor":14,"turns":5},{"damage":30,"enemies":"Slime Boss","floor":16,"turns":3}],"seed_played":"7547317654769432326","potions_obtained":[{"floor":5,"key":"Swift Potion"},{"floor":6,"key":"Dexterity Potion"},{"floor":11,"key":"LiquidBronze"}],"is_trial":false,"path_per_floor":["M","?","?","?","M","E","M","R","T","M","M","E","R","M","R","B"],"character_chosen":"DEFECT","items_purchased":[],"campfire_rested":1,"item_purchase_floors":[],"current_hp_per_floor":[64,53,53,53,53,53,50,50,50,50,34,28,28,1,22,0],"gold":245,"neow_bonus":"THREE_ENEMY_KILL","is_prod":false,"is_daily":false,"chose_seed":false,"campfire_upgraded":2,"win_rate":0,"timestamp":1563608474,"path_taken":["M","?","?","?","M","E","M","R","T","M","M","E","R","M","R","BOSS"],"build_version":"2019-07-17","purchased_purges":0,"victory":false,"max_hp_per_floor":[71,71,71,71,71,71,71,71,71,71,71,71,71,71,71,71],"card_choices":[{"not_picked":["Heatsinks","Fusion"],"picked":"Go for the Eyes","floor":1},{"not_picked":["Doom and Gloom","BootSequence"],"picked":"Cold Snap","floor":5},{"not_picked":["Compile Driver","Meteor Strike"],"picked":"Defragment","floor":6},{"not_picked":["Compile Driver","Chill"],"picked":"Turbo","floor":7},{"not_picked":["White Noise","Auto Shields"],"picked":"Chaos","floor":10},{"not_picked":["Rip and Tear","Steam"],"picked":"Fusion","floor":11},{"not_picked":["Turbo","Sweeping Beam"],"picked":"Loop","floor":12},{"not_picked":["All For One","Genetic Algorithm"],"picked":"Glacier","floor":14}],"player_experience":872965,"relics_obtained":[{"floor":6,"key":"Gremlin Horn"},{"floor":9,"key":"Bag of Marbles"},{"floor":12,"key":"Ice Cream"}],"event_choices":[{"damage_healed":0,"gold_gain":75,"player_choice":"Gather Gold","damage_taken":11,"max_hp_gain":0,"max_hp_loss":0,"event_name":"World of Goop","floor":2,"gold_loss":0},{"cards_removed":["Defend_B"],"damage_healed":0,"gold_gain":0,"player_choice":"Card Removal","damage_taken":0,"max_hp_gain":0,"max_hp_loss":0,"event_name":"The Cleric","floor":3,"gold_loss":75},{"damage_healed":0,"gold_gain":0,"player_choice":"Box","damage_taken":0,"relics_obtained":["Letter Opener"],"max_hp_gain":0,"max_hp_loss":0,"event_name":"Big Fish","floor":4,"gold_loss":0,"cards_obtained":["Regret"]}],"is_beta":false,"boss_relics":[],"items_purged_floors":[],"is_endless":false,"potions_floor_spawned":[5,6,11],"killed_by":"Slime Boss","ascension_level":20}