{"gold_per_floor":[211,222,232,232,78,108,108,138,138,148,166,166,186,196,196,291,291,310,310,225,225,243,275,275,275],"floor_reached":25,"playtime":1489,"items_purged":["Strike_B"],"score":233,"play_id":"b03b18d9-9187-4cdf-9ae6-6aedfd1a8b77","local_time":"20190723185457","is_ascension_mode":false,"campfire_choices":[{"floor":7,"key":"REST"},{"floor":12,"key":"REST"},{"floor":15,"key":"REST"},{"floor":24,"key":"REST"}],"neow_cost":"NONE","seed_source_timestamp":1192602009477333,"circlet_count":0,"master_deck":["Strike_B","Strike_B","Defend_B","Defend_B","Defend_B","Defend_B","Zap","Dualcast","Streamline","Sweeping Beam","Defragment","Hologram","Darkness","Glacier","Loop+1","Self Repair+1","Creative AI+1","Turbo","Gash+1"],"relics":["Cracked Core","Molten Egg 2","Symbiotic Virus","Frozen Egg 2","Black Star","Bag of Preparation","DataDisk","Nunchaku"],"potions_floor_usage":[6,14,22,23,23,23,25],"damage_taken":[{"damage":0,"enemies":"Small Slimes","floor":1,"turns":3},{"damage":6,"enemies":"Cultist","floor":2,"turns":3},{"damage":13,"enemies":"Jaw Worm","floor":3,"turns":3},{"damage":43,"enemies":"3 Sentries","floor":6,"turns":9},{"damage":21,"enemies":"Lagavulin","floor":8,"turns":7},{"damage":3,"enemies":"2 Fungi Beasts","floor":10,"turns":3},{"damage":1,"enemies":"3 Louse","floor":11,"turns":3},{"damage":1,"enemies":"Exordium Wildlife","floor":13,"turns":4},{"damage":9,"enemies":"Exordium Thugs","floor":14,"turns":5},{"damage":10,"enemies":"The Guardian","floor":16,"turns":11},{"damage":0,"enemies":"Chosen","floor":18,"turns":3},{"damage":0,"enemies":"Spheric Guardian","floor":22,"turns":3},{"damage":66,"enemies":"Book of Stabbing","floor":23,"turns":6},{"damage":43,"enemies":"Gremlin Leader","floor":25,"turns":9}],"seed_played":"-2496210118795321227","potions_obtained":[{"floor":1,"key":"Dexterity Potion"},{"floor":10,"key":"Weak Potion"},{"floor":13,"key":"GamblersBrew"},{"floor":14,"key":"AttackPotion"},{"floor":18,"key":"Poison Potion"},{"floor":22,"key":"Explosive Potion"},{"floor":23,"key":"Fire Potion"}],"is_trial":false,"path_per_floor":["M","M","M","?","$","E","R","E","T","M","M","R","M","M","R","B",null,"M","?","?","?","M","E","R","E"],"character_chosen":"DEFECT","items_purchased":["Defragment"],"campfire_rested":4,"item_purchase_floors":[5],"current_hp_per_floor":[75,69,56,56,56,13,35,14,14,11,10,32,31,22,44,34,75,75,75,75,75,75,19,41,0],"gold":275,"neow_bonus":"HUNDRED_GOLD","is_prod":false,"is_daily":false,"chose_seed":false,"campfire_upgraded":0,"win_rate":0,"timestamp":1563922497,"path_taken":["M","M","M","?","$","E","R","E","T","M","?","R","M","M","R","BOSS","M","?","?","?","?","E","R","E"],"build_version":"2019-07-17","purchased_purges":1,"victory":false,"max_hp_per_floor":[75,75,75,75,75,75,75,75,75,75,75,75,75,75,75,75,75,75,75,75,75,75,75,75,75],"card_choices":[{"not_picked":["Undo","Blizzard"],"picked":"Streamline","floor":1},{"not_picked":["Ball Lightning","Double Energy","Rebound"],"picked":"SKIP","floor":2},{"not_picked":["Barrage","Ball Lightning"],"picked":"Sweeping Beam","floor":3},{"not_picked":["Beam Cell","Steam Power"],"picked":"Hologram","floor":6},{"not_picked":["Double Energy","Coolheaded"],"picked":"Darkness","floor":8},{"not_picked":["Gash+1","Chill"],"picked":"Glacier","floor":10},{"not_picked":["Rebound+1","Cold Snap+1"],"picked":"Loop+1","floor":11},{"not_picked":["Stack","Chill","Sweeping Beam+1"],"picked":"SKIP","floor":13},{"not_picked":["Go for the Eyes+1","Cold Snap+1"],"picked":"Self Repair+1","floor":14},{"not_picked":["Reboot","Electrodynamics+1"],"picked":"Creative AI+1","floor":16},{"not_picked":["Aggregate+1","Hologram+1","Storm+1"],"picked":"SKIP","floor":18},{"not_picked":["Barrage+1","Rebound+1","Sunder+1"],"picked":"SKIP","floor":22},{"not_picked":["Barrage+1","Ball Lightning+1"],"picked":"Gash+1","floor":23}],"player_experience":295922,"relics_obtained":[{"floor":6,"key":"Molten Egg 2"},{"floor":8,"key":"Symbiotic Virus"},{"floor":9,"key":"Frozen Egg 2"},{"floor":23,"key":"DataDisk"},{"floor":23,"key":"Nunchaku"}],"event_choices":[{"cards_removed":["Strike_B"],"damage_healed":0,"gold_gain":0,"player_choice":"Offered Basic","damage_taken":0,"max_hp_gain":0,"max_hp_loss":0,"event_name":"Bonfire Elementals","floor":4,"gold_loss":0},{"damage_healed":0,"gold_gain":0,"player_choice":"Ignored","damage_taken":0,"max_hp_gain":0,"max_hp_loss":0,"event_name":"Ghosts","floor":19,"gold_loss":0},{"damage_healed":0,"gold_gain":0,"player_choice":"Obtained Relic","damage_taken":0,"relics_obtained":["Bag of Preparation"],"max_hp_gain":0,"max_hp_loss":0,"event_name":"Addict","floor":20,"gold_loss":85},{"damage_healed":0,"gold_gain":0,"player_choice":"Read","damage_taken":0,"max_hp_gain":0,"max_hp_loss":0,"event_name":"The Library","floor":21,"gold_loss":0,"cards_obtained":["Turbo"]}],"is_beta":false,"boss_relics":[{"not_picked":["Eternal Feather","White Beast Statue"],"picked":"Black Star"}],"items_purged_floors":[5],"is_endless":false,"potions_floor_spawned":[1,10,13,14,18,22,23],"killed_by":"Gremlin Leader","ascension_level":0}