{"gold_per_floor":[118,118,118,118,118,152,23,23,23,49,67,67,92,103,103,180,180,196,223,242,36,36,36,49,49],"floor_reached":25,"playtime":684,"items_purged":["Strike_R","Strike_R"],"score":494,"play_id":"43834049-471f-4544-87a1-47a74e4009e4","local_time":"20190705032644","is_ascension_mode":true,"campfire_choices":[{"data":"Demon Form","floor":8,"key":"SMITH"},{"data":"Clothesline","floor":12,"key":"SMITH"},{"data":"Spot Weakness","floor":15,"key":"SMITH"},{"data":"Fiend Fire","floor":23,"key":"SMITH"}],"neow_cost":"NONE","seed_source_timestamp":1480448853762900,"circlet_count":0,"master_deck":["AscendersBane","Strike_R","Strike_R","Defend_R","Defend_R","Defend_R","Defend_R","Bash+1","Anger","Demon Form+1","Pommel Strike","Feel No Pain","Clothesline+1","Iron Wave","Spot Weakness+1","Fiend Fire+1","Shockwave","Exhume","Madness","Shrug It Off+1"],"relics":["Burning Blood","NeowsBlessing","Dodecahedron","Question Card","Mummified Hand","Regal Pillow","Runic Cube","Omamori"],"potions_floor_usage":[13,16,18,24,24],"damage_taken":[{"damage":0,"enemies":"2 Louse","floor":1,"turns":1},{"damage":0,"enemies":"Lagavulin","floor":6,"turns":1},{"damage":0,"enemies":"Gremlin Nob","floor":10,"turns":1},{"damage":1,"enemies":"Cultist","floor":11,"turns":3},{"damage":10,"enemies":"Lagavulin","floor":13,"turns":5},{"damage":2,"enemies":"Jaw Worm","floor":14,"turns":3},{"damage":43,"enemies":"Hexaghost","floor":16,"turns":8},{"damage":20,"enemies":"2 Thieves","floor":18,"turns":4},{"damage":22,"enemies":"Spheric Guardian","floor":20,"turns":4},{"damage":20,"enemies":"Centurion and Healer","floor":24,"turns":4},{"damage":26,"enemies":"Shelled Parasite and Fungi","floor":25,"turns":3}],"seed_played":"-4232066422657173225","potions_obtained":[{"floor":6,"key":"SpeedPotion"},{"floor":11,"key":"Block Potion"},{"floor":16,"key":"SteroidPotion"},{"floor":20,"key":"LiquidBronze"},{"floor":22,"key":"AttackPotion"}],"is_trial":false,"path_per_floor":["M","?","$","?","$","E","$","R","T","E","M","R","E","M","R","B",null,"M","T","M","$","?","R","M","M"],"character_chosen":"IRONCLAD","items_purchased":["PowerPotion","Madness"],"campfire_rested":0,"item_purchase_floors":[7,21],"current_hp_per_floor":[74,74,74,74,74,75,75,75,75,75,75,75,71,75,75,38,66,52,52,36,36,36,36,22,0],"gold":49,"neow_bonus":"THREE_ENEMY_KILL","is_prod":false,"is_daily":false,"chose_seed":false,"campfire_upgraded":4,"win_rate":0,"timestamp":1562290004,"path_taken":["M","?","?","?","$","E","?","R","T","E","M","R","E","M","R","BOSS","M","?","M","$","?","R","?","M"],"build_version":"2019-07-01","purchased_purges":2,"victory":false,"max_hp_per_floor":[75,75,75,75,75,75,75,75,75,75,75,75,75,75,75,75,75,75,75,75,75,75,75,75,75],"card_choices":[{"not_picked":["Heavy Blade","Rampage"],"picked":"Anger","floor":1},{"not_picked":["Armaments","Flex"],"picked":"Pommel Strike","floor":6},{"not_picked":["Pommel Strike","Rage","Corruption"],"picked":"Feel No Pain","floor":10},{"not_picked":["Fire Breathing","Brutality","Twin Strike"],"picked":"Clothesline","floor":11},{"not_picked":["Sword Boomerang","Sentinel","Shrug It Off"],"picked":"Iron Wave","floor":13},{"not_picked":["Flex","Sword Boomerang","Headbutt"],"picked":"Spot Weakness","floor":14},{"not_picked":["Offering","Bludgeon","Barricade"],"picked":"Fiend Fire","floor":16},{"not_picked":["Clothesline","Shrug It Off","Warcry"],"picked":"Shockwave","floor":18},{"not_picked":["Twin Strike+1","Pummel","Warcry"],"picked":"Exhume","floor":20},{"not_picked":["Bloodletting","Anger","Cleave"],"picked":"Shrug It Off+1","floor":24}],"player_experience":1604129,"relics_obtained":[{"floor":6,"key":"Dodecahedron"},{"floor":9,"key":"Question Card"},{"floor":10,"key":"Mummified Hand"},{"floor":13,"key":"Regal Pillow"},{"floor":19,"key":"Omamori"}],"event_choices":[{"damage_healed":0,"gold_gain":0,"player_choice":"Forge","damage_taken":0,"max_hp_gain":0,"max_hp_loss":0,"event_name":"Accursed Blacksmith","floor":2,"gold_loss":0,"cards_upgraded":["Bash"]},{"damage_healed":0,"gold_gain":0,"cards_transformed":["Strike_R"],"player_choice":"Change","damage_taken":0,"max_hp_gain":0,"max_hp_loss":0,"event_name":"Living Wall","floor":4,"gold_loss":0,"cards_obtained":["Demon Form"]},{"damage_healed":0,"gold_gain":0,"player_choice":"Got Potions","damage_taken":0,"max_hp_gain":0,"max_hp_loss":0,"event_name":"Lab","floor":22,"gold_loss":0}],"is_beta":false,"boss_relics":[{"not_picked":["Tiny House","Calling Bell"],"picked":"Runic Cube"}],"items_purged_floors":[7,21],"is_endless":false,"potions_floor_spawned":[6,11,16,20],"killed_by":"Shelled Parasite and Fungi","ascension_level":17}