{"gold_per_floor":[363,374,449,474,474,474,515,515,515,440,11,11,31,31,31,124,124,139,139,54,70,70,70,90,90],"floor_reached":25,"playtime":624,"items_purged":["Strike_G"],"score":355,"play_id":"2ba0eaea-5245-4815-a951-b0491bbfc79c","local_time":"20190622120623","is_ascension_mode":true,"campfire_choices":[{"floor":6.0,"key":"REST"},{"data":"Skewer","floor":8.0,"key":"SMITH"},{"data":"Neutralize","floor":12.0,"key":"SMITH"},{"data":"Bouncing Flask","floor":15.0,"key":"SMITH"},{"data":"Ghostly","floor":23,"key":"SMITH"}],"neow_cost":"PERCENT_DAMAGE","seed_source_timestamp":388433294348500,"circlet_count":0,"master_deck":["AscendersBane","Defend_G","Defend_G","Defend_G","Defend_G","Defend_G","Strike_G","Strike_G","Strike_G","Survivor","Neutralize+1","Skewer+1","Deadly Poison","Blade Dance","Footwork","Bouncing Flask+1","Corpse Explosion","Predator","Ghostly+1","Ghostly","Ghostly","Backstab"],"special_seed":0,"relics":["Ring of the Snake","Bronze Scales","Golden Idol","Singing Bowl","Darkstone Periapt","Mummified Hand","Velvet Choker","Shuriken"],"potions_floor_usage":[],"damage_taken":[{"damage":0.0,"enemies":"Jaw Worm","floor":1.0,"turns":6.0},{"damage":6.0,"enemies":"2 Louse","floor":2.0,"turns":4.0},{"damage":17.0,"enemies":"Gremlin Nob","floor":7.0,"turns":4.0},{"damage":0.0,"enemies":"Cultist","floor":13.0,"turns":2.0},{"damage":2.0,"enemies":"Hexaghost","floor":16.0,"turns":9.0},{"damage":10,"enemies":"Shell Parasite","floor":18,"turns":4},{"damage":11,"enemies":"2 Thieves","floor":21,"turns":5},{"damage":11,"enemies":"Shelled Parasite and Fungi","floor":24,"turns":5},{"damage":13,"enemies":"Snake Plant","floor":25,"turns":1}],"seed_played":"8561021759052357781","potions_obtained":[{"floor":1.0,"key":"SkillPotion"},{"floor":2.0,"key":"Swift Potion"}],"is_trial":false,"path_per_floor":["M","M","?","T","?","R","E","R","T","?","$","R","M","$","R","B",null,"M","?","?","M","?","R","M","M"],"character_chosen":"THE_SILENT","items_purchased":["Footwork","Mummified Hand"],"campfire_rested":1,"item_purchase_floors":[11,11],"current_hp_per_floor":[44,38,27,27,27,46,29,29,29,29,29,29,29,29,29,27,56,46,33,33,24,24,24,13,0],"gold":90,"neow_bonus":"TWO_FIFTY_GOLD","is_prod":false,"is_daily":false,"chose_seed":false,"campfire_upgraded":4,"win_rate":0,"timestamp":1561197983,"path_taken":["M","M","?","?","?","R","E","R","T","?","$","R","M","$","R","BOSS","M","?","?","M","?","R","M","?"],"build_version":"2019-01-23","purchased_purges":1,"victory":false,"max_hp_per_floor":[66,66,66,66,66,66,66,66,66,66,66,66,66,66,66,66,66,66,33,33,35,35,35,35,35],"card_choices":[{"not_picked":["Leg Sweep","Infinite Blades"],"picked":"Skewer","floor":1.0},{"not_picked":["Dodge and Roll","Cloak And Dagger"],"picked":"Deadly Poison","floor":2.0},{"not_picked":["Deflect","Terror"],"picked":"Blade Dance","floor":7.0},{"not_picked":["Sucker Punch","Underhanded Strike"],"picked":"Bouncing Flask","floor":13.0},{"not_picked":["Envenom","Night Terror"],"picked":"Corpse Explosion","floor":16.0},{"not_picked":["Eviscerate","Terror"],"picked":"Predator","floor":18},{"not_picked":["Sucker Punch","Riddle With Holes","Bane"],"picked":"Singing Bowl","floor":21},{"not_picked":["Cloak And Dagger","Quick Slash"],"picked":"Backstab","floor":24}],"player_experience":1432887,"relics_obtained":[{"floor":4.0,"key":"Bronze Scales"},{"floor":7.0,"key":"Singing Bowl"},{"floor":9.0,"key":"Darkstone Periapt"}],"event_choices":[{"damage_healed":0.0,"max_hp_gain":0.0,"max_hp_loss":0.0,"gold_gain":75.0,"event_name":"World of Goop","player_choice":"Gather Gold","floor":3.0,"gold_loss":0.0,"damage_taken":11.0},{"damage_healed":0.0,"max_hp_gain":0.0,"max_hp_loss":0.0,"gold_gain":0.0,"event_name":"Golden Idol","player_choice":"Take Wound","floor":5.0,"gold_loss":0.0,"damage_taken":0.0,"relics_obtained":["Golden Idol"],"cards_obtained":["Injury"]},{"cards_removed":["Injury"],"damage_healed":0.0,"max_hp_gain":0.0,"max_hp_loss":0.0,"gold_gain":0.0,"event_name":"The Cleric","player_choice":"Card Removal","floor":10.0,"gold_loss":75.0,"damage_taken":0.0},{"damage_healed":0,"gold_gain":0,"player_choice":"Became a Ghost","damage_taken":0,"max_hp_gain":0,"max_hp_loss":33,"event_name":"Ghosts","floor":19,"gold_loss":0,"cards_obtained":["Ghostly","Ghostly","Ghostly"]},{"damage_healed":0,"gold_gain":0,"player_choice":"Obtained Relic","damage_taken":0,"relics_obtained":["Shuriken"],"max_hp_gain":0,"max_hp_loss":0,"event_name":"Addict","floor":20,"gold_loss":85},{"cards_removed":["Strike_G"],"damage_healed":0,"gold_gain":0,"player_choice":"Offered Basic","damage_taken":0,"max_hp_gain":0,"max_hp_loss":0,"event_name":"Bonfire Elementals","floor":22,"gold_loss":0}],"is_beta":false,"boss_relics":[{"not_picked":["Tiny House","Lizard Tail"],"picked":"Velvet Choker"}],"items_purged_floors":[11],"is_endless":false,"potions_floor_spawned":[1,2],"killed_by":"Snake Plant","ascension_level":16}