{"gold_per_floor":[10,22,172,172,172,172,24,43,43,43,68,68,79,92,92,168,168,179,190,190,7,19,19,19,19,69,94,94,111,111,122,122,201,201,211,231,231],"floor_reached":37,"playtime":1713,"items_purged":["Doubt","Phantasmal Killer"],"score":725,"play_id":"2ff80e4c-dd01-45bc-936c-7356db78771a","local_time":"20190423114958","is_ascension_mode":true,"campfire_choices":[{"data":"Neutralize","floor":6.0,"key":"SMITH"},{"data":"Corpse Explosion","floor":10.0,"key":"SMITH"},{"data":"Noxious Fumes","floor":12.0,"key":"SMITH"},{"data":"Noxious Fumes","floor":15.0,"key":"SMITH"},{"floor":23.0,"key":"REST"},{"data":"Catalyst","floor":25.0,"key":"SMITH"},{"floor":30.0,"key":"REST"},{"floor":32.0,"key":"REST"}],"neow_cost":"NO_GOLD","seed_source_timestamp":47582307722200,"circlet_count":0,"master_deck":["AscendersBane","Survivor","Neutralize+1","Corpse Explosion+1","Noxious Fumes+1","Noxious Fumes+1","Escape Plan","Dash","Venomology","Deflect","Blur","Glass Knife","All Out Attack","Calculated Gamble","Skewer","Blur","Burst","Endless Agony","Well Laid Plans","Flying Knee","RitualDagger+1","Finesse","Catalyst+1","Footwork","Backstab","Heel Hook","Night Terror","Bouncing Flask+1","Backflip+1"],"special_seed":0,"relics":["Ring of the Snake","Dodecahedron","Bottled Flame","Ninja Scroll","Pandora\u0027s Box","Bronze Scales","Paper Crane","Empty Cage"],"potions_floor_usage":[36,37],"damage_taken":[{"damage":0.0,"enemies":"2 Louse","floor":1.0,"turns":2.0},{"damage":1.0,"enemies":"Jaw Worm","floor":2.0,"turns":4.0},{"damage":0.0,"enemies":"Small Slimes","floor":8.0,"turns":3.0},{"damage":10.0,"enemies":"3 Sentries","floor":11.0,"turns":3.0},{"damage":0.0,"enemies":"Looter","floor":13.0,"turns":3.0},{"damage":0.0,"enemies":"Lots of Slimes","floor":14.0,"turns":2.0},{"damage":6.0,"enemies":"Hexaghost","floor":16.0,"turns":9.0},{"damage":0.0,"enemies":"Spheric Guardian","floor":18.0,"turns":3.0},{"damage":11.0,"enemies":"Shell Parasite","floor":19.0,"turns":4.0},{"damage":17.0,"enemies":"Centurion and Healer","floor":22.0,"turns":4.0},{"damage":33.0,"enemies":"Slavers","floor":27.0,"turns":3.0},{"damage":3.0,"enemies":"Snake Plant","floor":29.0,"turns":4.0},{"damage":28.0,"enemies":"Snecko","floor":31.0,"turns":5.0},{"damage":35.0,"enemies":"Automaton","floor":33.0,"turns":8.0},{"damage":25,"enemies":"3 Darklings","floor":35,"turns":3},{"damage":11,"enemies":"3 Shapes","floor":36,"turns":4},{"damage":31,"enemies":"Jaw Worm Horde","floor":37,"turns":1}],"seed_played":"83710483375602575","potions_obtained":[{"floor":8.0,"key":"Fire Potion"},{"floor":11.0,"key":"Dexterity Potion"},{"floor":16.0,"key":"FearPotion"},{"floor":27.0,"key":"LiquidBronze"},{"floor":31.0,"key":"SpeedPotion"},{"floor":33.0,"key":"Fruit Juice"},{"floor":36,"key":"Poison Potion"}],"is_trial":false,"path_per_floor":["M","M","?","?","?","R","$","M","T","R","E","R","M","M","R","B",null,"M","M","?","$","M","R","?","R","T","E","?","M","R","M","R","B",null,"M","M","M"],"character_chosen":"THE_SILENT","items_purchased":["Noxious Fumes","Finesse"],"campfire_rested":3,"item_purchase_floors":[7,21],"current_hp_per_floor":[59,58,58,63,37,37,37,37,37,37,27,27,27,27,27,21,59,59,48,42,42,25,46,46,46,46,13,13,19,40,26,47,26,64,39,28,0],"gold":231,"neow_bonus":"THREE_RARE_CARDS","is_prod":false,"is_daily":false,"chose_seed":false,"campfire_upgraded":5,"win_rate":0,"timestamp":1556012998,"path_taken":["M","M","?","?","?","R","?","M","T","R","E","R","M","M","R","BOSS","M","M","?","$","M","R","?","R","T","E","?","?","R","M","R","BOSS","M","M","M"],"build_version":"2019-01-23","purchased_purges":2,"victory":false,"max_hp_per_floor":[66,66,66,71,71,71,71,71,71,71,71,71,71,71,71,71,71,71,71,71,71,71,71,71,71,71,71,71,71,71,71,71,76,76,76,76,76],"card_choices":[{"not_picked":["Night Terror","Envenom"],"picked":"Corpse Explosion","floor":0.0},{"not_picked":["Dodge and Roll","Finisher"],"picked":"Poisoned Stab","floor":1.0},{"not_picked":["Backflip","Quick Slash"],"picked":"Noxious Fumes","floor":2.0},{"not_picked":["Masterful Stab","Underhanded Strike"],"picked":"Dagger Throw","floor":8.0},{"not_picked":["PiercingWail","Dagger Throw"],"picked":"Escape Plan","floor":11.0},{"not_picked":["Backflip","Skewer"],"picked":"Dash","floor":13.0},{"not_picked":["Flying Knee","Dagger Spray"],"picked":"Choke","floor":14.0},{"not_picked":["Die Die Die","Corpse Explosion"],"picked":"Venomology","floor":16.0},{"not_picked":["Cloak And Dagger","Blade Dance"],"picked":"Well Laid Plans","floor":18.0},{"not_picked":["Dagger Throw","Concentrate"],"picked":"Flying Knee","floor":19.0},{"not_picked":["Endless Agony","Bane"],"picked":"Catalyst","floor":22.0},{"not_picked":["Die Die Die","All Out Attack"],"picked":"Footwork","floor":27.0},{"not_picked":["Deflect","Sucker Punch"],"picked":"Backstab","floor":29.0},{"not_picked":["Choke","Dagger Spray"],"picked":"Heel Hook","floor":31.0},{"not_picked":["Unload","Storm of Steel"],"picked":"Night Terror","floor":33.0},{"not_picked":["Slice","Cloak And Dagger"],"picked":"Bouncing Flask+1","floor":35},{"not_picked":["Acrobatics","Underhanded Strike+1"],"picked":"Backflip+1","floor":36}],"player_experience":1044713,"relics_obtained":[{"floor":9.0,"key":"Bottled Flame"},{"floor":11.0,"key":"Ninja Scroll"},{"floor":26.0,"key":"Bronze Scales"},{"floor":27.0,"key":"Paper Crane"}],"event_choices":[{"damage_healed":0.0,"max_hp_gain":0.0,"max_hp_loss":0.0,"gold_gain":150.0,"event_name":"Liars Game","player_choice":"AGREE","floor":3.0,"gold_loss":0.0,"damage_taken":0.0,"cards_obtained":["Doubt"]},{"damage_healed":0.0,"max_hp_gain":5.0,"max_hp_loss":0.0,"gold_gain":0.0,"event_name":"Big Fish","player_choice":"Donut","floor":4.0,"gold_loss":0.0,"damage_taken":0.0},{"damage_healed":0.0,"max_hp_gain":0.0,"max_hp_loss":0.0,"gold_gain":0.0,"event_name":"Scrap Ooze","player_choice":"Success","floor":5.0,"gold_loss":0.0,"damage_taken":26.0,"relics_obtained":["Dodecahedron"]},{"damage_healed":0.0,"max_hp_gain":0.0,"max_hp_loss":0.0,"gold_gain":0.0,"event_name":"Nest","player_choice":"Joined the Cult","floor":20.0,"gold_loss":0.0,"damage_taken":6.0,"cards_obtained":["RitualDagger"]},{"cards_removed":["Poisoned Stab"],"damage_healed":0.0,"max_hp_gain":0.0,"max_hp_loss":0.0,"gold_gain":0.0,"event_name":"Back to Basics","player_choice":"Elegance","floor":24.0,"gold_loss":0.0,"damage_taken":0.0},{"damage_healed":0.0,"max_hp_gain":0.0,"max_hp_loss":0.0,"gold_gain":0.0,"event_name":"Upgrade Shrine","player_choice":"Upgraded","floor":28.0,"gold_loss":0.0,"damage_taken":0.0,"cards_upgraded":["RitualDagger"]}],"is_beta":false,"boss_relics":[{"not_picked":["HoveringKite","WristBlade"],"picked":"Pandora\u0027s Box"},{"not_picked":["Fusion Hammer","White Beast Statue"],"picked":"Empty Cage"}],"items_purged_floors":[7,21],"is_endless":false,"potions_floor_spawned":[8,11,16,27,31,33,36],"killed_by":"Jaw Worm Horde","ascension_level":15}