{"gold_per_floor":[117,117,42,52,227,93,93,93,93,93,126,126,201,76,76,178,178,197,197,209,59,70,70],"floor_reached":23,"playtime":577,"items_purged":["Strike_R","Doubt","Defend_R","Defend_R"],"score":210,"play_id":"25d017d4-a2ce-4104-9f05-9607eae9b155","local_time":"20181225184815","is_ascension_mode":false,"campfire_choices":[{"data":"Bash","floor":7.0,"key":"SMITH"},{"data":"Defend_R","floor":10.0,"key":"SMITH"},{"data":"Dropkick","floor":12.0,"key":"SMITH"},{"data":"Defend_R","floor":15.0,"key":"SMITH"}],"neow_cost":"NONE","seed_source_timestamp":293649694116129,"circlet_count":0,"master_deck":["Strike_R","Strike_R","Defend_R+1","Defend_R+1","Bash+1","Dropkick+1"],"special_seed":0,"relics":["Burning Blood","NeowsBlessing","Anchor","Centennial Puzzle","Runic Pyramid"],"potions_floor_usage":[],"damage_taken":[{"damage":0.0,"enemies":"Small Slimes","floor":1.0,"turns":1.0},{"damage":0.0,"enemies":"Cultist","floor":4.0,"turns":1.0},{"damage":0.0,"enemies":"Gremlin Nob","floor":11.0,"turns":1.0},{"damage":60.0,"enemies":"Hexaghost","floor":16.0,"turns":10.0},{"damage":22.0,"enemies":"2 Thieves","floor":18.0,"turns":4.0},{"damage":2.0,"enemies":"Chosen","floor":20.0,"turns":4.0},{"damage":24.0,"enemies":"Snake Plant","floor":22.0,"turns":4.0},{"damage":62,"enemies":"Gremlin Leader","floor":23,"turns":4}],"seed_played":"-7927325164064620364","potions_obtained":[{"floor":11.0,"key":"Poison Potion"},{"floor":20.0,"key":"Poison Potion"}],"is_trial":false,"path_per_floor":["M","?","$","M","?","$","R","?","T","R","E","R","?","$","R","B",null,"M","?","M","$","M","E"],"character_chosen":"IRONCLAD","items_purchased":["Dropkick"],"campfire_rested":0,"item_purchase_floors":[6],"current_hp_per_floor":[80,80,80,80,80,80,80,80,80,80,80,80,69,69,69,15,80,64,80,80,80,62,0],"gold":70,"neow_bonus":"THREE_ENEMY_KILL","is_prod":false,"is_daily":false,"chose_seed":false,"campfire_upgraded":4,"win_rate":0,"timestamp":1545760095,"path_taken":["M","?","?","M","?","$","R","?","T","R","E","R","?","$","R","BOSS","M","?","M","$","M","E"],"build_version":"2018-12-20","purchased_purges":4,"victory":false,"max_hp_per_floor":[80,80,80,80,80,80,80,80,80,80,80,80,80,80,80,80,80,80,80,80,80,80,80],"card_choices":[{"not_picked":["Pommel Strike","Iron Wave","True Grit"],"picked":"SKIP","floor":1.0},{"not_picked":["Clothesline","Pommel Strike","Evolve"],"picked":"SKIP","floor":4.0},{"not_picked":["Heavy Blade","Clothesline","Armaments"],"picked":"SKIP","floor":11.0},{"not_picked":["Cleave","Thunderclap","Metallicize"],"picked":"SKIP","floor":18.0},{"not_picked":["Clothesline+1","Shrug It Off","Pommel Strike"],"picked":"SKIP","floor":20.0},{"not_picked":["Wild Strike","Bloodletting+1","Fire Breathing+1"],"picked":"SKIP","floor":22.0}],"player_experience":542867,"relics_obtained":[{"floor":9.0,"key":"Anchor"},{"floor":11.0,"key":"Centennial Puzzle"}],"event_choices":[{"cards_removed":["Strike_R"],"damage_healed":0.0,"max_hp_gain":0.0,"max_hp_loss":0.0,"gold_gain":0.0,"event_name":"Bonfire Elementals","player_choice":"Offered Basic","floor":2.0,"gold_loss":0.0,"damage_taken":0.0},{"damage_healed":0.0,"max_hp_gain":0.0,"max_hp_loss":0.0,"gold_gain":175.0,"event_name":"Liars Game","player_choice":"AGREE","floor":5.0,"gold_loss":0.0,"damage_taken":0.0,"cards_obtained":["Doubt"]},{"cards_removed":["Strike_R"],"damage_healed":0.0,"max_hp_gain":0.0,"max_hp_loss":0.0,"gold_gain":0.0,"event_name":"Living Wall","player_choice":"Forget","floor":8.0,"gold_loss":0.0,"damage_taken":0.0},{"damage_healed":0.0,"max_hp_gain":0.0,"max_hp_loss":0.0,"gold_gain":75.0,"event_name":"World of Goop","player_choice":"Gather Gold","floor":13.0,"gold_loss":0.0,"damage_taken":11.0},{"damage_healed":26.0,"max_hp_gain":0.0,"max_hp_loss":0.0,"gold_gain":0.0,"event_name":"The Library","player_choice":"Heal","floor":19.0,"gold_loss":0.0,"damage_taken":0.0}],"is_beta":false,"boss_relics":[{"not_picked":["Black Star","Eternal Feather"],"picked":"Runic Pyramid"}],"items_purged_floors":[3,6,14,21],"is_endless":false,"potions_floor_spawned":[11,20],"killed_by":"Gremlin Leader","ascension_level":0}