{"gold_per_floor":[109,32,52,52,70,70,88,88,170,170,180,180,5,20,20,20],"floor_reached":16,"playtime":323,"items_purged":["Strike_B"],"score":166,"play_id":"2a84e32c-1603-4e33-8148-1c2b6d8f3dad","local_time":"20190616232911","is_ascension_mode":true,"campfire_choices":[{"data":"Creative AI","floor":6,"key":"SMITH"},{"data":"Zap","floor":8,"key":"SMITH"},{"data":"Conserve Battery","floor":10,"key":"SMITH"},{"data":"Defragment","floor":15,"key":"SMITH"}],"neow_cost":"NONE","seed_source_timestamp":429253636945100,"circlet_count":0,"master_deck":["AscendersBane","Strike_B","Strike_B","Defend_B","Defend_B","Defend_B","Defend_B","Zap+1","Dualcast","Creative AI+1","Gash","BootSequence","Gash","Conserve Battery+1","Hologram","Auto Shields","All For One","Defragment+1","Cold Snap","Redo","Ball Lightning"],"relics":["Cracked Core","The Courier"],"potions_floor_usage":[7,14,16],"damage_taken":[{"damage":7,"enemies":"Small Slimes","floor":1,"turns":4},{"damage":5,"enemies":"Cultist","floor":3,"turns":4},{"damage":2,"enemies":"Jaw Worm","floor":5,"turns":3},{"damage":10,"enemies":"Gremlin Gang","floor":7,"turns":4},{"damage":17,"enemies":"2 Fungi Beasts","floor":11,"turns":4},{"damage":0,"enemies":"Red Slaver","floor":14,"turns":3},{"damage":31,"enemies":"The Guardian","floor":16,"turns":2}],"seed_played":"-6958487463768213371","potions_obtained":[{"floor":3,"key":"Poison Potion"},{"floor":5,"key":"FearPotion"},{"floor":11,"key":"Explosive Potion"}],"is_trial":false,"path_per_floor":["M","$","M","$","M","R","M","R","T","R","M","?","$","M","R","B"],"character_chosen":"DEFECT","items_purchased":["BootSequence","Defragment","Cold Snap","Redo"],"campfire_rested":0,"item_purchase_floors":[2,13,13,13],"current_hp_per_floor":[57,57,52,52,50,50,40,40,40,40,23,23,23,23,23,0],"gold":20,"neow_bonus":"ONE_RANDOM_RARE_CARD","is_prod":false,"is_daily":false,"chose_seed":false,"campfire_upgraded":4,"win_rate":0,"timestamp":1560720551,"path_taken":["M","$","M","$","M","R","M","R","T","R","M","?","?","M","R","BOSS"],"build_version":"2019-01-23","purchased_purges":1,"victory":false,"max_hp_per_floor":[71,71,71,71,71,71,71,71,71,71,71,71,71,71,71,71],"card_choices":[{"not_picked":["Compile Driver","Barrage"],"picked":"Gash","floor":1},{"not_picked":["Go for the Eyes","Hello World"],"picked":"Gash","floor":3},{"not_picked":["Ball Lightning","Compile Driver"],"picked":"Conserve Battery","floor":5},{"not_picked":["Barrage","Go for the Eyes"],"picked":"Hologram","floor":7},{"not_picked":["Redo","Conserve Battery"],"picked":"Auto Shields","floor":11},{"not_picked":["Go for the Eyes","Turbo"],"picked":"Ball Lightning","floor":14}],"player_experience":1377639,"relics_obtained":[{"floor":9,"key":"The Courier"}],"event_choices":[{"damage_healed":0,"gold_gain":0,"cards_transformed":["Strike_B"],"player_choice":"Transformed","damage_taken":0,"max_hp_gain":0,"max_hp_loss":0,"event_name":"Transmorgrifier","floor":12,"gold_loss":0,"cards_obtained":["All For One"]}],"is_beta":false,"boss_relics":[],"items_purged_floors":[13],"is_endless":false,"potions_floor_spawned":[3,5,11],"killed_by":"The Guardian","ascension_level":16}