{"gold_per_floor":[117,117,131,131,56,92,107,107],"floor_reached":8,"playtime":210,"items_purged":["Injury"],"score":146,"play_id":"888b7f15-afbf-416f-a113-68a9b7abbcea","local_time":"20190610020246","is_ascension_mode":true,"campfire_choices":[],"neow_cost":"NONE","seed_source_timestamp":250242077320700,"circlet_count":0,"master_deck":["AscendersBane","Strike_R","Strike_R","Strike_R","Strike_R","Defend_R","Defend_R","Defend_R","Defend_R","Bash","True Grit","Clash","Headbutt","Barricade","Entrench"],"relics":["Burning Blood","NeowsBlessing","Golden Idol","Letter Opener"],"potions_floor_usage":[8],"damage_taken":[{"damage":0,"enemies":"2 Louse","floor":1,"turns":1},{"damage":0,"enemies":"Small Slimes","floor":3,"turns":2},{"damage":0,"enemies":"Lagavulin","floor":6,"turns":1},{"damage":14,"enemies":"Jaw Worm","floor":7,"turns":4},{"damage":68,"enemies":"3 Sentries","floor":8,"turns":8}],"seed_played":"-502844224682118270","potions_obtained":[{"floor":3,"key":"SmokeBomb"},{"floor":6,"key":"SteroidPotion"}],"is_trial":false,"path_per_floor":["M","?","M","?","$","E","M","E"],"character_chosen":"IRONCLAD","items_purchased":[],"campfire_rested":0,"item_purchase_floors":[],"current_hp_per_floor":[74,74,75,75,75,75,67,0],"gold":107,"neow_bonus":"THREE_ENEMY_KILL","is_prod":false,"is_daily":false,"chose_seed":false,"campfire_upgraded":0,"win_rate":0,"timestamp":1560124966,"path_taken":["M","?","M","?","?","E","?","E"],"build_version":"2019-01-23","purchased_purges":1,"victory":false,"max_hp_per_floor":[75,75,75,75,75,75,75,75],"card_choices":[{"not_picked":["Clothesline","Sentinel"],"picked":"True Grit","floor":1},{"not_picked":["Iron Wave","Rage"],"picked":"Headbutt","floor":3},{"not_picked":["Clothesline","Wild Strike"],"picked":"Barricade","floor":6},{"not_picked":["Twin Strike","Perfected Strike"],"picked":"Entrench","floor":7}],"player_experience":1261335,"relics_obtained":[{"floor":6,"key":"Letter Opener"}],"event_choices":[{"damage_healed":0,"gold_gain":0,"cards_transformed":["Strike_R"],"player_choice":"Change","damage_taken":0,"max_hp_gain":0,"max_hp_loss":0,"event_name":"Living Wall","floor":2,"gold_loss":0,"cards_obtained":["Clash"]},{"damage_healed":0,"gold_gain":0,"player_choice":"Take Wound","damage_taken":0,"relics_obtained":["Golden Idol"],"max_hp_gain":0,"max_hp_loss":0,"event_name":"Golden Idol","floor":4,"gold_loss":0,"cards_obtained":["Injury"]}],"is_beta":false,"boss_relics":[],"items_purged_floors":[5],"is_endless":false,"potions_floor_spawned":[3,6],"killed_by":"3 Sentries","ascension_level":16}