{"gold_per_floor":[110,110,27,43,60,60,89,89,112,112,112,143,143,157,157,232,232,250,141,141,155,155,155,155,155,180,206,131,142,162,186,186,186],"floor_reached":33,"playtime":1117,"items_purged":[],"score":642,"play_id":"948b1773-385d-4c05-a143-e5a76b251758","local_time":"20181218011050","is_ascension_mode":true,"campfire_choices":[{"data":"Feed","floor":6.0,"key":"SMITH"},{"floor":11.0,"key":"REST"},{"data":"Armaments","floor":15.0,"key":"SMITH"},{"floor":23.0,"key":"REST"},{"data":"Limit Break","floor":25.0,"key":"SMITH"},{"floor":32.0,"key":"REST"}],"neow_cost":"NONE","seed_source_timestamp":282995690989122,"circlet_count":0,"master_deck":["AscendersBane","Strike_R+1","Strike_R","Strike_R","Defend_R","Defend_R","Defend_R","Defend_R","Bash+1","Twin Strike","Feed+1","Disarm","Havoc","Twin Strike","Armaments+1","Limit Break+1","Clothesline","Shrug It Off","Flex","Iron Wave","Inflame","Heavy Blade","Shrug It Off"],"special_seed":0,"relics":["Busted Crown","Whetstone","Regal Pillow","Dream Catcher","Paper Frog","Singing Bowl","Empty Cage","Bag of Marbles","Potion Belt","Strawberry"],"potions_floor_usage":[],"damage_taken":[{"damage":5.0,"enemies":"2 Louse","floor":1.0,"turns":3.0},{"damage":13.0,"enemies":"Cultist","floor":4.0,"turns":5.0},{"damage":5.0,"enemies":"Small Slimes","floor":5.0,"turns":3.0},{"damage":34.0,"enemies":"Gremlin Nob","floor":7.0,"turns":4.0},{"damage":10.0,"enemies":"3 Sentries","floor":12.0,"turns":4.0},{"damage":18.0,"enemies":"Exordium Wildlife","floor":14.0,"turns":4.0},{"damage":27.0,"enemies":"Hexaghost","floor":16.0,"turns":6.0},{"damage":14.0,"enemies":"Spheric Guardian","floor":18.0,"turns":3.0},{"damage":20.0,"enemies":"2 Thieves","floor":21.0,"turns":3.0},{"damage":39.0,"enemies":"Book of Stabbing","floor":27.0,"turns":4.0},{"damage":3.0,"enemies":"Snake Plant","floor":29.0,"turns":5.0},{"damage":43.0,"enemies":"Shelled Parasite and Fungi","floor":30.0,"turns":5.0},{"damage":62,"enemies":"Collector","floor":33,"turns":5}],"seed_played":"-7655433007102001770","potions_obtained":[{"floor":2.0,"key":"Fruit Juice"},{"floor":2.0,"key":"PowerPotion"},{"floor":7.0,"key":"EssenceOfSteel"},{"floor":14.0,"key":"Strength Potion"},{"floor":16.0,"key":"AttackPotion"},{"floor":18.0,"key":"Strength Potion"},{"floor":21.0,"key":"Strength Potion"}],"is_trial":false,"path_per_floor":["M","?","$","M","M","R","E","?","T","T","R","E","?","M","R","B",null,"M","$","?","M","?","R","?","R","T","E","?","M","M","T","R","B"],"character_chosen":"IRONCLAD","items_purchased":["Feed","Shrug It Off","Flex"],"campfire_rested":3,"item_purchase_floors":[3,19,19],"current_hp_per_floor":[63,63,63,53,51,51,26,15,15,15,57,51,94,80,80,53,87,77,77,46,30,30,78,78,78,78,41,41,44,5,12,68,6],"gold":186,"neow_bonus":"BOSS_RELIC","is_prod":false,"is_daily":false,"chose_seed":false,"campfire_upgraded":3,"win_rate":0,"timestamp":1545091850,"path_taken":["M","?","?","M","?","R","E","?","T","?","R","E","?","M","R","BOSS","M","$","?","M","?","R","?","R","T","E","?","M","M","?","R","BOSS"],"build_version":"2018-12-13","purchased_purges":0,"victory":false,"max_hp_per_floor":[75,75,75,78,81,81,90,90,90,90,90,94,94,98,98,98,98,102,102,107,111,111,111,111,111,111,113,113,119,123,130,132,132],"card_choices":[{"not_picked":[],"picked":"Twin Strike","floor":1.0},{"not_picked":[],"picked":"Disarm","floor":4.0},{"not_picked":["Warcry"],"picked":"SKIP","floor":5.0},{"not_picked":[],"picked":"Havoc","floor":7.0},{"not_picked":[],"picked":"Twin Strike","floor":11.0},{"not_picked":[],"picked":"Perfected Strike","floor":12.0},{"not_picked":[],"picked":"Armaments","floor":14.0},{"not_picked":[],"picked":"Limit Break","floor":16.0},{"not_picked":[],"picked":"Clothesline","floor":18.0},{"not_picked":[],"picked":"Iron Wave","floor":21.0},{"not_picked":[],"picked":"Heavy Blade","floor":23.0},{"not_picked":["Rampage"],"picked":"Singing Bowl","floor":27.0},{"not_picked":["Wild Strike"],"picked":"Singing Bowl","floor":29.0},{"not_picked":[],"picked":"Shrug It Off","floor":30.0},{"not_picked":["Armaments"],"picked":"Singing Bowl","floor":32.0}],"player_experience":529745,"relics_obtained":[{"floor":7.0,"key":"Whetstone"},{"floor":9.0,"key":"Dream Catcher"},{"floor":10.0,"key":"Paper Frog"},{"floor":12.0,"key":"Singing Bowl"},{"floor":26.0,"key":"Bag of Marbles"},{"floor":27.0,"key":"Potion Belt"},{"floor":31.0,"key":"Strawberry"}],"event_choices":[{"damage_healed":0.0,"max_hp_gain":0.0,"max_hp_loss":0.0,"gold_gain":0.0,"event_name":"Lab","player_choice":"Got Potions","floor":2.0,"gold_loss":0.0,"damage_taken":0.0},{"damage_healed":0.0,"max_hp_gain":0.0,"max_hp_loss":0.0,"gold_gain":0.0,"event_name":"Scrap Ooze","player_choice":"Success","floor":8.0,"gold_loss":0.0,"damage_taken":11.0,"relics_obtained":["Regal Pillow"]},{"damage_healed":43.0,"max_hp_gain":0.0,"max_hp_loss":0.0,"gold_gain":0.0,"event_name":"Wheel of Change","player_choice":"Full Heal","floor":13.0,"gold_loss":0.0,"damage_taken":0.0},{"damage_healed":0.0,"max_hp_gain":5.0,"max_hp_loss":0.0,"gold_gain":0.0,"event_name":"Forgotten Altar","player_choice":"Shed Blood","floor":20.0,"gold_loss":0.0,"damage_taken":36.0},{"damage_healed":0.0,"max_hp_gain":0.0,"max_hp_loss":0.0,"gold_gain":0.0,"event_name":"The Library","player_choice":"Read","floor":22.0,"gold_loss":0.0,"damage_taken":0.0,"cards_obtained":["Inflame"]},{"damage_healed":0.0,"max_hp_gain":0.0,"max_hp_loss":0.0,"gold_gain":0.0,"event_name":"Cursed Tome","player_choice":"Ignored","floor":24.0,"gold_loss":0.0,"damage_taken":0.0},{"cards_removed":["Perfected Strike"],"damage_healed":0.0,"max_hp_gain":0.0,"max_hp_loss":0.0,"gold_gain":0.0,"event_name":"Beggar","player_choice":"Gave Gold","floor":28.0,"gold_loss":75.0,"damage_taken":0.0}],"is_beta":false,"boss_relics":[{"not_picked":["Eternal Feather","White Beast Statue"],"picked":"Empty Cage"}],"items_purged_floors":[],"is_endless":false,"potions_floor_spawned":[4,7,14,16,18,21],"killed_by":"Collector","ascension_level":20}