{"gold_per_floor":[112,112,124,49,64,97,114,132,132,146,146,156,156,156,156,260,260,275,291,47,47,59,59,71,71,71,71,20,20,20,33,33,137,137,148,148,168,168,168],"floor_reached":39,"playtime":3882,"items_purged":["Decay"],"score":408,"play_id":"ea07a3c5-0ec3-41c1-b6bf-9c3883170262","local_time":"20190530220334","is_ascension_mode":false,"campfire_choices":[{"floor":11,"key":"REST"},{"floor":15,"key":"REST"},{"floor":23,"key":"REST"},{"floor":25,"key":"REST"},{"floor":30,"key":"REST"},{"floor":32,"key":"REST"}],"neow_cost":"NONE","seed_source_timestamp":532443767839007,"circlet_count":0,"master_deck":["Strike_B+1","Strike_B+1","Strike_B+1","Strike_B+1","Defend_B+1","Defend_B+1","Defend_B+1","Defend_B+1","Zap","Dualcast","Sweeping Beam","Conserve Battery","Double Energy","Redo","Consume","Capacitor","Machine Learning","Cold Snap","Cold Snap","Parasite","Creative AI","Ball Lightning","BootSequence+1","Decay","Sweeping Beam","Coolheaded+1","Coolheaded+1","Cold Snap","Echo Form","BootSequence+1","Cold Snap+1"],"relics":["Cracked Core","Ornamental Fan","Dodecahedron","Snecko Eye","Toxic Egg 2","Bottled Tornado","Runic Pyramid"],"potions_floor_usage":[6,16,16,16,24,24,33,35,39],"damage_taken":[{"damage":1,"enemies":"Jaw Worm","floor":1,"turns":3},{"damage":0,"enemies":"Cultist","floor":3,"turns":4},{"damage":3,"enemies":"2 Louse","floor":5,"turns":2},{"damage":26,"enemies":"Gremlin Nob","floor":6,"turns":5},{"damage":12,"enemies":"2 Fungi Beasts","floor":7,"turns":2},{"damage":0,"enemies":"3 Louse","floor":8,"turns":3},{"damage":14,"enemies":"Blue Slaver","floor":10,"turns":4},{"damage":18,"enemies":"Looter","floor":12,"turns":4},{"damage":49,"enemies":"The Guardian","floor":16,"turns":23},{"damage":41,"enemies":"Chosen","floor":18,"turns":7},{"damage":6,"enemies":"3 Byrds","floor":19,"turns":5},{"damage":22,"enemies":"Sentry and Sphere","floor":22,"turns":9},{"damage":23,"enemies":"Snake Plant","floor":24,"turns":4},{"damage":2,"enemies":"Centurion and Healer","floor":31,"turns":15},{"damage":46,"enemies":"Collector","floor":33,"turns":7},{"damage":34,"enemies":"3 Darklings","floor":35,"turns":6},{"damage":38,"enemies":"Orb Walker","floor":37,"turns":6},{"damage":15,"enemies":"Jaw Worm Horde","floor":39,"turns":2}],"seed_played":"4800572059759604282","potions_obtained":[{"floor":3,"key":"SpeedPotion"},{"floor":5,"key":"EssenceOfSteel"},{"floor":10,"key":"Ancient Potion"},{"floor":12,"key":"SneckoOil"},{"floor":18,"key":"Strength Potion"},{"floor":19,"key":"FearPotion"},{"floor":22,"key":"PowerPotion"},{"floor":33,"key":"SkillPotion"},{"floor":37,"key":"Block Potion"}],"is_trial":false,"path_per_floor":["M","?","M","$","M","E","M","M","T","M","R","M","?","?","R","B",null,"M","M","$","?","M","R","M","R","T","?","$","?","R","M","R","B",null,"M","$","M","?","M"],"character_chosen":"DEFECT","items_purchased":["Toxic Egg 2","Coolheaded+1"],"campfire_rested":6,"item_purchase_floors":[20,28],"current_hp_per_floor":[74,74,74,74,71,45,33,33,33,19,41,23,41,41,63,14,75,34,28,28,28,6,28,5,27,27,27,27,27,49,47,69,23,75,41,41,3,3,0],"gold":168,"neow_bonus":"THREE_CARDS","is_prod":false,"is_daily":false,"chose_seed":false,"campfire_upgraded":0,"win_rate":0.0,"timestamp":1559268214,"path_taken":["M","?","M","$","?","E","M","?","T","M","R","M","?","?","R","BOSS","M","M","$","?","M","R","M","R","T","?","$","?","R","M","R","BOSS","M","$","M","?","M"],"build_version":"2019-01-23","purchased_purges":1,"victory":false,"max_hp_per_floor":[75,75,75,75,75,75,75,75,75,75,75,75,75,75,75,75,75,75,75,75,75,75,75,75,75,75,75,75,75,75,75,75,75,75,75,75,75,75,75],"card_choices":[{"not_picked":["Steam","Gash"],"picked":"Sweeping Beam","floor":0},{"not_picked":["Hologram","Gash"],"picked":"Conserve Battery","floor":1},{"not_picked":["Gash","Beam Cell"],"picked":"Double Energy","floor":3},{"not_picked":["Undo","Leap"],"picked":"Redo","floor":5},{"not_picked":["Gash","Hologram"],"picked":"Consume","floor":6},{"not_picked":["Cold Snap","Rebound"],"picked":"Capacitor","floor":7},{"not_picked":["Blizzard","Hologram"],"picked":"Machine Learning","floor":8},{"not_picked":["Chaos","Rip and Tear"],"picked":"Cold Snap","floor":10},{"not_picked":["Rebound","Sweeping Beam"],"picked":"Cold Snap","floor":12},{"not_picked":["Fission","Buffer"],"picked":"Creative AI","floor":16},{"not_picked":["Rip and Tear","Blizzard+1"],"picked":"Ball Lightning","floor":18},{"not_picked":["Steam","Undo"],"picked":"BootSequence+1","floor":19},{"not_picked":["Gash","Rebound"],"picked":"Sweeping Beam","floor":22},{"not_picked":["Hologram+1","Cold Snap"],"picked":"Coolheaded+1","floor":24},{"not_picked":["Gash+1","Stack+1"],"picked":"Cold Snap","floor":31},{"not_picked":["Creative AI","Biased Cognition"],"picked":"Echo Form","floor":33},{"not_picked":["FTL+1","Leap+1"],"picked":"BootSequence+1","floor":35},{"not_picked":["Hologram+1","Steam+1"],"picked":"Cold Snap+1","floor":37}],"player_experience":61632,"relics_obtained":[{"floor":6,"key":"Ornamental Fan"},{"floor":9,"key":"Dodecahedron"},{"floor":26,"key":"Bottled Tornado"}],"event_choices":[{"damage_healed":0,"gold_gain":0,"player_choice":"Cursed","damage_taken":0,"max_hp_gain":0,"max_hp_loss":0,"event_name":"Wheel of Change","floor":2,"gold_loss":0,"cards_obtained":["Decay"]},{"damage_healed":18,"gold_gain":0,"player_choice":"Healed and dodged fight","damage_taken":0,"max_hp_gain":0,"max_hp_loss":0,"event_name":"Mushrooms","floor":13,"gold_loss":0,"cards_obtained":["Parasite"]},{"damage_healed":0,"gold_gain":0,"player_choice":"Fled","damage_taken":0,"max_hp_gain":0,"max_hp_loss":0,"event_name":"Scrap Ooze","floor":14,"gold_loss":0},{"damage_healed":0,"gold_gain":0,"player_choice":"Smashed Altar","damage_taken":0,"max_hp_gain":0,"max_hp_loss":0,"event_name":"Forgotten Altar","floor":21,"gold_loss":0,"cards_obtained":["Decay"]},{"damage_healed":0,"gold_gain":0,"player_choice":"Simplicity","damage_taken":0,"max_hp_gain":0,"max_hp_loss":0,"event_name":"Back to Basics","floor":27,"gold_loss":0,"cards_upgraded":["Strike_B","Strike_B","Strike_B","Strike_B","Defend_B","Defend_B","Defend_B","Defend_B"]},{"damage_healed":0,"gold_gain":0,"player_choice":"Ignored","damage_taken":0,"max_hp_gain":0,"max_hp_loss":0,"event_name":"Mysterious Sphere","floor":38,"gold_loss":0}],"is_beta":false,"boss_relics":[{"not_picked":["Cursed Key","Inserter"],"picked":"Snecko Eye"},{"not_picked":["Empty Cage","Astrolabe"],"picked":"Runic Pyramid"}],"items_purged_floors":[4],"is_endless":false,"potions_floor_spawned":[3,5,10,12,18,19,22,33,37],"killed_by":"Jaw Worm Horde","ascension_level":0}