{"gold_per_floor":[117,134,147,162,180,180,212,228,255,255,286,286,0,0,0,96,96,117,147,201,214,237,237],"floor_reached":23,"playtime":1030,"items_purged":[],"score":506,"play_id":"bae9a0b4-dcc9-4ee9-b98e-ea46125c6436","local_time":"20190614204510","is_ascension_mode":true,"campfire_choices":[{"data":"Defragment","floor":6.0,"key":"SMITH"},{"data":"Capacitor","floor":10.0,"key":"SMITH"},{"data":"Barrage","floor":15.0,"key":"SMITH"}],"neow_cost":"CURSE","seed_source_timestamp":92976695185114,"circlet_count":0,"master_deck":["AscendersBane","Strike_B","Strike_B","Strike_B","Strike_B","Defend_B","Defend_B","Defend_B","Defend_B","Zap","Dualcast","Glacier","Go for the Eyes","Capacitor+1","Defragment+1","Leap","Rebound","Core Surge","Barrage+1","Ball Lightning","Compile Driver","Machine Learning","Ball Lightning","Coolheaded","White Noise"],"special_seed":0,"relics":["Cracked Core","Pocketwatch","Omamori","Art of War","Calipers","Golden Idol","Membership Card","Fusion Hammer","Tiny Chest","Ancient Tea Set"],"potions_floor_usage":[23],"damage_taken":[{"damage":7.0,"enemies":"Small Slimes","floor":1.0,"turns":4.0},{"damage":5.0,"enemies":"2 Louse","floor":2.0,"turns":3.0},{"damage":0.0,"enemies":"Jaw Worm","floor":3.0,"turns":4.0},{"damage":0.0,"enemies":"Blue Slaver","floor":4.0,"turns":5.0},{"damage":2.0,"enemies":"Large Slime","floor":5.0,"turns":8.0},{"damage":9.0,"enemies":"3 Sentries","floor":7.0,"turns":9.0},{"damage":14.0,"enemies":"Gremlin Gang","floor":8.0,"turns":5.0},{"damage":10.0,"enemies":"Lagavulin","floor":11.0,"turns":7.0},{"damage":0.0,"enemies":"Hexaghost","floor":16.0,"turns":8.0},{"damage":14.0,"enemies":"Spheric Guardian","floor":18.0,"turns":4.0},{"damage":1.0,"enemies":"Chosen","floor":21.0,"turns":4.0},{"damage":8,"enemies":"3 Cultists","floor":22,"turns":5},{"damage":36,"enemies":"Slavers","floor":23,"turns":4}],"seed_played":"6962784976770622145","potions_obtained":[{"floor":1.0,"key":"Explosive Potion"},{"floor":3.0,"key":"FocusPotion"},{"floor":4.0,"key":"SkillPotion"},{"floor":8.0,"key":"Ancient Potion"},{"floor":22,"key":"Block Potion"}],"is_trial":false,"path_per_floor":["M","M","M","M","M","R","E","M","T","R","E","?","$","?","R","B",null,"M","?","T","M","M","E"],"character_chosen":"DEFECT","items_purchased":["Membership Card","Ball Lightning","Compile Driver"],"campfire_rested":0,"item_purchase_floors":[13,13,13],"current_hp_per_floor":[57,52,52,52,50,50,41,27,27,27,17,17,17,17,17,17,52,38,38,38,37,29,0],"gold":237,"neow_bonus":"ONE_RARE_RELIC","is_prod":false,"is_daily":false,"chose_seed":false,"campfire_upgraded":3,"win_rate":0,"timestamp":1560537910,"path_taken":["M","M","M","M","M","R","E","M","T","R","E","?","$","?","R","BOSS","M","?","?","M","M","E"],"build_version":"2019-01-23","purchased_purges":0,"victory":false,"max_hp_per_floor":[71,71,71,71,71,71,71,71,71,71,71,64,64,64,64,64,64,64,64,64,64,64,64],"card_choices":[{"not_picked":["Compile Driver","Go for the Eyes"],"picked":"Glacier","floor":1.0},{"not_picked":["Conserve Battery","Steam"],"picked":"Go for the Eyes","floor":2.0},{"not_picked":["Turbo","Sunder"],"picked":"Capacitor","floor":3.0},{"not_picked":["Barrage","Heatsinks"],"picked":"Defragment","floor":4.0},{"not_picked":["Turbo","Consume"],"picked":"Leap","floor":5.0},{"not_picked":["Fusion","Reinforced Body"],"picked":"Rebound","floor":7.0},{"not_picked":["Hologram","Go for the Eyes"],"picked":"Core Surge","floor":8.0},{"not_picked":["Fusion","Rebound"],"picked":"Barrage","floor":11.0},{"not_picked":["All For One","Hyperbeam"],"picked":"Machine Learning","floor":16.0},{"not_picked":["Consume","Gash"],"picked":"Ball Lightning","floor":18.0},{"not_picked":["Conserve Battery","Compile Driver"],"picked":"Coolheaded","floor":21.0},{"not_picked":["Tempest","Fusion"],"picked":"White Noise","floor":22}],"player_experience":838012,"relics_obtained":[{"floor":7.0,"key":"Omamori"},{"floor":9.0,"key":"Art of War"},{"floor":11.0,"key":"Calipers"},{"floor":20.0,"key":"Ancient Tea Set"}],"event_choices":[{"damage_healed":0.0,"max_hp_gain":0.0,"max_hp_loss":7.0,"gold_gain":0.0,"event_name":"Golden Idol","player_choice":"Lose Max HP","floor":12.0,"gold_loss":0.0,"damage_taken":0.0,"relics_obtained":["Golden Idol"]},{"cards_removed":["Writhe"],"damage_healed":0.0,"max_hp_gain":0.0,"max_hp_loss":0.0,"gold_gain":0.0,"event_name":"Living Wall","player_choice":"Forget","floor":14.0,"gold_loss":0.0,"damage_taken":0.0},{"damage_healed":0.0,"max_hp_gain":0.0,"max_hp_loss":0.0,"gold_gain":0.0,"event_name":"The Mausoleum","player_choice":"Opened","floor":19.0,"gold_loss":0.0,"damage_taken":0.0,"relics_obtained":["Tiny Chest"],"cards_obtained":["Writhe"]}],"is_beta":false,"boss_relics":[{"not_picked":["Empty Cage","Runic Pyramid"],"picked":"Fusion Hammer"}],"items_purged_floors":[],"is_endless":false,"potions_floor_spawned":[1,3,4,8,22],"killed_by":"Slavers","ascension_level":20}