{"gold_per_floor":[115,125,145,157,157,157,192,192,192,192,216,216,240,264,264,264],"floor_reached":16,"playtime":523,"items_purged":[],"score":187,"play_id":"7b488d91-96ee-4acb-a33e-7765fb383820","local_time":"20190613230305","is_ascension_mode":true,"campfire_choices":[{"data":"Neutralize","floor":6,"key":"SMITH"},{"data":"Crippling Poison","floor":10,"key":"SMITH"},{"data":"Poisoned Stab","floor":12,"key":"SMITH"},{"floor":15,"key":"REST"}],"neow_cost":"NONE","seed_source_timestamp":168278438463200,"circlet_count":0,"master_deck":["AscendersBane","Defend_G","Defend_G","Defend_G","Defend_G","Defend_G","Strike_G","Strike_G","Strike_G","Strike_G","Strike_G","Survivor","Neutralize+1","Flying Knee","Blur","Poisoned Stab+1","Crippling Poison+1","Endless Agony","Injury","Bane","Deadly Poison"],"relics":["Ring of the Snake","Dead Branch","Golden Idol","Nunchaku"],"potions_floor_usage":[1,4,7,7,16],"damage_taken":[{"damage":0,"enemies":"Cultist","floor":1,"turns":4},{"damage":0,"enemies":"Small Slimes","floor":2,"turns":4},{"damage":0,"enemies":"2 Louse","floor":3,"turns":4},{"damage":10,"enemies":"Large Slime","floor":4,"turns":5},{"damage":22,"enemies":"3 Sentries","floor":7,"turns":8},{"damage":6,"enemies":"3 Louse","floor":11,"turns":3},{"damage":0,"enemies":"2 Fungi Beasts","floor":13,"turns":3},{"damage":1,"enemies":"Looter","floor":14,"turns":2},{"damage":43,"enemies":"Slime Boss","floor":16,"turns":6}],"seed_played":"-5583460725457582312","potions_obtained":[{"floor":0,"key":"Strength Potion"},{"floor":0,"key":"AttackPotion"},{"floor":1,"key":"Strength Potion"},{"floor":4,"key":"LiquidBronze"},{"floor":11,"key":"Explosive Potion"},{"floor":14,"key":"LiquidBronze"}],"is_trial":false,"path_per_floor":["M","M","M","M","$","R","E","?","T","R","M","R","M","M","R","B"],"character_chosen":"THE_SILENT","items_purchased":[],"campfire_rested":1,"item_purchase_floors":[],"current_hp_per_floor":[59,59,59,49,49,49,27,27,27,27,21,21,21,20,39,0],"gold":264,"neow_bonus":"THREE_SMALL_POTIONS","is_prod":false,"is_daily":false,"chose_seed":false,"campfire_upgraded":3,"win_rate":0,"timestamp":1560459785,"path_taken":["M","?","?","M","?","R","E","?","T","R","M","R","M","M","R","BOSS"],"build_version":"2019-01-23","purchased_purges":0,"victory":false,"max_hp_per_floor":[66,66,66,66,66,66,66,66,66,66,66,66,66,66,66,66],"card_choices":[{"not_picked":["Sucker Punch","Acrobatics"],"picked":"Flying Knee","floor":1},{"not_picked":["Catalyst","Expertise"],"picked":"Blur","floor":2},{"not_picked":["Calculated Gamble","Predator"],"picked":"Poisoned Stab","floor":3},{"not_picked":["Prepared","Accuracy"],"picked":"Crippling Poison","floor":4},{"not_picked":["Dodge and Roll","Riddle With Holes"],"picked":"Endless Agony","floor":7},{"not_picked":["Slice","Acrobatics"],"picked":"Bane","floor":11},{"not_picked":["Calculated Gamble","Predator"],"picked":"Deadly Poison","floor":13},{"not_picked":["Prepared","Choke","Bane"],"picked":"SKIP","floor":14}],"player_experience":1329207,"relics_obtained":[{"floor":7,"key":"Dead Branch"},{"floor":9,"key":"Nunchaku"}],"event_choices":[{"damage_healed":0,"gold_gain":0,"player_choice":"Take Wound","damage_taken":0,"relics_obtained":["Golden Idol"],"max_hp_gain":0,"max_hp_loss":0,"event_name":"Golden Idol","floor":8,"gold_loss":0,"cards_obtained":["Injury"]}],"is_beta":false,"boss_relics":[],"items_purged_floors":[],"is_endless":false,"potions_floor_spawned":[1,4,11,14],"killed_by":"Slime Boss","ascension_level":16}