{"gold_per_floor":[113,123,123,123,138,179,203,203],"floor_reached":8,"playtime":220,"items_purged":[],"score":116,"play_id":"b1d2935d-e425-419b-8eca-e456fbde143c","local_time":"20190626012729","is_ascension_mode":true,"campfire_choices":[],"neow_cost":"NONE","seed_source_timestamp":1061244581818800,"circlet_count":0,"master_deck":["AscendersBane","Strike_B","Strike_B","Strike_B","Defend_B","Defend_B","Defend_B","Defend_B","Zap","Dualcast","Compile Driver","Defragment","Gash","Reboot","Rebound"],"special_seed":0,"relics":["Cracked Core","NeowsBlessing","Golden Idol","Ancient Tea Set"],"potions_floor_usage":[6],"damage_taken":[{"damage":0.0,"enemies":"2 Louse","floor":1.0,"turns":1.0},{"damage":0.0,"enemies":"Jaw Worm","floor":2.0,"turns":1.0},{"damage":0.0,"enemies":"Cultist","floor":5.0,"turns":1.0},{"damage":26,"enemies":"3 Sentries","floor":6,"turns":8},{"damage":1,"enemies":"2 Fungi Beasts","floor":7,"turns":4},{"damage":40,"enemies":"Lagavulin","floor":8,"turns":5}],"seed_played":"-6414856719763194614","potions_obtained":[{"floor":2.0,"key":"AttackPotion"},{"floor":6,"key":"EssenceOfSteel"}],"is_trial":false,"path_per_floor":["M","M","?","?","M","E","M","E"],"character_chosen":"DEFECT","items_purchased":[],"campfire_rested":0,"item_purchase_floors":[],"current_hp_per_floor":[64,64,64,57,57,31,30,0],"gold":203,"neow_bonus":"THREE_ENEMY_KILL","is_prod":false,"is_daily":false,"chose_seed":false,"campfire_upgraded":0,"win_rate":0,"timestamp":1561505249,"path_taken":["M","M","?","?","?","E","M","E"],"build_version":"2019-01-23","purchased_purges":0,"victory":false,"max_hp_per_floor":[71,71,64,64,64,64,64,64],"card_choices":[{"not_picked":["Recycle","Rebound"],"picked":"Compile Driver","floor":1.0},{"not_picked":["Redo","Rebound"],"picked":"Defragment","floor":2.0},{"not_picked":["Hologram","Sweeping Beam"],"picked":"Gash","floor":5.0},{"not_picked":["Force Field","Loop"],"picked":"Reboot","floor":6},{"not_picked":["Redo","Force Field"],"picked":"Rebound","floor":7}],"player_experience":854355,"relics_obtained":[{"floor":6,"key":"Ancient Tea Set"}],"event_choices":[{"damage_healed":0.0,"max_hp_gain":0.0,"max_hp_loss":7.0,"gold_gain":0.0,"event_name":"Golden Idol","player_choice":"Lose Max HP","floor":3.0,"gold_loss":0.0,"damage_taken":0.0,"relics_obtained":["Golden Idol"]},{"cards_removed":["Strike_B"],"damage_healed":0.0,"max_hp_gain":0.0,"max_hp_loss":0.0,"gold_gain":0.0,"event_name":"Golden Wing","player_choice":"Card Removal","floor":4.0,"gold_loss":0.0,"damage_taken":7.0}],"is_beta":false,"boss_relics":[],"items_purged_floors":[],"is_endless":false,"potions_floor_spawned":[2,6],"killed_by":"Lagavulin","ascension_level":20}