{"gold_per_floor":[118,193,193,218,380,392,436,448,460,507,519,557,583,645,657,748,760,790,326,339,20,70,70,134,134,134,50,82,94,94,19,19,19],"floor_reached":33,"playtime":1022,"items_purged":["Doubt"],"score":694,"play_id":"d95f2e15-9a9f-4e7f-8217-ee7463304f67","local_time":"20190611005510","is_ascension_mode":true,"campfire_choices":[{"data":"Beam Cell","floor":6.0,"key":"SMITH"},{"data":"Go for the Eyes","floor":11.0,"key":"SMITH"},{"floor":15.0,"key":"REST"},{"floor":23.0,"key":"REST"},{"floor":25.0,"key":"REST"},{"floor":32,"key":"REST"}],"neow_cost":"NONE","seed_source_timestamp":539981256056337,"circlet_count":0,"master_deck":["AscendersBane","Strike_B","Strike_B","Strike_B","Strike_B","Defend_B","Defend_B","Defend_B","Defend_B","Zap","Dualcast","Beam Cell+1","Glacier","FTL","Go for the Eyes+1","All For One","Beam Cell","Echo Form","FTL","All For One","Coolheaded","Capacitor","Steam","Conserve Battery","Go for the Eyes","Leap"],"special_seed":0,"relics":["Cracked Core","NeowsBlessing","MawBank","Emotion Chip","Potion Belt","Matryoshka","Gremlin Horn","Fusion Hammer","DollysMirror","Sundial","Meat on the Bone","Tiny Chest","Pen Nib","Pear","Molten Egg 2"],"potions_floor_usage":[28],"damage_taken":[{"damage":0.0,"enemies":"Small Slimes","floor":1.0,"turns":1.0},{"damage":0.0,"enemies":"2 Louse","floor":4.0,"turns":1.0},{"damage":0.0,"enemies":"Gremlin Nob","floor":7.0,"turns":1.0},{"damage":0.0,"enemies":"Lagavulin","floor":10.0,"turns":10.0},{"damage":26.0,"enemies":"Gremlin Nob","floor":12.0,"turns":5.0},{"damage":1.0,"enemies":"Jaw Worm","floor":13.0,"turns":3.0},{"damage":25.0,"enemies":"Slime Boss","floor":16.0,"turns":9.0},{"damage":7.0,"enemies":"Spheric Guardian","floor":18.0,"turns":4.0},{"damage":20.0,"enemies":"2 Thieves","floor":20.0,"turns":3.0},{"damage":37.0,"enemies":"Slavers","floor":24.0,"turns":6.0},{"damage":52,"enemies":"Book of Stabbing","floor":28,"turns":7},{"damage":10,"enemies":"Centurion and Healer","floor":29,"turns":5},{"damage":48,"enemies":"Collector","floor":33,"turns":5}],"seed_played":"393106929622968697","potions_obtained":[{"floor":1.0,"key":"Swift Potion"},{"floor":8.0,"key":"FearPotion"},{"floor":8.0,"key":"FocusPotion"},{"floor":12.0,"key":"Strength Potion"},{"floor":16.0,"key":"SkillPotion"},{"floor":18.0,"key":"AttackPotion"},{"floor":24.0,"key":"FocusPotion"}],"is_trial":false,"path_per_floor":["M","?","?","M","?","R","E","?","T","E","R","E","M","?","R","B",null,"M","$","M","$","?","R","E","R","T","$","E","M","?","$","R","B"],"character_chosen":"DEFECT","items_purchased":["DollysMirror","Sundial","Meat on the Bone","Capacitor","Conserve Battery","Go for the Eyes"],"campfire_rested":4,"item_purchase_floors":[19,19,21,21,27,27],"current_hp_per_floor":[64,53,35,35,35,35,35,35,35,35,35,9,8,8,29,4,54,47,47,27,27,27,48,23,44,54,54,14,16,16,16,40,0],"gold":19,"neow_bonus":"THREE_ENEMY_KILL","is_prod":false,"is_daily":false,"chose_seed":false,"campfire_upgraded":2,"win_rate":0,"timestamp":1560207310,"path_taken":["M","?","?","M","?","R","E","?","T","E","R","E","?","?","R","BOSS","M","?","M","$","?","R","E","R","T","?","E","M","?","$","R","BOSS"],"build_version":"2019-01-23","purchased_purges":1,"victory":false,"max_hp_per_floor":[71,71,71,71,71,71,71,71,71,71,71,71,71,71,71,71,71,71,71,71,71,71,71,71,71,81,81,81,81,81,81,81,81],"card_choices":[{"not_picked":["Auto Shields","Compile Driver"],"picked":"Beam Cell","floor":1.0},{"not_picked":["Rebound","Barrage"],"picked":"Glacier","floor":4.0},{"not_picked":["Hologram","Blizzard"],"picked":"FTL","floor":7.0},{"not_picked":["Beam Cell","Hologram"],"picked":"Go for the Eyes","floor":10.0},{"not_picked":["Self Repair","Force Field"],"picked":"All For One","floor":12.0},{"not_picked":["Melter","Stack"],"picked":"Beam Cell","floor":13.0},{"not_picked":["Seek","Rainbow"],"picked":"Echo Form","floor":16.0},{"not_picked":["Coolheaded","Barrage"],"picked":"FTL","floor":18.0},{"not_picked":["Undo","Sweeping Beam+1"],"picked":"Coolheaded","floor":20.0},{"not_picked":["Rip and Tear","Tempest"],"picked":"Steam","floor":24.0},{"not_picked":["Hologram","Chaos","Doom and Gloom"],"picked":"SKIP","floor":28},{"not_picked":["Coolheaded","Thunder Strike+1"],"picked":"Leap","floor":29}],"player_experience":831724,"relics_obtained":[{"floor":7.0,"key":"Emotion Chip"},{"floor":9.0,"key":"Potion Belt"},{"floor":10.0,"key":"Matryoshka"},{"floor":12.0,"key":"Gremlin Horn"},{"floor":24.0,"key":"Tiny Chest"},{"floor":26.0,"key":"Pen Nib"},{"floor":26.0,"key":"Pear"},{"floor":28,"key":"Molten Egg 2"}],"event_choices":[{"damage_healed":0.0,"max_hp_gain":0.0,"max_hp_loss":0.0,"gold_gain":75.0,"event_name":"World of Goop","player_choice":"Gather Gold","floor":2.0,"gold_loss":0.0,"damage_taken":11.0},{"damage_healed":0.0,"max_hp_gain":0.0,"max_hp_loss":0.0,"gold_gain":0.0,"event_name":"Scrap Ooze","player_choice":"Success","floor":3.0,"gold_loss":0.0,"damage_taken":18.0,"relics_obtained":["MawBank"]},{"damage_healed":0.0,"max_hp_gain":0.0,"max_hp_loss":0.0,"gold_gain":150.0,"event_name":"Liars Game","player_choice":"AGREE","floor":5.0,"gold_loss":0.0,"damage_taken":0.0,"cards_obtained":["Doubt"]},{"damage_healed":0.0,"max_hp_gain":0.0,"max_hp_loss":0.0,"gold_gain":0.0,"event_name":"Lab","player_choice":"Got Potions","floor":8.0,"gold_loss":0.0,"damage_taken":0.0},{"damage_healed":0.0,"max_hp_gain":0.0,"max_hp_loss":0.0,"gold_gain":50.0,"event_name":"Golden Shrine","player_choice":"Pray","floor":14.0,"gold_loss":0.0,"damage_taken":0.0},{"damage_healed":0.0,"max_hp_gain":0.0,"max_hp_loss":0.0,"gold_gain":50.0,"event_name":"Nest","player_choice":"Stole From Cult","floor":22.0,"gold_loss":0.0,"damage_taken":0.0},{"damage_healed":0,"gold_gain":0,"player_choice":"Ignored","damage_taken":0,"max_hp_gain":0,"max_hp_loss":0,"event_name":"Cursed Tome","floor":30,"gold_loss":0}],"is_beta":false,"boss_relics":[{"not_picked":["Orrery","Black Star"],"picked":"Fusion Hammer"}],"items_purged_floors":[31],"is_endless":false,"potions_floor_spawned":[1,12,16,18,24],"killed_by":"Collector","ascension_level":20}