{"gold_per_floor":[119,119,44,60,60,89,104,104,104,135,56,56,89,109,109,186,186,206,17,107,121,121,121,149,165,189,189,205,205,234,247,247,247],"floor_reached":33,"playtime":1483,"items_purged":["Pain","Strike_R"],"score":656,"play_id":"c678e7a9-d8b3-432e-b3fa-3f3bedccab94","local_time":"20190703202640","is_ascension_mode":true,"campfire_choices":[{"data":"Carnage","floor":8,"key":"SMITH"},{"data":"Disarm","floor":15,"key":"SMITH"},{"floor":23,"key":"REST"},{"floor":29,"key":"REST"},{"floor":32,"key":"REST"}],"neow_cost":"NONE","seed_source_timestamp":523186347851185,"circlet_count":0,"master_deck":["AscendersBane","Strike_R+1","Strike_R+1","Strike_R+1","Strike_R+1","Defend_R+1","Defend_R+1","Defend_R+1","Defend_R+1","Bash","Iron Wave","Carnage+1","Disarm+1","Anger","Barricade","Spot Weakness","Clothesline","Offering","Body Slam","Power Through","Swift Strike","Feel No Pain","Rage","True Grit","Whirlwind+1","Heavy Blade"],"relics":["Burning Blood","NeowsBlessing","WarpedTongs","Sundial","Pear","Bottled Flame","Oddly Smooth Stone","Fusion Hammer","Meat on the Bone","Smiling Mask","Torii"],"potions_floor_usage":[10,24],"damage_taken":[{"damage":0,"enemies":"Jaw Worm","floor":1,"turns":1},{"damage":0,"enemies":"Cultist","floor":4,"turns":1},{"damage":0,"enemies":"Gremlin Nob","floor":6,"turns":1},{"damage":8,"enemies":"Small Slimes","floor":7,"turns":3},{"damage":12,"enemies":"3 Sentries","floor":10,"turns":7},{"damage":30,"enemies":"Lagavulin","floor":13,"turns":6},{"damage":1,"enemies":"3 Louse","floor":14,"turns":4},{"damage":33,"enemies":"Hexaghost","floor":16,"turns":10},{"damage":11,"enemies":"2 Thieves","floor":18,"turns":4},{"damage":0,"enemies":"3 Byrds","floor":21,"turns":6},{"damage":27,"enemies":"Slavers","floor":24,"turns":4},{"damage":12,"enemies":"Sentry and Sphere","floor":25,"turns":6},{"damage":6,"enemies":"Snake Plant","floor":28,"turns":3},{"damage":14,"enemies":"Book of Stabbing","floor":30,"turns":5},{"damage":18,"enemies":"Cultist and Chosen","floor":31,"turns":6},{"damage":89,"enemies":"Collector","floor":33,"turns":7}],"seed_played":"7490967645637162874","potions_obtained":[{"floor":7,"key":"Poison Potion"},{"floor":10,"key":"SpeedPotion"},{"floor":14,"key":"Explosive Potion"},{"floor":25,"key":"SpeedPotion"},{"floor":28,"key":"SteroidPotion"}],"is_trial":false,"path_per_floor":["M","?","$","M","$","E","M","R","T","E","$","?","E","M","R","B",null,"M","$","?","M","?","R","E","M","T","$","M","R","E","M","R","B"],"character_chosen":"IRONCLAD","items_purchased":["Spot Weakness","Power Through"],"campfire_rested":3,"item_purchase_floors":[11,19],"current_hp_per_floor":[74,74,74,75,75,75,73,73,83,77,77,77,53,58,58,31,72,67,67,43,49,49,74,53,59,59,59,59,84,76,64,85,0],"gold":247,"neow_bonus":"THREE_ENEMY_KILL","is_prod":false,"is_daily":false,"chose_seed":false,"campfire_upgraded":2,"win_rate":0,"timestamp":1562182000,"path_taken":["M","?","?","?","$","E","?","R","T","E","$","?","E","M","R","BOSS","M","$","?","?","?","R","E","M","T","$","M","R","E","M","R","BOSS"],"build_version":"2019-07-01","purchased_purges":2,"victory":false,"max_hp_per_floor":[75,75,75,75,75,75,75,75,85,85,85,85,85,85,85,85,85,85,85,85,85,85,85,85,85,85,85,85,85,85,85,85,85],"card_choices":[{"not_picked":["Cleave","Havoc"],"picked":"Iron Wave","floor":1},{"not_picked":["Twin Strike","Thunderclap"],"picked":"Carnage","floor":4},{"not_picked":["Armaments","Feel No Pain"],"picked":"Disarm","floor":6},{"not_picked":["Sentinel","Clothesline"],"picked":"Anger","floor":7},{"not_picked":["Anger","Headbutt"],"picked":"Barricade","floor":10},{"not_picked":["Iron Wave","Perfected Strike"],"picked":"Clothesline","floor":13},{"not_picked":["Clash","Wild Strike","Havoc"],"picked":"SKIP","floor":14},{"not_picked":["Berserk","Fiend Fire"],"picked":"Offering","floor":16},{"not_picked":["Twin Strike","Fire Breathing"],"picked":"Body Slam","floor":18},{"not_picked":["Heavy Blade","Shrug It Off"],"picked":"Feel No Pain","floor":21},{"not_picked":["Flex","Havoc"],"picked":"Rage","floor":24},{"not_picked":["Warcry","Twin Strike"],"picked":"True Grit","floor":25},{"not_picked":["Wild Strike","Reckless Charge"],"picked":"Whirlwind+1","floor":28},{"not_picked":["Fiend Fire","Armaments"],"picked":"Heavy Blade","floor":30},{"not_picked":["Warcry","Sword Boomerang","Clash"],"picked":"SKIP","floor":31}],"player_experience":1127677,"relics_obtained":[{"floor":6,"key":"Sundial"},{"floor":9,"key":"Pear"},{"floor":10,"key":"Bottled Flame"},{"floor":13,"key":"Oddly Smooth Stone"},{"floor":24,"key":"Meat on the Bone"},{"floor":26,"key":"Smiling Mask"},{"floor":30,"key":"Torii"}],"event_choices":[{"damage_healed":0,"gold_gain":0,"player_choice":"Rummage","damage_taken":0,"relics_obtained":["WarpedTongs"],"max_hp_gain":0,"max_hp_loss":0,"event_name":"Accursed Blacksmith","floor":2,"gold_loss":0,"cards_obtained":["Pain"]},{"damage_healed":0,"gold_gain":0,"player_choice":"Ignored","damage_taken":0,"max_hp_gain":0,"max_hp_loss":0,"event_name":"Liars Game","floor":12,"gold_loss":0},{"damage_healed":0,"gold_gain":90,"player_choice":"GOLD CARD ","damage_taken":24,"max_hp_gain":0,"max_hp_loss":0,"event_name":"Knowing Skull","floor":20,"potions_obtained":[],"gold_loss":0,"cards_obtained":["Swift Strike"]},{"damage_healed":0,"gold_gain":0,"player_choice":"Simplicity","damage_taken":0,"max_hp_gain":0,"max_hp_loss":0,"event_name":"Back to Basics","floor":22,"gold_loss":0,"cards_upgraded":["Strike_R","Strike_R","Strike_R","Strike_R","Defend_R","Defend_R","Defend_R","Defend_R"]}],"is_beta":false,"boss_relics":[{"not_picked":["Sozu","Mark of Pain"],"picked":"Fusion Hammer"}],"items_purged_floors":[3,19],"is_endless":false,"potions_floor_spawned":[7,10,14,16,25,28,31],"killed_by":"Collector","ascension_level":20}