{"gold_per_floor":[19,19,32,32,47,47,47,47,128,140,140,140,56,88,88,166,166,184,184,200,250,268,268,25,54,84,112,112,126,126,151,151,223,223,233,233,248,248,268,73,108,108,108,125,156,171,171,4,4,4],"floor_reached":50,"playtime":2367,"items_purged":["Blizzard"],"score":1060,"play_id":"d1ed131e-6a00-4af5-a624-efc567c555ab","local_time":"20190623051951","is_ascension_mode":true,"campfire_choices":[{"data":"Apotheosis","floor":6,"key":"SMITH"},{"data":"Secret Technique","floor":8,"key":"SMITH"},{"data":"Genetic Algorithm","floor":12,"key":"SMITH"},{"data":"Loop","floor":15,"key":"SMITH"},{"floor":23,"key":"REST"},{"floor":28,"key":"REST"},{"data":"Self Repair","floor":30,"key":"SMITH"},{"data":"Buffer","floor":32,"key":"SMITH"},{"floor":42,"key":"REST"},{"floor":49,"key":"REST"}],"neow_cost":"NO_GOLD","seed_source_timestamp":448723466153500,"circlet_count":0,"master_deck":["AscendersBane","Zap","Secret Technique+1","Apotheosis+1","Coolheaded","Sweeping Beam","Cold Snap","Genetic Algorithm+1","Loop+1","Beam Cell","Buffer+1","Reboot","Darkness","Multi-Cast","Leap","Biased Cognition","Chaos+1","Ball Lightning","Biased Cognition","Self Repair+1","Sunder","Redo","Steam","Rebound","Capacitor","Echo Form","Tempest","Madness","Madness","Barrage","Coolheaded","Doom and Gloom","Glacier","Storm","Gash+1","Gash","Rebound","Metamorphosis","Master of Strategy","Panache","Capacitor","Hologram"],"relics":["Cracked Core","Anchor","Calipers","Matryoshka","Ice Cream","Pandora\u0027s Box","FossilizedHelix","Tiny Chest","Incense Burner","Red Mask","Smiling Mask","Empty Cage","Du-Vu Doll","PreservedInsect","Bag of Marbles","Mango"],"potions_floor_usage":[5,16,25,27,33,40,41,46,50],"damage_taken":[{"damage":0,"enemies":"Cultist","floor":1,"turns":3},{"damage":0,"enemies":"2 Louse","floor":3,"turns":2},{"damage":0,"enemies":"Jaw Worm","floor":5,"turns":4},{"damage":0,"enemies":"Red Slaver","floor":10,"turns":3},{"damage":16,"enemies":"Gremlin Nob","floor":14,"turns":4},{"damage":5,"enemies":"Hexaghost","floor":16,"turns":9},{"damage":12,"enemies":"2 Thieves","floor":18,"turns":3},{"damage":0,"enemies":"Chosen","floor":20,"turns":4},{"damage":14,"enemies":"Snake Plant","floor":22,"turns":3},{"damage":25,"enemies":"Book of Stabbing","floor":25,"turns":5},{"damage":0,"enemies":"Masked Bandits","floor":27,"turns":4},{"damage":0,"enemies":"Shelled Parasite and Fungi","floor":29,"turns":6},{"damage":0,"enemies":"Gremlin Leader","floor":31,"turns":7},{"damage":8,"enemies":"Automaton","floor":33,"turns":6},{"damage":18,"enemies":"3 Darklings","floor":35,"turns":6},{"damage":0,"enemies":"Orb Walker","floor":37,"turns":3},{"damage":0,"enemies":"Jaw Worm Horde","floor":39,"turns":5},{"damage":41,"enemies":"Reptomancer","floor":41,"turns":6},{"damage":11,"enemies":"3 Darklings","floor":44,"turns":6},{"damage":21,"enemies":"Nemesis","floor":45,"turns":6},{"damage":0,"enemies":"Maw","floor":46,"turns":7},{"damage":76,"enemies":"Time Eater","floor":50,"turns":8}],"seed_played":"2721689623850755104","potions_obtained":[{"floor":3,"key":"EssenceOfSteel"},{"floor":14,"key":"Block Potion"},{"floor":16,"key":"Ancient Potion"},{"floor":20,"key":"SmokeBomb"},{"floor":22,"key":"PowerPotion"},{"floor":27,"key":"LiquidBronze"},{"floor":39,"key":"Dexterity Potion"},{"floor":41,"key":"FearPotion"},{"floor":46,"key":"Block Potion"}],"is_trial":false,"path_per_floor":["M","T","M","$","M","R","T","R","T","M","?","R","$","E","R","B",null,"M","?","M","?","M","R","$","E","T","?","R","M","R","E","R","B",null,"M","?","M","?","M","$","E","R","T","M","E","M","?","$","R","B"],"character_chosen":"DEFECT","items_purchased":["Loop","Self Repair","Sunder","Redo","Fruit Juice","Glacier","Capacitor","Hologram","SteroidPotion"],"campfire_rested":4,"item_purchase_floors":[13,24,24,24,40,40,48,48,48],"current_hp_per_floor":[64,64,64,64,64,64,64,64,64,64,43,43,43,27,27,22,59,47,47,47,40,26,47,47,32,32,32,53,60,60,70,70,62,69,61,48,58,58,58,63,32,54,54,53,56,56,46,46,73,0],"gold":4,"neow_bonus":"RANDOM_COLORLESS_2","is_prod":false,"is_daily":false,"chose_seed":false,"campfire_upgraded":6,"win_rate":0,"timestamp":1561259991,"path_taken":["M","?","?","$","M","R","?","R","T","M","?","R","$","E","R","BOSS","M","?","?","?","?","R","$","E","T","?","R","M","R","E","R","BOSS","M","?","M","?","M","$","E","R","T","M","E","?","?","$","R","BOSS"],"build_version":"2019-01-23","purchased_purges":1,"victory":false,"max_hp_per_floor":[71,71,71,71,71,71,71,71,71,71,71,71,71,71,71,71,71,71,71,71,71,71,71,71,71,71,71,71,71,71,71,71,71,71,71,71,71,71,71,76,76,76,76,76,90,90,90,90,90,90],"card_choices":[{"not_picked":["Compile Driver","Skim"],"picked":"Coolheaded","floor":1},{"not_picked":["Skim","Go for the Eyes"],"picked":"Sweeping Beam","floor":3},{"not_picked":["Hello World","Beam Cell"],"picked":"Cold Snap","floor":5},{"not_picked":["Cold Snap","Coolheaded"],"picked":"Genetic Algorithm","floor":10},{"not_picked":["Redo","Fission"],"picked":"Beam Cell","floor":14},{"not_picked":["Reboot","Seek"],"picked":"Buffer","floor":16},{"not_picked":["Turbo","Go for the Eyes"],"picked":"Chaos+1","floor":18},{"not_picked":["Cold Snap","Reprogram"],"picked":"Ball Lightning","floor":20},{"not_picked":["Barrage+1","Leap"],"picked":"Biased Cognition","floor":22},{"not_picked":["Steam Power","Beam Cell"],"picked":"Steam","floor":25},{"not_picked":["Ball Lightning","Rip and Tear"],"picked":"Rebound","floor":27},{"not_picked":["Rip and Tear","Stack"],"picked":"Capacitor","floor":29},{"not_picked":["Sweeping Beam","Beam Cell","Rebound"],"picked":"SKIP","floor":31},{"not_picked":["All For One","Meteor Strike"],"picked":"Echo Form","floor":33},{"not_picked":["Go for the Eyes","Leap"],"picked":"Tempest","floor":35},{"not_picked":["Streamline+1","Lockon+1"],"picked":"Barrage","floor":37},{"not_picked":["Double Energy","Tempest+1"],"picked":"Doom and Gloom","floor":39},{"not_picked":["Beam Cell","Go for the Eyes"],"picked":"Storm","floor":41},{"not_picked":["Streamline+1","Ball Lightning"],"picked":"Gash+1","floor":44},{"not_picked":["Chaos","Recycle"],"picked":"Gash","floor":45},{"not_picked":["Chaos","Stack"],"picked":"Rebound","floor":46},{"not_picked":["Dramatic Entrance","Swift Strike"],"picked":"Metamorphosis","floor":47},{"not_picked":["Trip","Apotheosis"],"picked":"Master of Strategy","floor":47},{"not_picked":["Purity","Metamorphosis"],"picked":"Panache","floor":47}],"player_experience":1457018,"relics_obtained":[{"floor":2,"key":"Anchor"},{"floor":7,"key":"Calipers"},{"floor":9,"key":"Matryoshka"},{"floor":14,"key":"Ice Cream"},{"floor":25,"key":"FossilizedHelix"},{"floor":26,"key":"Tiny Chest"},{"floor":26,"key":"Incense Burner"},{"floor":27,"key":"Red Mask"},{"floor":31,"key":"Smiling Mask"},{"floor":41,"key":"Du-Vu Doll"},{"floor":43,"key":"PreservedInsect"},{"floor":43,"key":"Bag of Marbles"},{"floor":45,"key":"Mango"}],"event_choices":[{"damage_healed":0,"gold_gain":0,"player_choice":"Entered Light","damage_taken":21,"max_hp_gain":0,"max_hp_loss":0,"event_name":"Shining Light","floor":11,"gold_loss":0,"cards_upgraded":["Defend_B","Dualcast"]},{"damage_healed":0,"gold_gain":0,"player_choice":"Ignored","damage_taken":0,"max_hp_gain":0,"max_hp_loss":0,"event_name":"N\u0027loth","floor":19,"gold_loss":0},{"damage_healed":0,"gold_gain":50,"player_choice":"Touch","damage_taken":7,"max_hp_gain":0,"max_hp_loss":0,"event_name":"FaceTrader","floor":21,"gold_loss":0},{"damage_healed":0,"gold_gain":0,"player_choice":"Fought Bandits","damage_taken":0,"max_hp_gain":0,"max_hp_loss":0,"event_name":"Masked Bandits","floor":27,"gold_loss":0},{"damage_healed":0,"gold_gain":0,"player_choice":"Embrace Madness","damage_taken":13,"max_hp_gain":0,"max_hp_loss":0,"event_name":"Winding Halls","floor":36,"gold_loss":0,"cards_obtained":["Madness","Madness"]},{"damage_healed":0,"gold_gain":0,"cards_transformed":["Dualcast"],"player_choice":"Transformed","damage_taken":0,"max_hp_gain":0,"max_hp_loss":0,"event_name":"Transmorgrifier","floor":38,"gold_loss":0,"cards_obtained":["Coolheaded"]},{"damage_healed":0,"gold_gain":0,"player_choice":"Memory 3","damage_taken":10,"max_hp_gain":0,"max_hp_loss":0,"event_name":"SensoryStone","floor":47,"gold_loss":0}],"is_beta":false,"boss_relics":[{"not_picked":["Fusion Hammer","Black Star"],"picked":"Pandora\u0027s Box"},{"not_picked":["Velvet Choker","Cursed Key"],"picked":"Empty Cage"}],"items_purged_floors":[24],"is_endless":false,"potions_floor_spawned":[3,14,16,20,22,27,39,41,46],"killed_by":"Time Eater","ascension_level":16}