{"gold_per_floor":[110,110,110,23,23,23,38,57,57,88,88,102,102,126,126,126],"floor_reached":16,"playtime":605,"items_purged":[],"score":195,"play_id":"141008e6-ffdf-4514-90de-b1d5fbd5278c","local_time":"20191007204925","is_ascension_mode":true,"campfire_choices":[{"data":"Capacitor","floor":6.0,"key":"SMITH"},{"floor":11,"key":"REST"},{"floor":13,"key":"REST"},{"floor":15,"key":"REST"}],"neow_cost":"NONE","seed_source_timestamp":102117604696000,"circlet_count":0,"master_deck":["AscendersBane","Strike_B","Strike_B","Defend_B","Defend_B","Defend_B","Defend_B","Zap","Dualcast","Injury","Capacitor+1","All For One","Leap","Rebound","Biased Cognition","Self Repair","Coolheaded"],"special_seed":0,"relics":["Cracked Core","Oddly Smooth Stone","Golden Idol","Ornamental Fan","Omamori"],"potions_floor_usage":[10,16,16],"damage_taken":[{"damage":1.0,"enemies":"Jaw Worm","floor":1.0,"turns":4.0},{"damage":1.0,"enemies":"2 Louse","floor":7.0,"turns":2.0},{"damage":1.0,"enemies":"Cultist","floor":8.0,"turns":4.0},{"damage":36,"enemies":"Lagavulin","floor":10,"turns":8},{"damage":8,"enemies":"3 Louse","floor":12,"turns":4},{"damage":22,"enemies":"Large Slime","floor":14,"turns":7},{"damage":63,"enemies":"Slime Boss","floor":16,"turns":12}],"seed_played":"-6889670409895182753","potions_obtained":[{"floor":8.0,"key":"FearPotion"},{"floor":10,"key":"Block Potion"},{"floor":12,"key":"Weak Potion"}],"is_trial":false,"path_per_floor":["M","?","?","$","?","R","M","M","T","E","R","M","R","M","R","B"],"character_chosen":"DEFECT","items_purchased":["Capacitor"],"campfire_rested":3,"item_purchase_floors":[4],"current_hp_per_floor":[63,56,56,56,56,56,55,54,54,18,39,31,52,37,58,0],"gold":126,"neow_bonus":"RANDOM_COMMON_RELIC","is_prod":false,"is_daily":false,"chose_seed":false,"campfire_upgraded":1,"win_rate":0,"timestamp":1570506565,"path_taken":["M","?","?","$","?","R","M","M","T","E","R","M","R","M","R","BOSS"],"build_version":"2019-07-17","purchased_purges":0,"victory":false,"max_hp_per_floor":[71,71,71,71,71,71,71,71,71,71,71,71,71,71,71,71],"card_choices":[{"not_picked":["Steam","Stack","Rebound"],"picked":"SKIP","floor":1.0},{"not_picked":["Heatsinks","Redo"],"picked":"Leap","floor":7.0},{"not_picked":["Steam","Redo"],"picked":"Rebound","floor":8.0},{"not_picked":["Double Energy","Compile Driver"],"picked":"Biased Cognition","floor":10},{"not_picked":["Stack","Rebound"],"picked":"Self Repair","floor":12},{"not_picked":["Capacitor","Stack"],"picked":"Coolheaded","floor":14}],"player_experience":684169,"relics_obtained":[{"floor":9.0,"key":"Ornamental Fan"},{"floor":10,"key":"Omamori"}],"event_choices":[{"cards_removed":["Strike_B"],"damage_healed":0.0,"max_hp_gain":0.0,"max_hp_loss":0.0,"gold_gain":0.0,"event_name":"Golden Wing","player_choice":"Card Removal","floor":2.0,"gold_loss":0.0,"damage_taken":7.0},{"damage_healed":0.0,"max_hp_gain":0.0,"max_hp_loss":0.0,"gold_gain":0.0,"event_name":"Golden Idol","player_choice":"Take Wound","floor":3.0,"gold_loss":0.0,"damage_taken":0.0,"relics_obtained":["Golden Idol"],"cards_obtained":["Injury"]},{"damage_healed":0.0,"max_hp_gain":0.0,"max_hp_loss":0.0,"gold_gain":0.0,"cards_transformed":["Strike_B"],"event_name":"Transmorgrifier","player_choice":"Transformed","floor":5.0,"gold_loss":0.0,"damage_taken":0.0,"cards_obtained":["All For One"]}],"is_beta":false,"boss_relics":[],"items_purged_floors":[],"is_endless":false,"potions_floor_spawned":[8,10,12],"killed_by":"Slime Boss","ascension_level":19}