{"gold_per_floor":[109,35,47,47,47,79,79,92,145,159,176,176,210,210,210,283,283,295,275,40,52,52,52,52,52,125,136,226,226,238,254,254,327,327,343,343,343,343,132,132,106,116,116,126,145,164,199,212,212,212],"floor_reached":50,"playtime":1628,"items_purged":["Strike_R","Writhe"],"score":1039,"play_id":"11c7a42c-6323-4423-8231-33136c4a0e41","local_time":"20190127001330","is_ascension_mode":true,"campfire_choices":[{"data":"Carnage","floor":7.0,"key":"SMITH"},{"floor":12.0,"key":"REST"},{"data":"Limit Break","floor":15.0,"key":"SMITH"},{"floor":25.0,"key":"REST"},{"floor":29.0,"key":"RECALL"},{"floor":32.0,"key":"REST"},{"floor":40.0,"key":"REST"},{"floor":49,"key":"REST"}],"neow_cost":"TEN_PERCENT_HP_LOSS","seed_source_timestamp":1487355838512891,"circlet_count":0,"master_deck":["AscendersBane","Strike_R+1","Strike_R+1","Strike_R+1","Defend_R+1","Defend_R+1","Defend_R+1","Defend_R+1","Bash","Limit Break+1","Shrug It Off+1","Carnage+1","Headbutt","Fire Breathing","Pummel","Twin Strike","True Grit","Demon Form","Demon Form","Shrug It Off","Inflame","Armaments","Cleave","Shrug It Off+1","Immolate","Clothesline","Immolate","Heavy Blade","Sword Boomerang","Shrug It Off+1","Shrug It Off+1","True Grit+1","Clothesline+1","Inflame+1"],"special_seed":0,"relics":["Burning Blood","Pen Nib","Vajra","War Paint","Fusion Hammer","Juzu Bracelet","Mercury Hourglass","Snecko Eye","Unceasing Top"],"potions_floor_usage":[47,48],"damage_taken":[{"damage":14.0,"enemies":"Jaw Worm","floor":1.0,"turns":3.0},{"damage":6.0,"enemies":"Cultist","floor":3.0,"turns":3.0},{"damage":54.0,"enemies":"Lagavulin","floor":6.0,"turns":6.0},{"damage":1.0,"enemies":"2 Louse","floor":8.0,"turns":3.0},{"damage":0.0,"enemies":"Red Slaver","floor":10.0,"turns":2.0},{"damage":10.0,"enemies":"Large Slime","floor":11.0,"turns":2.0},{"damage":27.0,"enemies":"3 Sentries","floor":13.0,"turns":7.0},{"damage":39.0,"enemies":"The Guardian","floor":16.0,"turns":10.0},{"damage":11.0,"enemies":"Spheric Guardian","floor":18.0,"turns":3.0},{"damage":4.0,"enemies":"2 Thieves","floor":21.0,"turns":3.0},{"damage":6.0,"enemies":"Cultist and Chosen","floor":27.0,"turns":4.0},{"damage":24.0,"enemies":"Snake Plant","floor":30.0,"turns":3.0},{"damage":27.0,"enemies":"Shelled Parasite and Fungi","floor":31.0,"turns":4.0},{"damage":32.0,"enemies":"Champ","floor":33.0,"turns":8.0},{"damage":12.0,"enemies":"3 Darklings","floor":35.0,"turns":3.0},{"damage":6.0,"enemies":"Orb Walker","floor":42.0,"turns":2.0},{"damage":17.0,"enemies":"Jaw Worm Horde","floor":44.0,"turns":3.0},{"damage":0.0,"enemies":"Transient","floor":45.0,"turns":6.0},{"damage":8.0,"enemies":"Maw","floor":46.0,"turns":5.0},{"damage":59,"enemies":"Giant Head","floor":47,"turns":7},{"damage":1,"enemies":"Jaw Worm Horde","floor":48,"turns":2},{"damage":40,"enemies":"Time Eater","floor":50,"turns":3}],"seed_played":"3522166163395300793","potions_obtained":[{"floor":8.0,"key":"Strength Potion"},{"floor":10.0,"key":"Energy Potion"},{"floor":16.0,"key":"SteroidPotion"},{"floor":19.0,"key":"Explosive Potion"},{"floor":21.0,"key":"Weak Potion"},{"floor":30.0,"key":"Energy Potion"},{"floor":45.0,"key":"Fire Potion"},{"floor":47,"key":"PowerPotion"}],"is_trial":false,"path_per_floor":["M","$","M","$","?","E","R","M","T","M","M","R","E","?","R","B",null,"M","?","$","M","?","?","$","R","T","M","?","R","M","M","R","B",null,"M","?","?","?","$","R","$","M","T","M","M","M","E","M","R","B"],"character_chosen":"IRONCLAD","items_purchased":["Carnage","Inflame","Armaments","Cleave","Heavy Blade","Strength Potion","Sword Boomerang"],"campfire_rested":5,"item_purchase_floors":[2,20,20,20,39,39,41],"current_hp_per_floor":[60,60,60,60,60,12,12,17,17,23,19,39,18,40,40,7,53,48,48,48,50,50,50,50,68,68,68,56,56,38,17,37,11,54,48,48,48,62,62,68,68,68,68,57,63,61,8,13,33,0],"gold":212,"neow_bonus":"THREE_RARE_CARDS","is_prod":false,"is_daily":false,"chose_seed":false,"campfire_upgraded":2,"win_rate":0,"timestamp":1548544410,"path_taken":["M","$","M","$","?","E","R","M","T","?","M","R","E","?","R","BOSS","M","?","$","?","?","?","?","R","T","M","?","R","M","M","R","BOSS","M","?","?","?","$","R","?","M","T","M","M","M","E","M","R","BOSS"],"build_version":"2019-01-23","purchased_purges":2,"victory":false,"max_hp_per_floor":[68,68,68,68,68,68,68,68,68,68,68,68,68,68,68,68,68,68,68,68,68,68,68,68,68,68,68,68,68,68,68,68,68,68,68,68,68,68,68,68,68,68,68,68,68,68,68,68,68,68],"card_choices":[{"not_picked":["Double Tap","Brutality"],"picked":"Limit Break","floor":0.0},{"not_picked":["Wild Strike","Headbutt"],"picked":"Shrug It Off","floor":1.0},{"not_picked":["Seeing Red","Clash"],"picked":"Headbutt","floor":3.0},{"not_picked":["Evolve","Havoc"],"picked":"Fire Breathing","floor":6.0},{"not_picked":["Headbutt","Brutality"],"picked":"Pummel","floor":8.0},{"not_picked":["Heavy Blade","Power Through"],"picked":"Twin Strike","floor":10.0},{"not_picked":["Sentinel","Wild Strike"],"picked":"True Grit","floor":11.0},{"not_picked":["Heavy Blade","Infernal Blade"],"picked":"Demon Form","floor":13.0},{"not_picked":["Brutality","Barricade"],"picked":"Demon Form","floor":16.0},{"not_picked":["Battle Trance","Warcry"],"picked":"Shrug It Off","floor":18.0},{"not_picked":["Reckless Charge","Anger"],"picked":"Shrug It Off+1","floor":21.0},{"not_picked":["Flex","Iron Wave"],"picked":"Immolate","floor":27.0},{"not_picked":["Headbutt","Warcry+1","Power Through"],"picked":"SKIP","floor":30.0},{"not_picked":["Warcry","Wild Strike"],"picked":"Clothesline","floor":31.0},{"not_picked":["Bludgeon","Double Tap"],"picked":"Immolate","floor":33.0},{"not_picked":["Power Through+1","Thunderclap+1","Perfected Strike"],"picked":"SKIP","floor":35.0},{"not_picked":["Flex","Carnage"],"picked":"Shrug It Off+1","floor":42.0},{"not_picked":["Pommel Strike","Bludgeon"],"picked":"Shrug It Off+1","floor":44.0},{"not_picked":["Clothesline","Sever Soul+1","Warcry+1"],"picked":"SKIP","floor":45.0},{"not_picked":["Second Wind","Cleave"],"picked":"True Grit+1","floor":46.0},{"not_picked":["Brutality","Shockwave"],"picked":"Clothesline+1","floor":47},{"not_picked":["Headbutt","Fire Breathing+1"],"picked":"Inflame+1","floor":48}],"player_experience":620343,"relics_obtained":[{"floor":6.0,"key":"Pen Nib"},{"floor":9.0,"key":"Vajra"},{"floor":13.0,"key":"War Paint"},{"floor":26.0,"key":"Mercury Hourglass"},{"floor":47,"key":"Unceasing Top"}],"event_choices":[{"cards_removed":["Strike_R"],"damage_healed":0.0,"max_hp_gain":0.0,"max_hp_loss":0.0,"gold_gain":0.0,"event_name":"Bonfire Elementals","player_choice":"Offered Basic","floor":5.0,"gold_loss":0.0,"damage_taken":0.0},{"damage_healed":22.0,"max_hp_gain":0.0,"max_hp_loss":0.0,"gold_gain":0.0,"event_name":"Big Fish","player_choice":"Banana","floor":14.0,"gold_loss":0.0,"damage_taken":0.0},{"damage_healed":0.0,"max_hp_gain":0.0,"max_hp_loss":0.0,"gold_gain":0.0,"event_name":"The Woman in Blue","player_choice":"Bought 1 Potion","floor":19.0,"gold_loss":0.0,"damage_taken":0.0},{"damage_healed":0.0,"max_hp_gain":0.0,"max_hp_loss":0.0,"gold_gain":0.0,"event_name":"Addict","player_choice":"Stole Relic","floor":22.0,"gold_loss":0.0,"damage_taken":0.0,"relics_obtained":["Juzu Bracelet"],"cards_obtained":["Shame"]},{"damage_healed":0.0,"max_hp_gain":0.0,"max_hp_loss":0.0,"gold_gain":0.0,"event_name":"Back to Basics","player_choice":"Simplicity","floor":23.0,"gold_loss":0.0,"damage_taken":0.0,"cards_upgraded":["Strike_R","Strike_R","Strike_R","Defend_R","Defend_R","Defend_R"]},{"damage_healed":0.0,"max_hp_gain":0.0,"max_hp_loss":0.0,"gold_gain":90.0,"event_name":"Knowing Skull","player_choice":"GOLD ","floor":28.0,"potions_obtained":[],"gold_loss":0.0,"damage_taken":12.0,"cards_obtained":[]},{"cards_removed":["Shame"],"damage_healed":0.0,"max_hp_gain":0.0,"max_hp_loss":0.0,"gold_gain":0.0,"event_name":"Purifier","player_choice":"Purged","floor":36.0,"gold_loss":0.0,"damage_taken":0.0},{"damage_healed":0.0,"max_hp_gain":0.0,"max_hp_loss":0.0,"gold_gain":0.0,"event_name":"Tomb of Lord Red Mask","player_choice":"Ignored","floor":37.0,"gold_loss":0.0,"damage_taken":0.0},{"damage_healed":14.0,"max_hp_gain":0.0,"max_hp_loss":0.0,"gold_gain":0.0,"event_name":"Winding Halls","player_choice":"Writhe","floor":38.0,"gold_loss":0.0,"damage_taken":0.0,"cards_obtained":["Writhe"]}],"is_beta":false,"boss_relics":[{"not_picked":["White Beast Statue","Eternal Feather"],"picked":"Fusion Hammer"},{"not_picked":["Orrery","Pandora\u0027s Box"],"picked":"Snecko Eye"}],"items_purged_floors":[20,39],"is_endless":false,"potions_floor_spawned":[8,10,16,21,30,45,46,47],"killed_by":"Time Eater","ascension_level":20}