{"gold_per_floor":[113,113,131,146,146,146,161,187,187,206,206],"floor_reached":11,"playtime":286,"items_purged":[],"score":146,"play_id":"cb14390c-1298-4fa7-a50e-2f4f16151394","local_time":"20190823144320","is_ascension_mode":true,"campfire_choices":[{"data":"Neutralize","floor":6,"key":"SMITH"}],"neow_cost":"NONE","seed_source_timestamp":812733949152300,"circlet_count":0,"master_deck":["AscendersBane","Strike_G","Strike_G","Strike_G","Strike_G","Defend_G","Defend_G","Defend_G","Defend_G","Survivor","Neutralize+1","Footwork","Dagger Spray","Infinite Blades","Flying Knee","Distraction","Deadly Poison"],"relics":["Ring of the Snake","NeowsBlessing","Bottled Flame","Bird Faced Urn"],"potions_floor_usage":[8],"damage_taken":[{"damage":0,"enemies":"Small Slimes","floor":1,"turns":1},{"damage":0,"enemies":"Cultist","floor":3,"turns":1},{"damage":0,"enemies":"2 Louse","floor":4,"turns":1},{"damage":18,"enemies":"Large Slime","floor":7,"turns":8},{"damage":24,"enemies":"Gremlin Nob","floor":8,"turns":4},{"damage":27,"enemies":"Exordium Thugs","floor":10,"turns":4},{"damage":17,"enemies":"2 Fungi Beasts","floor":11,"turns":3}],"seed_played":"-7053648677381071376","potions_obtained":[{"floor":1,"key":"FairyPotion"},{"floor":7,"key":"FearPotion"}],"is_trial":false,"path_per_floor":["M","?","M","M","?","R","M","E","T","M","M"],"character_chosen":"THE_SILENT","items_purchased":[],"campfire_rested":0,"item_purchase_floors":[],"current_hp_per_floor":[59,59,59,59,52,52,34,10,10,6,0],"gold":206,"neow_bonus":"THREE_ENEMY_KILL","is_prod":false,"is_daily":false,"chose_seed":false,"campfire_upgraded":1,"win_rate":0,"timestamp":1566564200,"path_taken":["M","?","?","M","?","R","M","E","T","M","M"],"build_version":"2019-07-17","purchased_purges":0,"victory":false,"max_hp_per_floor":[66,66,66,66,66,66,66,66,66,66,66],"card_choices":[{"not_picked":["Acrobatics","Prepared"],"picked":"Footwork","floor":1},{"not_picked":["Bouncing Flask","Blade Dance"],"picked":"Dagger Spray","floor":3},{"not_picked":["Dagger Spray","Prepared"],"picked":"Infinite Blades","floor":4},{"not_picked":["PiercingWail","Heel Hook"],"picked":"Flying Knee","floor":7},{"not_picked":["Setup","Poisoned Stab"],"picked":"Distraction","floor":8},{"not_picked":["Outmaneuver","Expertise"],"picked":"Deadly Poison","floor":10}],"player_experience":1962732,"relics_obtained":[{"floor":8,"key":"Bottled Flame"},{"floor":9,"key":"Bird Faced Urn"}],"event_choices":[{"cards_removed":["Strike_G"],"damage_healed":0,"gold_gain":0,"player_choice":"Purged","damage_taken":0,"max_hp_gain":0,"max_hp_loss":0,"event_name":"Purifier","floor":2,"gold_loss":0},{"cards_removed":["Defend_G"],"damage_healed":0,"gold_gain":0,"player_choice":"Card Removal","damage_taken":7,"max_hp_gain":0,"max_hp_loss":0,"event_name":"Golden Wing","floor":5,"gold_loss":0}],"is_beta":false,"boss_relics":[],"items_purged_floors":[],"is_endless":false,"potions_floor_spawned":[1,7],"killed_by":"2 Fungi Beasts","ascension_level":19}