{"gold_per_floor":[112,122,122,122,132,132,151,151,225,250,250,277,62,62,62,62],"floor_reached":16,"playtime":647,"items_purged":["Strike_R"],"score":162,"play_id":"e4aa2fc0-c924-4859-84ad-edba8849cfa3","local_time":"20180805133408","is_ascension_mode":true,"campfire_choices":[{"data":"Havoc","floor":6,"key":"SMITH"},{"data":"Pommel Strike","floor":8,"key":"SMITH"},{"data":"Shockwave","floor":11,"key":"SMITH"},{"floor":15,"key":"REST"}],"neow_cost":"NONE","seed_source_timestamp":1226226337925167,"circlet_count":0,"master_deck":["Strike_R","Strike_R","Strike_R","Strike_R","Defend_R","Defend_R","Defend_R","Defend_R","Bash+1","AscendersBane","Havoc+1","Pommel Strike+1","Evolve","Shockwave+1","Impervious"],"relics":["Burning Blood","Bag of Marbles","Frozen Egg 2","Bottled Tornado","Pear"],"potions_floor_usage":[10],"damage_taken":[{"damage":9,"enemies":"Jaw Worm","floor":1,"turns":4},{"damage":6,"enemies":"2 Louse","floor":2,"turns":3},{"damage":0,"enemies":"Cultist","floor":5,"turns":2},{"damage":9,"enemies":"3 Louse","floor":7,"turns":4},{"damage":20,"enemies":"Gremlin Nob","floor":10,"turns":4},{"damage":22,"enemies":"3 Sentries","floor":12,"turns":8},{"damage":71,"enemies":"Slime Boss","floor":16,"turns":9}],"seed_played":"-925602427322057356","potions_obtained":[{"floor":2,"key":"Weak Potion"},{"floor":10,"key":"SmokeBomb"}],"is_trial":false,"path_per_floor":["M","M","?","?","M","R","M","R","T","E","R","E","$","?","R"],"character_chosen":"IRONCLAD","items_purchased":["Impervious"],"campfire_rested":1,"item_purchase_floors":[13],"current_hp_per_floor":[69,69,62,54,60,60,57,57,57,43,43,37,37,37,64,0],"gold":62,"neow_bonus":"UPGRADE_CARD","is_prod":false,"is_daily":false,"chose_seed":false,"campfire_upgraded":3,"win_rate":0,"timestamp":1533472448,"path_taken":["M","M","?","?","M","R","M","R","T","E","R","E","$","?","R","BOSS"],"build_version":"2018-08-02","purchased_purges":1,"victory":false,"max_hp_per_floor":[80,80,80,80,80,80,80,80,80,80,80,90,90,90,90,90],"card_choices":[{"not_picked":["Rupture","Heavy Blade"],"picked":"Havoc","floor":1},{"not_picked":["Sentinel","True Grit"],"picked":"Pommel Strike","floor":2},{"not_picked":["Perfected Strike","Havoc","Sword Boomerang"],"picked":"SKIP","floor":5},{"not_picked":["Havoc","Anger"],"picked":"Evolve","floor":7},{"not_picked":["Carnage","Blood for Blood"],"picked":"Shockwave","floor":10},{"not_picked":["Heavy Blade","Bloodletting","Sever Soul"],"picked":"SKIP","floor":12}],"player_experience":541072,"relics_obtained":[{"floor":9,"key":"Frozen Egg 2"},{"floor":10,"key":"Bottled Tornado"},{"floor":12,"key":"Pear"}],"event_choices":[{"event_name":"Scrap Ooze","player_choice":"success","floor":3,"damage_taken":7},{"event_name":"Wheel of Change","player_choice":"Damage","floor":4,"damage_taken":0},{"event_name":"Dead Adventurer","player_choice":"Searched \u00270\u0027 times","floor":14,"damage_taken":0}],"is_beta":false,"boss_relics":[],"items_purged_floors":[13],"is_endless":false,"potions_floor_spawned":[2,10],"killed_by":"Slime Boss","ascension_level":10}