{"gold_per_floor":[114,18,38,38,113,147,147,147,147,147,165,194,194,207,207,207],"floor_reached":16,"playtime":1005,"items_purged":[],"score":266,"play_id":"027a32f2-32df-4d61-ae2e-2b56b8f23d3b","local_time":"20190330180717","is_ascension_mode":true,"campfire_choices":[{"floor":8.0,"key":"REST"},{"data":"Sunder","floor":13.0,"key":"SMITH"},{"data":"Fission","floor":15.0,"key":"SMITH"}],"neow_cost":"NONE","seed_source_timestamp":1150520669355627,"circlet_count":0,"master_deck":["AscendersBane","Strike_B","Strike_B","Strike_B","Strike_B","Defend_B","Defend_B","Defend_B","Defend_B","Zap","Dualcast","Ball Lightning","Dramatic Entrance","Cold Snap","Compile Driver","Ball Lightning","Fusion","Sunder+1","Fission+1"],"special_seed":0,"relics":["Cracked Core","NeowsBlessing","FossilizedHelix","Prayer Wheel","Bird Faced Urn","Smiling Mask"],"potions_floor_usage":[16],"damage_taken":[{"damage":0.0,"enemies":"Small Slimes","floor":1.0,"turns":1.0},{"damage":0.0,"enemies":"2 Louse","floor":3.0,"turns":1.0},{"damage":0.0,"enemies":"3 Sentries","floor":6.0,"turns":1.0},{"damage":0.0,"enemies":"Jaw Worm","floor":11.0,"turns":3.0},{"damage":15.0,"enemies":"Lagavulin","floor":12.0,"turns":5.0},{"damage":0.0,"enemies":"Exordium Wildlife","floor":14.0,"turns":2.0},{"damage":48,"enemies":"The Guardian","floor":16,"turns":8}],"seed_played":"-3605200230954607161","potions_obtained":[{"floor":6.0,"key":"AttackPotion"},{"floor":12.0,"key":"LiquidBronze"}],"is_trial":false,"path_per_floor":["M","$","M","?","?","E","?","R","T","T","M","E","R","M","R","B"],"character_chosen":"DEFECT","items_purchased":["Dramatic Entrance"],"campfire_rested":1,"item_purchase_floors":[2],"current_hp_per_floor":[64,64,64,64,53,53,42,63,63,63,63,48,48,48,48,0],"gold":207,"neow_bonus":"THREE_ENEMY_KILL","is_prod":false,"is_daily":false,"chose_seed":false,"campfire_upgraded":2,"win_rate":0,"timestamp":1553965637,"path_taken":["M","$","M","?","?","E","?","R","T","?","M","E","R","?","R","BOSS"],"build_version":"2019-01-23","purchased_purges":0,"victory":false,"max_hp_per_floor":[71,71,71,71,71,71,71,71,71,71,71,71,71,71,71,71],"card_choices":[{"not_picked":["Leap","Coolheaded"],"picked":"Ball Lightning","floor":1.0},{"not_picked":["Streamline","Chaos"],"picked":"Cold Snap","floor":3.0},{"not_picked":["Steam","Go for the Eyes"],"picked":"Compile Driver","floor":6.0},{"not_picked":["Chaos","Self Repair"],"picked":"Ball Lightning","floor":11.0},{"not_picked":["Sweeping Beam","Hologram"],"picked":"Fusion","floor":11.0},{"not_picked":["Redo","Turbo"],"picked":"Sunder","floor":12.0},{"not_picked":["Stack","Steam Power"],"picked":"Fission","floor":14.0},{"not_picked":["Turbo","Recycle","Darkness"],"picked":"SKIP","floor":14.0}],"player_experience":747872,"relics_obtained":[{"floor":6.0,"key":"FossilizedHelix"},{"floor":10.0,"key":"Bird Faced Urn"},{"floor":12.0,"key":"Smiling Mask"}],"event_choices":[{"damage_healed":0.0,"max_hp_gain":0.0,"max_hp_loss":0.0,"gold_gain":0.0,"event_name":"The Cleric","player_choice":"Leave","floor":4.0,"gold_loss":0.0,"damage_taken":0.0},{"damage_healed":0.0,"max_hp_gain":0.0,"max_hp_loss":0.0,"gold_gain":75.0,"event_name":"World of Goop","player_choice":"Gather Gold","floor":5.0,"gold_loss":0.0,"damage_taken":11.0},{"damage_healed":0.0,"max_hp_gain":0.0,"max_hp_loss":0.0,"gold_gain":0.0,"event_name":"Scrap Ooze","player_choice":"Success","floor":7.0,"gold_loss":0.0,"damage_taken":11.0,"relics_obtained":["Prayer Wheel"]}],"is_beta":false,"boss_relics":[],"items_purged_floors":[],"is_endless":false,"potions_floor_spawned":[6,12],"killed_by":"The Guardian","ascension_level":20}