{"gold_per_floor":[110,110,110,110,125,125,135,135,213,246,246,258,282,311,311,311],"floor_reached":16,"playtime":539,"items_purged":[],"score":205,"play_id":"f4280681-9bde-438b-a45c-f388143b7fdb","local_time":"20190814194047","is_ascension_mode":true,"campfire_choices":[{"data":"Bash","floor":6,"key":"SMITH"},{"data":"Offering","floor":11,"key":"SMITH"},{"floor":15,"key":"REST"}],"neow_cost":"NONE","seed_source_timestamp":52705952488800,"circlet_count":0,"master_deck":["AscendersBane","Strike_R","Strike_R","Strike_R","Defend_R+1","Defend_R+1","Defend_R+1","Defend_R+1","Bash+1","Offering+1","Headbutt","Anger","True Grit+1","Clash+1","Shrug It Off","Flame Barrier","Anger+1"],"relics":["Burning Blood","Molten Egg 2","War Paint","Odd Mushroom","Bronze Scales"],"potions_floor_usage":[14,14],"damage_taken":[{"damage":2,"enemies":"Jaw Worm","floor":1,"turns":5},{"damage":1,"enemies":"2 Louse","floor":5,"turns":3},{"damage":3,"enemies":"Small Slimes","floor":7,"turns":4},{"damage":16,"enemies":"Lagavulin","floor":10,"turns":6},{"damage":14,"enemies":"Gremlin Gang","floor":12,"turns":4},{"damage":7,"enemies":"The Mushroom Lair","floor":13,"turns":4},{"damage":14,"enemies":"3 Sentries","floor":14,"turns":10},{"damage":49,"enemies":"The Guardian","floor":16,"turns":8}],"seed_played":"7823797877263956817","potions_obtained":[{"floor":5,"key":"Block Potion"},{"floor":10,"key":"Weak Potion"},{"floor":12,"key":"Poison Potion"}],"is_trial":false,"path_per_floor":["M","?","$","?","M","R","M","?","T","E","R","M","?","E","R","B"],"character_chosen":"IRONCLAD","items_purchased":[],"campfire_rested":1,"item_purchase_floors":[],"current_hp_per_floor":[72,49,49,42,47,47,50,50,50,40,40,32,31,23,45,0],"gold":311,"neow_bonus":"TRANSFORM_CARD","is_prod":false,"is_daily":false,"chose_seed":false,"campfire_upgraded":2,"win_rate":0,"timestamp":1565804447,"path_taken":["M","?","$","?","M","R","M","?","T","E","R","M","?","E","R","BOSS"],"build_version":"2019-07-17","purchased_purges":0,"victory":false,"max_hp_per_floor":[75,75,75,75,75,75,75,75,75,75,75,75,75,75,75,75],"card_choices":[{"not_picked":["Sword Boomerang","True Grit"],"picked":"Headbutt","floor":1},{"not_picked":["True Grit","Clothesline"],"picked":"Anger","floor":5},{"not_picked":["Sword Boomerang","Twin Strike"],"picked":"True Grit","floor":7},{"not_picked":["Headbutt+1","True Grit"],"picked":"Clash+1","floor":10},{"not_picked":["Seeing Red","Offering"],"picked":"Shrug It Off","floor":12},{"not_picked":["Burning Pact","Wild Strike+1"],"picked":"Flame Barrier","floor":13},{"not_picked":["Dark Embrace","Perfected Strike+1"],"picked":"Anger+1","floor":14}],"player_experience":1892381,"relics_obtained":[{"floor":9,"key":"Molten Egg 2"},{"floor":10,"key":"War Paint"},{"floor":13,"key":"Odd Mushroom"},{"floor":14,"key":"Bronze Scales"}],"event_choices":[{"damage_healed":0,"gold_gain":0,"player_choice":"Entered Light","damage_taken":23,"max_hp_gain":0,"max_hp_loss":0,"event_name":"Shining Light","floor":2,"gold_loss":0,"cards_upgraded":["Defend_R","Defend_R"]},{"cards_removed":["Strike_R"],"damage_healed":0,"gold_gain":0,"player_choice":"Card Removal","damage_taken":7,"max_hp_gain":0,"max_hp_loss":0,"event_name":"Golden Wing","floor":4,"gold_loss":0},{"damage_healed":0,"gold_gain":0,"player_choice":"Grow","damage_taken":0,"max_hp_gain":0,"max_hp_loss":0,"event_name":"Living Wall","floor":8,"gold_loss":0,"cards_upgraded":["True Grit"]},{"damage_healed":0,"gold_gain":0,"player_choice":"Fought Mushrooms","damage_taken":0,"max_hp_gain":0,"max_hp_loss":0,"event_name":"Mushrooms","floor":13,"gold_loss":0}],"is_beta":false,"boss_relics":[],"items_purged_floors":[],"is_endless":false,"potions_floor_spawned":[5,10,12],"killed_by":"The Guardian","ascension_level":18}