{"gold_per_floor":[113,127,277,227,247,247,279,279,279,279],"floor_reached":10,"playtime":183,"items_purged":[],"score":122,"play_id":"74229e40-25fe-409c-84b4-80c7a4170070","local_time":"20190630081403","is_ascension_mode":true,"campfire_choices":[{"data":"Bash","floor":6,"key":"SMITH"},{"data":"Inflame","floor":8,"key":"SMITH"}],"neow_cost":"NONE","seed_source_timestamp":1066178465237699,"circlet_count":0,"master_deck":["AscendersBane","Strike_R","Strike_R","Strike_R","Strike_R","Strike_R","Defend_R","Defend_R","Defend_R","Defend_R","Bash+1","Pommel Strike","Rage","Doubt","Clash","Inflame+1"],"relics":["Burning Blood","NeowsBlessing","Paper Frog","Question Card","Pear"],"potions_floor_usage":[],"damage_taken":[{"damage":0,"enemies":"Small Slimes","floor":1,"turns":1},{"damage":0,"enemies":"Jaw Worm","floor":2,"turns":1},{"damage":0,"enemies":"Cultist","floor":5,"turns":1},{"damage":52,"enemies":"Gremlin Nob","floor":7,"turns":5},{"damage":39,"enemies":"3 Sentries","floor":10,"turns":7}],"seed_played":"-4938995019250938013","potions_obtained":[],"is_trial":false,"path_per_floor":["M","M","?","?","M","R","E","R","T","E"],"character_chosen":"IRONCLAD","items_purchased":[],"campfire_rested":0,"item_purchase_floors":[],"current_hp_per_floor":[74,75,75,75,75,75,29,29,39,0],"gold":279,"neow_bonus":"THREE_ENEMY_KILL","is_prod":false,"is_daily":false,"chose_seed":false,"campfire_upgraded":2,"win_rate":0,"timestamp":1561875243,"path_taken":["M","M","?","?","?","R","E","R","T","E"],"build_version":"2019-01-23","purchased_purges":0,"victory":false,"max_hp_per_floor":[75,75,75,75,75,75,75,75,85,85],"card_choices":[{"not_picked":["Heavy Blade","Thunderclap"],"picked":"Pommel Strike","floor":1},{"not_picked":["Sword Boomerang","Pummel"],"picked":"Rage","floor":2},{"not_picked":["Thunderclap","Havoc"],"picked":"Clash","floor":5},{"not_picked":["Reckless Charge","Ghostly Armor"],"picked":"Inflame","floor":7}],"player_experience":1518340,"relics_obtained":[{"floor":7,"key":"Question Card"},{"floor":9,"key":"Pear"}],"event_choices":[{"damage_healed":0,"gold_gain":150,"player_choice":"AGREE","damage_taken":0,"max_hp_gain":0,"max_hp_loss":0,"event_name":"Liars Game","floor":3,"gold_loss":0,"cards_obtained":["Doubt"]},{"damage_healed":0,"gold_gain":0,"player_choice":"Paid Gold","damage_taken":0,"relics_obtained":["Paper Frog"],"max_hp_gain":0,"max_hp_loss":0,"event_name":"WeMeetAgain","floor":4,"gold_loss":50}],"is_beta":false,"boss_relics":[],"items_purged_floors":[],"is_endless":false,"potions_floor_spawned":[],"killed_by":"3 Sentries","ascension_level":17}