{"gold_per_floor":[215,225,225,225,225,225,255,265,265,265,265,265,19,34,34,131,131,141,158,22,41,58,58,68,68,139,157,172,172,172,190,190,190],"floor_reached":33,"playtime":1209,"items_purged":[],"score":324,"play_id":"7fae5afa-aa1d-4600-9f92-3431c5d1686c","local_time":"20191011235003","is_ascension_mode":true,"campfire_choices":[{"data":"Sweeping Beam","floor":6,"key":"SMITH"},{"data":"Rainbow","floor":10,"key":"SMITH"},{"data":"Doom and Gloom","floor":15,"key":"SMITH"},{"data":"Biased Cognition","floor":23,"key":"SMITH"},{"floor":30,"key":"REST"},{"data":"Turbo","floor":32,"key":"SMITH"}],"neow_cost":"NONE","seed_source_timestamp":99283444323012,"circlet_count":0,"master_deck":["Strike_B+1","Strike_B+1","Strike_B+1","Strike_B","Defend_B","Defend_B+1","Defend_B","Defend_B","Zap","Dualcast","Self Repair","Sweeping Beam+1","Rainbow+1","Steam","Doom and Gloom+1","Biased Cognition+1","Compile Driver","Coolheaded","Doom and Gloom","Leap","Hologram","Self Repair","Consume","FTL","Turbo+1","Undo","Biased Cognition+1","Coolheaded+1"],"relics":["Cracked Core","Shuriken","Whetstone","Art of War","Pen Nib","Cables","Sozu","Dodecahedron"],"potions_floor_usage":[33,33],"damage_taken":[{"damage":2,"enemies":"Jaw Worm","floor":1,"turns":4},{"damage":0,"enemies":"2 Louse","floor":2,"turns":2},{"damage":37,"enemies":"3 Sentries","floor":7,"turns":8},{"damage":0,"enemies":"Cultist","floor":8,"turns":3},{"damage":5,"enemies":"Large Slime","floor":14,"turns":6},{"damage":29,"enemies":"Slime Boss","floor":16,"turns":8},{"damage":0,"enemies":"Spheric Guardian","floor":18,"turns":3},{"damage":6,"enemies":"3 Byrds","floor":19,"turns":3},{"damage":14,"enemies":"3 Cultists","floor":21,"turns":4},{"damage":17,"enemies":"Centurion and Healer","floor":22,"turns":4},{"damage":0,"enemies":"Cultist and Chosen","floor":24,"turns":4},{"damage":5,"enemies":"Chosen and Byrds","floor":27,"turns":4},{"damage":43,"enemies":"Snake Plant","floor":28,"turns":3},{"damage":12,"enemies":"Shelled Parasite and Fungi","floor":31,"turns":5},{"damage":61,"enemies":"Automaton","floor":33,"turns":6}],"seed_played":"-3412424219895338692","potions_obtained":[{"floor":14,"key":"Energy Potion"},{"floor":16,"key":"AttackPotion"}],"is_trial":false,"path_per_floor":["M","M","$","?","?","R","E","M","T","R","?","T","$","M","R","B",null,"M","M","$","M","M","R","M","?","T","M","M","?","R","M","R","B"],"character_chosen":"DEFECT","items_purchased":["Cables","Doom and Gloom","Leap","Hologram"],"campfire_rested":1,"item_purchase_floors":[13,20,20,20],"current_hp_per_floor":[66,73,73,58,63,63,33,40,40,40,40,40,40,42,42,20,65,72,73,73,66,56,56,63,63,63,65,29,29,53,55,55,0],"gold":190,"neow_bonus":"HUNDRED_GOLD","is_prod":false,"is_daily":false,"chose_seed":false,"campfire_upgraded":5,"win_rate":0,"timestamp":1570852203,"path_taken":["M","M","$","?","?","R","E","M","T","R","?","?","$","M","R","BOSS","M","M","$","M","M","R","M","?","T","M","M","?","R","M","R","BOSS"],"build_version":"2019-10-11","purchased_purges":0,"victory":false,"max_hp_per_floor":[75,75,75,75,80,80,80,80,80,80,80,80,80,80,80,80,80,80,80,80,80,80,80,80,80,80,80,80,80,80,80,80,80],"card_choices":[{"not_picked":["Ball Lightning","Lockon"],"picked":"Self Repair","floor":1},{"not_picked":["Redo","Stack"],"picked":"Sweeping Beam","floor":2},{"not_picked":["Redo","Melter"],"picked":"Rainbow","floor":7},{"not_picked":["Hello World","Stack"],"picked":"Steam","floor":8},{"not_picked":["Conserve Battery","Sweeping Beam"],"picked":"Doom and Gloom","floor":14},{"not_picked":["Seek","Amplify"],"picked":"Biased Cognition","floor":16},{"not_picked":["Turbo","Steam"],"picked":"Compile Driver","floor":18},{"not_picked":["Leap","Steam"],"picked":"Coolheaded","floor":19},{"not_picked":["Tempest","Rebound"],"picked":"Self Repair","floor":21},{"not_picked":["Streamline","Gash+1"],"picked":"Consume","floor":22},{"not_picked":["Leap","All For One"],"picked":"FTL","floor":24},{"not_picked":["Barrage","Hello World"],"picked":"Turbo","floor":27},{"not_picked":["Beam Cell","Redo"],"picked":"Undo","floor":28},{"not_picked":["Steam Power","Go for the Eyes"],"picked":"Coolheaded+1","floor":31}],"player_experience":513423,"relics_obtained":[{"floor":7,"key":"Shuriken"},{"floor":9,"key":"Whetstone"},{"floor":12,"key":"Pen Nib"},{"floor":26,"key":"Dodecahedron"}],"event_choices":[{"damage_healed":0,"gold_gain":0,"player_choice":"Entered Light","damage_taken":15,"max_hp_gain":0,"max_hp_loss":0,"event_name":"Shining Light","floor":4,"gold_loss":0,"cards_upgraded":["Defend_B","Strike_B"]},{"damage_healed":0,"gold_gain":0,"player_choice":"Donut","damage_taken":0,"max_hp_gain":5,"max_hp_loss":0,"event_name":"Big Fish","floor":5,"gold_loss":0},{"damage_healed":0,"gold_gain":0,"player_choice":"Searched \u00272\u0027 times","damage_taken":0,"relics_obtained":["Art of War"],"max_hp_gain":0,"max_hp_loss":0,"event_name":"Dead Adventurer","floor":11,"gold_loss":0},{"damage_healed":0,"gold_gain":0,"player_choice":"Ignored","damage_taken":0,"max_hp_gain":0,"max_hp_loss":0,"event_name":"Vampires","floor":25,"gold_loss":0},{"damage_healed":0,"gold_gain":0,"player_choice":"Copied","damage_taken":0,"max_hp_gain":0,"max_hp_loss":0,"event_name":"Duplicator","floor":29,"gold_loss":0,"cards_obtained":["Biased Cognition"]}],"is_beta":true,"boss_relics":[{"not_picked":["Inserter","FrozenCore"],"picked":"Sozu"}],"items_purged_floors":[],"is_endless":false,"potions_floor_spawned":[14,16,21,24,28,31],"killed_by":"Automaton","ascension_level":6}