{"gold_per_floor":[109,121,37,50,70,70,104,104,104,104,122,135,135,235,235,311,361,372,36,55,71,71,71,99,109,109,123,143,143,162,162,162,162],"floor_reached":33,"playtime":1293,"items_purged":[],"score":565,"play_id":"1c4d11e0-d4d7-4db3-936c-e9faa9023c17","local_time":"20181103220049","is_ascension_mode":true,"campfire_choices":[{"data":"Noxious Fumes","floor":6.0,"key":"SMITH"},{"floor":8.0,"key":"REST"},{"data":"Neutralize","floor":10.0,"key":"SMITH"},{"data":"Endless Agony","floor":13.0,"key":"SMITH"},{"data":"Deadly Poison","floor":15.0,"key":"SMITH"},{"floor":23.0,"key":"REST"},{"floor":29.0,"key":"REST"},{"floor":32.0,"key":"REST"}],"neow_cost":"NONE","seed_source_timestamp":1656839319488037,"circlet_count":0,"master_deck":["AscendersBane","Defend_G","Defend_G","Defend_G","Defend_G","Defend_G","Strike_G","Strike_G","Strike_G+1","Strike_G","Strike_G","Survivor","Neutralize+1","Predator","Cloak And Dagger","Backflip","Endless Agony+1","Backstab","Deadly Poison+1","Noxious Fumes+1","Backflip","Die Die Die","Backstab+1","Flying Knee+1","Acrobatics","Glass Knife+1","Backflip","Endless Agony+1","Sucker Punch+1","Backflip","Flying Knee+1","Finisher+1","Bane+1","Doppelganger","Calculated Gamble","Dagger Spray+1"],"special_seed":0,"relics":["Orrery","Molten Egg 2","Du-Vu Doll","Tiny House","Kunai","Tough Bandages","Frozen Egg 2"],"potions_floor_usage":[33],"damage_taken":[{"damage":6.0,"enemies":"Cultist","floor":1.0,"turns":4.0},{"damage":0.0,"enemies":"Jaw Worm","floor":2.0,"turns":3.0},{"damage":0.0,"enemies":"2 Louse","floor":4.0,"turns":2.0},{"damage":11.0,"enemies":"Blue Slaver","floor":5.0,"turns":4.0},{"damage":24.0,"enemies":"Lagavulin","floor":7.0,"turns":6.0},{"damage":1.0,"enemies":"3 Louse","floor":11.0,"turns":2.0},{"damage":0.0,"enemies":"Exordium Thugs","floor":12.0,"turns":3.0},{"damage":25.0,"enemies":"Hexaghost","floor":16.0,"turns":9.0},{"damage":12.0,"enemies":"2 Thieves","floor":18.0,"turns":3.0},{"damage":2.0,"enemies":"Chosen","floor":20.0,"turns":3.0},{"damage":17.0,"enemies":"Centurion and Healer","floor":21.0,"turns":5.0},{"damage":12.0,"enemies":"Gremlin Leader","floor":24.0,"turns":6.0},{"damage":9.0,"enemies":"Snake Plant","floor":25.0,"turns":4.0},{"damage":4.0,"enemies":"Sentry and Sphere","floor":27.0,"turns":3.0},{"damage":17.0,"enemies":"Shelled Parasite and Fungi","floor":28.0,"turns":3.0},{"damage":14.0,"enemies":"Centurion and Healer","floor":30.0,"turns":5.0},{"damage":9.0,"enemies":"Colosseum Slavers","floor":31.0,"turns":3.0},{"damage":24,"enemies":"Collector","floor":33,"turns":3}],"seed_played":"5007154138220228434","potions_obtained":[{"floor":2.0,"key":"Energy Potion"},{"floor":7.0,"key":"SpeedPotion"},{"floor":11.0,"key":"Dexterity Potion"},{"floor":17.0,"key":"PowerPotion"},{"floor":20.0,"key":"Poison Potion"},{"floor":21.0,"key":"Fire Potion"},{"floor":27.0,"key":"Poison Potion"},{"floor":28.0,"key":"Energy Potion"}],"is_trial":false,"path_per_floor":["M","M","$","M","M","R","E","R","T","R","M","M","R","?","R","B",null,"M","$","M","M","$","R","E","M","T","M","M","R","M","?","R","B"],"character_chosen":"THE_SILENT","items_purchased":["Noxious Fumes","Kunai","Sucker Punch+1"],"campfire_rested":4,"item_purchase_floors":[3,19,19],"current_hp_per_floor":[53,53,53,53,42,42,18,37,37,37,36,36,36,36,36,11,57,45,45,43,26,26,47,35,26,26,22,5,26,12,3,24,0],"gold":162,"neow_bonus":"BOSS_RELIC","is_prod":false,"is_daily":false,"chose_seed":false,"campfire_upgraded":4,"win_rate":0,"timestamp":1541278849,"path_taken":["M","?","$","M","M","R","E","R","T","R","M","M","R","?","R","BOSS","M","$","M","M","?","R","E","M","T","M","M","R","?","?","R","BOSS"],"build_version":"2018-11-01","purchased_purges":0,"victory":false,"max_hp_per_floor":[66,66,66,66,66,66,66,66,66,66,66,66,66,66,66,66,71,71,71,71,71,71,71,71,71,71,71,71,71,71,71,71,71],"card_choices":[{"not_picked":["Slice","Crippling Poison"],"picked":"Predator","floor":0.0},{"not_picked":["Flechettes","Catalyst"],"picked":"Cloak And Dagger","floor":0.0},{"not_picked":["Heel Hook","Flying Knee"],"picked":"Backflip","floor":0.0},{"not_picked":["Concentrate","Bane"],"picked":"Endless Agony","floor":0.0},{"not_picked":["Flechettes","Flying Knee"],"picked":"Backstab","floor":1.0},{"not_picked":["Dagger Throw","Caltrops"],"picked":"Deadly Poison","floor":2.0},{"not_picked":["Dodge and Roll","Underhanded Strike"],"picked":"Backflip","floor":4.0},{"not_picked":["Blade Dance","Quick Slash"],"picked":"Die Die Die","floor":5.0},{"not_picked":["Riddle With Holes","All Out Attack"],"picked":"Backstab","floor":7.0},{"not_picked":["Dagger Throw+1","Crippling Poison"],"picked":"Flying Knee+1","floor":11.0},{"not_picked":["Deflect","Slice+1"],"picked":"Acrobatics","floor":12.0},{"not_picked":["Malaise","Bullet Time"],"picked":"Glass Knife+1","floor":16.0},{"not_picked":["Bouncing Flask","Slice+1"],"picked":"Backflip","floor":17.0},{"not_picked":["Distraction","Escape Plan"],"picked":"Endless Agony+1","floor":18.0},{"not_picked":["Deflect","Catalyst+1"],"picked":"Backflip","floor":20.0},{"not_picked":["Eviscerate+1","Dagger Throw+1"],"picked":"Flying Knee+1","floor":21.0},{"not_picked":["PiercingWail","Blur"],"picked":"Finisher+1","floor":24.0},{"not_picked":["Backflip","Dash+1"],"picked":"Bane+1","floor":25.0},{"not_picked":["Quick Slash+1","Finisher+1"],"picked":"Doppelganger","floor":27.0},{"not_picked":["Prepared","Deflect"],"picked":"Calculated Gamble","floor":28.0},{"not_picked":["Expertise","Dagger Throw+1"],"picked":"Dagger Spray+1","floor":30.0}],"player_experience":479298,"relics_obtained":[{"floor":7.0,"key":"Molten Egg 2"},{"floor":9.0,"key":"Du-Vu Doll"},{"floor":24.0,"key":"Tough Bandages"},{"floor":26.0,"key":"Frozen Egg 2"}],"event_choices":[{"damage_healed":0.0,"max_hp_gain":0.0,"max_hp_loss":0.0,"gold_gain":100.0,"event_name":"Wheel of Change","player_choice":"Gold","floor":14.0,"gold_loss":0.0,"damage_taken":0.0},{"damage_healed":0.0,"max_hp_gain":0.0,"max_hp_loss":0.0,"gold_gain":0.0,"event_name":"Colosseum","player_choice":"Fight","floor":31.0,"gold_loss":0.0,"damage_taken":0.0},{"damage_healed":0.0,"max_hp_gain":0.0,"max_hp_loss":0.0,"gold_gain":0.0,"event_name":"Colosseum","player_choice":"Fled From Nobs","floor":31.0,"gold_loss":0.0,"damage_taken":0.0}],"is_beta":false,"boss_relics":[{"not_picked":["Busted Crown","Snecko Eye"],"picked":"Tiny House"}],"items_purged_floors":[],"is_endless":false,"potions_floor_spawned":[2,7,11,20,21,27,28],"killed_by":"Collector","ascension_level":18}