{"gold_per_floor":[115,21,40,52,52,52,29,57,137,137,147,87,97,107,107,203,203,203,203,203,0,0,0,0,0,0,0,0,0,0,0,0,0],"floor_reached":33,"playtime":1394,"items_purged":["Strike_R"],"score":428,"play_id":"71e8d9eb-816b-40d8-8585-48524d2e5c83","local_time":"20180807151301","is_ascension_mode":true,"campfire_choices":[{"data":"Limit Break","floor":6,"key":"SMITH"},{"floor":10,"key":"REST"},{"data":"Flex","floor":15,"key":"SMITH"},{"data":"Whirlwind","floor":27,"key":"SMITH"},{"floor":32,"key":"REST"}],"neow_cost":"NONE","seed_source_timestamp":1404218510727386,"circlet_count":0,"master_deck":["Strike_R+1","Strike_R+1","Strike_R+1","Defend_R+1","Defend_R+1","Defend_R+1","Defend_R+1","Bash","AscendersBane","Limit Break+1","Flex","Spot Weakness","Flex+1","Shrug It Off","Clothesline","True Grit","Whirlwind+1","Inflame","Shockwave","Shrug It Off","Limit Break","Seeing Red","Sword Boomerang","Heavy Blade"],"relics":["Burning Blood","Orichalcum","The Courier","Ectoplasm","Mercury Hourglass","Frozen Egg 2","Thread and Needle","Dream Catcher"],"potions_floor_usage":[11,16,18,25,25,33],"damage_taken":[{"damage":4,"enemies":"2 Louse","floor":1,"turns":4},{"damage":1,"enemies":"Cultist","floor":3,"turns":3},{"damage":2,"enemies":"Jaw Worm","floor":4,"turns":3},{"damage":49,"enemies":"Lagavulin","floor":8,"turns":10},{"damage":2,"enemies":"Lots of Slimes","floor":11,"turns":2},{"damage":9,"enemies":"Looter","floor":13,"turns":3},{"damage":2,"enemies":"3 Louse","floor":14,"turns":3},{"damage":32,"enemies":"Slime Boss","floor":16,"turns":10},{"damage":18,"enemies":"Spheric Guardian","floor":18,"turns":4},{"damage":4,"enemies":"Chosen","floor":20,"turns":3},{"damage":20,"enemies":"Sentry and Sphere","floor":22,"turns":5},{"damage":19,"enemies":"Slavers","floor":23,"turns":3},{"damage":26,"enemies":"Book of Stabbing","floor":25,"turns":5},{"damage":1,"enemies":"Chosen and Byrds","floor":28,"turns":5},{"damage":79,"enemies":"Champ","floor":33,"turns":8}],"seed_played":"-6179901248236563","potions_obtained":[{"floor":3,"key":"Ancient Potion"},{"floor":4,"key":"Weak Potion"},{"floor":8,"key":"Explosive Potion"},{"floor":13,"key":"Block Potion"},{"floor":22,"key":"Poison Potion"},{"floor":23,"key":"AttackPotion"}],"is_trial":false,"path_per_floor":["M","$","M","M","?","R","$","E","T","R","M","$","M","M","R","B",null,"M","?","M","$","M","E","?","E","T","R","M","$","$","?","R"],"character_chosen":"IRONCLAD","items_purchased":["Spot Weakness","Flex","True Grit","Mercury Hourglass"],"campfire_rested":2,"item_purchase_floors":[2,2,7,21],"current_hp_per_floor":[74,74,79,80,73,73,73,30,30,54,58,58,55,59,59,33,68,56,80,80,80,66,53,53,33,33,33,38,38,38,38,62,0],"gold":0,"neow_bonus":"ONE_RANDOM_RARE_CARD","is_prod":false,"is_daily":false,"chose_seed":false,"campfire_upgraded":3,"win_rate":0,"timestamp":1533651181,"path_taken":["M","$","M","M","?","R","$","E","T","R","?","$","M","M","R","BOSS","M","?","M","$","M","E","?","E","T","R","M","?","$","?","R","BOSS"],"build_version":"2018-08-02","purchased_purges":1,"victory":false,"max_hp_per_floor":[80,80,80,80,80,80,80,80,80,80,80,80,80,80,80,80,80,80,80,80,80,80,80,80,80,80,80,80,80,80,80,80,80],"card_choices":[{"not_picked":["Heavy Blade","Power Through"],"picked":"Flex","floor":1},{"not_picked":["Spot Weakness","Cleave"],"picked":"Shrug It Off","floor":3},{"not_picked":["Clash","Body Slam"],"picked":"Clothesline","floor":4},{"not_picked":["Intimidate","Dropkick"],"picked":"Whirlwind","floor":8},{"not_picked":["Armaments","Warcry"],"picked":"Inflame","floor":11},{"not_picked":["Havoc","Sentinel"],"picked":"Shockwave","floor":13},{"not_picked":["Dual Wield","Pommel Strike"],"picked":"Shrug It Off","floor":14},{"not_picked":["Bludgeon","Juggernaut"],"picked":"Limit Break","floor":16},{"not_picked":["Anger","Dual Wield","Combust"],"picked":"SKIP","floor":18},{"not_picked":["True Grit","Clothesline","Flex"],"picked":"SKIP","floor":20},{"not_picked":["Evolve","Uppercut"],"picked":"Seeing Red","floor":22},{"not_picked":["True Grit","Sentinel"],"picked":"Sword Boomerang","floor":23},{"not_picked":["Havoc","Cleave","Reckless Charge"],"picked":"SKIP","floor":25},{"not_picked":["Armaments","Thunderclap","Wild Strike"],"picked":"SKIP","floor":28},{"not_picked":["Headbutt","Sword Boomerang"],"picked":"Heavy Blade","floor":32}],"player_experience":549446,"relics_obtained":[{"floor":8,"key":"Orichalcum"},{"floor":9,"key":"The Courier"},{"floor":23,"key":"Frozen Egg 2"},{"floor":25,"key":"Thread and Needle"},{"floor":26,"key":"Dream Catcher"}],"event_choices":[{"event_name":"Golden Wing","player_choice":"Card Removal","floor":5,"damage_taken":0},{"event_name":"The Library","player_choice":"Heal","floor":19,"damage_taken":0},{"event_name":"Drug Dealer","player_choice":"Ignored","floor":24,"damage_taken":0},{"event_name":"Back to Basics","player_choice":"Simplicity","floor":31,"damage_taken":0}],"is_beta":false,"boss_relics":[{"not_picked":["Black Blood","Runic Cube"],"picked":"Ectoplasm"}],"items_purged_floors":[12],"is_endless":false,"potions_floor_spawned":[3,4,8,13,14,22,23],"killed_by":"Champ","ascension_level":10}