{"gold_per_floor":[114,114,127,144,14,42,58,58],"floor_reached":8,"playtime":274,"items_purged":["Strike_R"],"score":116,"play_id":"2d197830-c2cc-44c0-8033-d2575c021ee1","local_time":"20190225002945","is_ascension_mode":true,"campfire_choices":[],"neow_cost":"NONE","seed_source_timestamp":736421216300370,"circlet_count":0,"master_deck":["AscendersBane","Strike_R","Strike_R","Strike_R","Strike_R","Defend_R","Defend_R","Defend_R","Defend_R","Bash","Anger","Twin Strike","Blood for Blood","Shrug It Off","Pommel Strike","Shrug It Off"],"special_seed":0,"relics":["Burning Blood","Ornamental Fan"],"potions_floor_usage":[8],"damage_taken":[{"damage":4.0,"enemies":"Small Slimes","floor":1.0,"turns":4.0},{"damage":0.0,"enemies":"Cultist","floor":3.0,"turns":2.0},{"damage":7.0,"enemies":"2 Louse","floor":4.0,"turns":3.0},{"damage":56.0,"enemies":"Gremlin Nob","floor":6.0,"turns":5.0},{"damage":7.0,"enemies":"Large Slime","floor":7.0,"turns":7.0},{"damage":27,"enemies":"Lagavulin","floor":8,"turns":5}],"seed_played":"8127004705402236842","potions_obtained":[{"floor":0.0,"key":"AttackPotion"},{"floor":0.0,"key":"EntropicBrew"},{"floor":6.0,"key":"Block Potion"}],"is_trial":false,"path_per_floor":["M","?","M","M","$","E","M","E"],"character_chosen":"IRONCLAD","items_purchased":["Shrug It Off"],"campfire_rested":0,"item_purchase_floors":[5],"current_hp_per_floor":[70,70,75,74,74,24,23,0],"gold":58,"neow_bonus":"THREE_SMALL_POTIONS","is_prod":false,"is_daily":false,"chose_seed":false,"campfire_upgraded":0,"win_rate":0,"timestamp":1551050985,"path_taken":["M","?","M","M","?","E","M","E"],"build_version":"2019-01-23","purchased_purges":1,"victory":false,"max_hp_per_floor":[75,75,75,75,75,75,75,75],"card_choices":[{"not_picked":["Clash","True Grit"],"picked":"Anger","floor":1.0},{"not_picked":["Thunderclap","Havoc"],"picked":"Twin Strike","floor":3.0},{"not_picked":["Infernal Blade","Metallicize"],"picked":"Blood for Blood","floor":4.0},{"not_picked":["Second Wind","Body Slam"],"picked":"Pommel Strike","floor":6.0},{"not_picked":["Double Tap","Feel No Pain"],"picked":"Shrug It Off","floor":7.0}],"player_experience":664386,"relics_obtained":[{"floor":6.0,"key":"Ornamental Fan"}],"event_choices":[{"damage_healed":0.0,"max_hp_gain":0.0,"max_hp_loss":0.0,"gold_gain":0.0,"event_name":"Lab","player_choice":"Got Potions","floor":2.0,"gold_loss":0.0,"damage_taken":0.0}],"is_beta":false,"boss_relics":[],"items_purged_floors":[5],"is_endless":false,"potions_floor_spawned":[6],"killed_by":"Lagavulin","ascension_level":20}