{"gold_per_floor":[118,128,203,203,51,51,85,85,85,85,117,130,145,125,125,199,199,216,228,241,241,291,291,291],"floor_reached":24,"playtime":939,"items_purged":["Strike_G"],"score":357,"play_id":"38ea5e8c-d327-4fa1-84ec-0f58269d45c1","local_time":"20190618211118","is_ascension_mode":true,"campfire_choices":[{"data":"Endless Agony","floor":6,"key":"SMITH"},{"floor":8,"key":"REST"},{"data":"Sucker Punch","floor":10,"key":"SMITH"},{"floor":15,"key":"REST"},{"floor":23,"key":"REST"}],"neow_cost":"TEN_PERCENT_HP_LOSS","seed_source_timestamp":147539711177246,"circlet_count":0,"master_deck":["AscendersBane","Defend_G","Defend_G","Defend_G","Defend_G","Defend_G","Strike_G","Strike_G","Strike_G","Strike_G","Survivor","Neutralize","Sucker Punch+1","Backstab+1","Endless Agony+1","Bouncing Flask","Footwork","After Image","Burst","Blade Dance","Dodge and Roll+1","Deflect"],"relics":["Ring of the Snake","Peace Pipe","Omamori","StoneCalendar","Bronze Scales","WristBlade"],"potions_floor_usage":[7,16,20],"damage_taken":[{"damage":9,"enemies":"Jaw Worm","floor":1,"turns":3},{"damage":0,"enemies":"2 Louse","floor":2,"turns":3},{"damage":35,"enemies":"Lagavulin","floor":7,"turns":9},{"damage":8,"enemies":"Gremlin Nob","floor":11,"turns":4},{"damage":0,"enemies":"Small Slimes","floor":12,"turns":1},{"damage":1,"enemies":"Exordium Thugs","floor":13,"turns":3},{"damage":19,"enemies":"Slime Boss","floor":16,"turns":9},{"damage":6,"enemies":"3 Byrds","floor":18,"turns":4},{"damage":11,"enemies":"Spheric Guardian","floor":19,"turns":3},{"damage":22,"enemies":"Snecko","floor":20,"turns":7},{"damage":27,"enemies":"3 Cultists","floor":24,"turns":4}],"seed_played":"628542972752262607","potions_obtained":[{"floor":2,"key":"SpeedPotion"},{"floor":11,"key":"SpeedPotion"},{"floor":14,"key":"Poison Potion"},{"floor":16,"key":"Explosive Potion"},{"floor":19,"key":"GhostInAJar"},{"floor":20,"key":"Poison Potion"}],"is_trial":false,"path_per_floor":["M","M","?","?","$","R","E","R","T","R","E","M","M","?","R","B",null,"M","M","M","?","?","R","M"],"character_chosen":"THE_SILENT","items_purchased":["Endless Agony"],"campfire_rested":3,"item_purchase_floors":[5],"current_hp_per_floor":[50,50,39,39,39,39,4,22,22,22,14,14,13,13,31,12,48,42,31,9,9,9,27,0],"gold":291,"neow_bonus":"ONE_RARE_RELIC","is_prod":false,"is_daily":false,"chose_seed":false,"campfire_upgraded":2,"win_rate":0,"timestamp":1560888678,"path_taken":["M","M","?","?","?","R","E","R","T","R","E","M","?","?","R","BOSS","M","?","M","?","?","R","M"],"build_version":"2019-01-23","purchased_purges":1,"victory":false,"max_hp_per_floor":[60,60,60,60,60,60,60,60,60,60,60,60,60,60,60,60,60,60,60,60,60,60,60,60],"card_choices":[{"not_picked":["Terror","PiercingWail"],"picked":"Sucker Punch","floor":1},{"not_picked":["Cloak And Dagger","Expertise"],"picked":"Backstab","floor":2},{"not_picked":["Endless Agony","Deadly Poison"],"picked":"Bouncing Flask","floor":7},{"not_picked":["Acrobatics","Well Laid Plans"],"picked":"Footwork","floor":11},{"not_picked":["Acrobatics","Tactician","Blade Dance"],"picked":"SKIP","floor":12},{"not_picked":["Leg Sweep","Endless Agony"],"picked":"After Image","floor":13},{"not_picked":["Grand Finale","Wraith Form v2"],"picked":"Burst","floor":16},{"not_picked":["Escape Plan","Deadly Poison"],"picked":"Blade Dance","floor":18},{"not_picked":["Sucker Punch","Blade Dance"],"picked":"Dodge and Roll+1","floor":19},{"not_picked":["Acrobatics","Dagger Spray"],"picked":"Deflect","floor":20}],"player_experience":1091156,"relics_obtained":[{"floor":7,"key":"Omamori"},{"floor":9,"key":"StoneCalendar"},{"floor":11,"key":"Bronze Scales"}],"event_choices":[{"damage_healed":0,"gold_gain":75,"player_choice":"Gather Gold","damage_taken":11,"max_hp_gain":0,"max_hp_loss":0,"event_name":"World of Goop","floor":3,"gold_loss":0},{"damage_healed":0,"gold_gain":0,"player_choice":"Grow","damage_taken":0,"max_hp_gain":0,"max_hp_loss":0,"event_name":"Living Wall","floor":4,"gold_loss":0,"cards_upgraded":["Backstab"]},{"damage_healed":0,"gold_gain":0,"player_choice":"Bought 1 Potion","damage_taken":0,"max_hp_gain":0,"max_hp_loss":0,"event_name":"The Woman in Blue","floor":14,"gold_loss":0},{"damage_healed":0,"gold_gain":0,"player_choice":"Ignored","damage_taken":0,"max_hp_gain":0,"max_hp_loss":0,"event_name":"Cursed Tome","floor":21,"gold_loss":0},{"damage_healed":0,"gold_gain":50,"player_choice":"Pray","damage_taken":0,"max_hp_gain":0,"max_hp_loss":0,"event_name":"Golden Shrine","floor":22,"gold_loss":0}],"is_beta":false,"boss_relics":[{"not_picked":["Lizard Tail","Runic Pyramid"],"picked":"WristBlade"}],"items_purged_floors":[5],"is_endless":false,"potions_floor_spawned":[2,11,16,19,20],"killed_by":"3 Cultists","ascension_level":15}