{"gold_per_floor":[109,128,128,128,148,148,188,207,207,207,231,231,231,231,231,352,352,371,371,141,165,9,9,53,53,53,86,211,235,235,259,259,387,387,412,412,63,86,419,419,451,451,497,497,497],"floor_reached":45,"playtime":2731,"items_purged":["Strike_R","Strike_R"],"score":597,"play_id":"f454f567-4c33-4292-b8c0-7d61904507e5","local_time":"20190723221117","is_ascension_mode":true,"campfire_choices":[{"data":"Double Tap","floor":6,"key":"SMITH"},{"floor":10,"key":"REST"},{"floor":12,"key":"REST"},{"floor":15,"key":"REST"},{"floor":23,"key":"RECALL"},{"floor":25,"key":"REST"},{"floor":32,"key":"REST"},{"floor":40,"key":"REST"},{"floor":44,"key":"REST"}],"neow_cost":"NONE","seed_source_timestamp":1203141608496444,"circlet_count":0,"master_deck":["Strike_R","Strike_R","Defend_R","Defend_R","Defend_R","Defend_R","Bash","Shrug It Off+1","Double Tap+1","Infernal Blade","Anger","Metallicize","Reaper","Metallicize+1","Shockwave+1","Armaments+1","Battle Trance+1","Barricade","Heavy Blade+1","Feel No Pain","Reaper+1","Warcry+1","Reaper+1","Disarm+1","Warcry+1","Combust+1","Body Slam+1","Entrench+1"],"relics":["Burning Blood","Oddly Smooth Stone","Toxic Egg 2","Prayer Wheel","Fusion Hammer","Vajra","Happy Flower","Du-Vu Doll","Gremlin Horn","Ginger","Gambling Chip","Molten Egg 2","White Beast Statue","Matryoshka","Incense Burner","Lantern","Centennial Puzzle"],"potions_floor_usage":[8,18,24,24,29,33,41,41],"damage_taken":[{"damage":7,"enemies":"Small Slimes","floor":1,"turns":4},{"damage":2,"enemies":"2 Louse","floor":2,"turns":3},{"damage":6,"enemies":"Cultist","floor":5,"turns":4},{"damage":60,"enemies":"Lagavulin","floor":7,"turns":8},{"damage":25,"enemies":"Exordium Thugs","floor":8,"turns":7},{"damage":15,"enemies":"2 Fungi Beasts","floor":11,"turns":4},{"damage":74,"enemies":"The Guardian","floor":16,"turns":15},{"damage":3,"enemies":"3 Byrds","floor":18,"turns":8},{"damage":11,"enemies":"Chosen","floor":21,"turns":5},{"damage":23,"enemies":"Slavers","floor":24,"turns":5},{"damage":23,"enemies":"Gremlin Leader","floor":27,"turns":5},{"damage":13,"enemies":"Colosseum Slavers","floor":28,"turns":5},{"damage":31,"enemies":"Colosseum Nobs","floor":28,"turns":5},{"damage":12,"enemies":"3 Cultists","floor":29,"turns":6},{"damage":27,"enemies":"Shelled Parasite and Fungi","floor":31,"turns":7},{"damage":40,"enemies":"Automaton","floor":33,"turns":12},{"damage":18,"enemies":"Orb Walker","floor":35,"turns":4},{"damage":16,"enemies":"3 Darklings","floor":38,"turns":8},{"damage":79,"enemies":"Nemesis","floor":41,"turns":9},{"damage":70,"enemies":"Transient","floor":45,"turns":4}],"seed_played":"-6074628615472218623","potions_obtained":[{"floor":5,"key":"BloodPotion"},{"floor":16,"key":"PowerPotion"},{"floor":18,"key":"EssenceOfSteel"},{"floor":21,"key":"PowerPotion"},{"floor":28,"key":"Block Potion"},{"floor":31,"key":"EssenceOfSteel"},{"floor":35,"key":"Dexterity Potion"},{"floor":38,"key":"FearPotion"},{"floor":41,"key":"SteroidPotion"}],"is_trial":false,"path_per_floor":["M","M","?","?","M","R","E","M","T","R","M","R","T","?","R","B",null,"M","?","$","M","$","R","E","R","T","E","?","M","?","M","R","B",null,"M","?","$","M","?","R","E","?","T","R","M"],"character_chosen":"IRONCLAD","items_purchased":["Vajra","Happy Flower","Matryoshka"],"campfire_rested":7,"item_purchase_floors":[20,22,37],"current_hp_per_floor":[87,88,66,66,66,66,12,15,15,41,32,58,58,51,77,9,88,88,88,88,85,85,85,78,88,88,71,63,71,71,63,88,73,88,76,76,76,84,84,84,21,21,21,46,0],"gold":497,"neow_bonus":"TEN_PERCENT_HP_BONUS","is_prod":false,"is_daily":false,"chose_seed":false,"campfire_upgraded":1,"win_rate":0,"timestamp":1563934277,"path_taken":["M","M","?","?","?","R","E","M","T","R","M","R","?","?","R","BOSS","M","?","$","M","$","R","E","R","T","E","?","M","?","?","R","BOSS","M","?","$","M","?","R","E","?","T","R","M"],"build_version":"2019-07-17","purchased_purges":2,"victory":false,"max_hp_per_floor":[88,88,88,88,88,88,88,88,88,88,88,88,88,88,88,88,88,88,88,88,88,88,88,88,88,88,88,88,88,88,88,88,88,88,88,84,84,84,84,84,84,84,84,84,84],"card_choices":[{"not_picked":["Sword Boomerang","Havoc","Iron Wave"],"picked":"SKIP","floor":1},{"not_picked":["Perfected Strike","Armaments"],"picked":"Shrug It Off","floor":2},{"not_picked":["Uppercut","Blood for Blood"],"picked":"Double Tap","floor":5},{"not_picked":["Dual Wield","Dropkick"],"picked":"Infernal Blade","floor":7},{"not_picked":["Intimidate","Cleave"],"picked":"Anger","floor":8},{"not_picked":["Second Wind+1","Power Through+1"],"picked":"Metallicize","floor":11},{"not_picked":["Immolate","Fiend Fire"],"picked":"Reaper","floor":16},{"not_picked":["Flex+1","Perfected Strike"],"picked":"Metallicize+1","floor":18},{"not_picked":["True Grit+1","Pummel","Pommel Strike"],"picked":"SKIP","floor":18},{"not_picked":["Anger","Sword Boomerang"],"picked":"Armaments+1","floor":21},{"not_picked":["Blood for Blood","Shockwave+1"],"picked":"Battle Trance+1","floor":21},{"not_picked":["Infernal Blade+1","Flex+1"],"picked":"Barricade","floor":24},{"not_picked":["Clash","Sword Boomerang","Clothesline"],"picked":"SKIP","floor":27},{"not_picked":["Power Through+1","Clothesline"],"picked":"Heavy Blade","floor":28},{"not_picked":["Perfected Strike+1","Reckless Charge+1"],"picked":"Feel No Pain","floor":29},{"not_picked":["Sword Boomerang+1","Cleave+1","Hemokinesis+1"],"picked":"SKIP","floor":29},{"not_picked":["Flex+1","Perfected Strike+1"],"picked":"Warcry+1","floor":31},{"not_picked":["Thunderclap+1","Flex+1","Sword Boomerang+1"],"picked":"SKIP","floor":31},{"not_picked":["Fiend Fire+1","Exhume+1"],"picked":"Reaper+1","floor":33},{"not_picked":["Anger+1","Shrug It Off+1"],"picked":"Disarm+1","floor":35},{"not_picked":["Clash+1","Clothesline+1"],"picked":"Warcry+1","floor":35},{"not_picked":["Thunderclap+1","Headbutt+1"],"picked":"Combust+1","floor":38},{"not_picked":["Pommel Strike+1","Rage+1"],"picked":"Body Slam+1","floor":38},{"not_picked":["Whirlwind+1","Power Through+1"],"picked":"Entrench+1","floor":41}],"player_experience":304675,"relics_obtained":[{"floor":7,"key":"Oddly Smooth Stone"},{"floor":9,"key":"Toxic Egg 2"},{"floor":13,"key":"Prayer Wheel"},{"floor":24,"key":"Du-Vu Doll"},{"floor":26,"key":"Gremlin Horn"},{"floor":27,"key":"Ginger"},{"floor":28,"key":"Gambling Chip"},{"floor":28,"key":"Molten Egg 2"},{"floor":41,"key":"Incense Burner"},{"floor":43,"key":"Lantern"},{"floor":43,"key":"Centennial Puzzle"}],"event_choices":[{"damage_healed":0,"gold_gain":0,"player_choice":"Take Damage","damage_taken":22,"relics_obtained":["Golden Idol"],"max_hp_gain":0,"max_hp_loss":0,"event_name":"Golden Idol","floor":3,"gold_loss":0},{"damage_healed":0,"gold_gain":0,"player_choice":"Forge","damage_taken":0,"max_hp_gain":0,"max_hp_loss":0,"event_name":"Accursed Blacksmith","floor":4,"gold_loss":0,"cards_upgraded":["Shrug It Off"]},{"cards_removed":["Strike_R"],"damage_healed":0,"gold_gain":0,"player_choice":"Card Removal","damage_taken":7,"max_hp_gain":0,"max_hp_loss":0,"event_name":"Golden Wing","floor":14,"gold_loss":0},{"damage_healed":0,"gold_gain":0,"player_choice":"Read","damage_taken":0,"max_hp_gain":0,"max_hp_loss":0,"event_name":"The Library","floor":19,"gold_loss":0,"cards_obtained":["Shockwave"]},{"damage_healed":0,"gold_gain":0,"player_choice":"Fight","damage_taken":0,"max_hp_gain":0,"max_hp_loss":0,"event_name":"Colosseum","floor":28,"gold_loss":0},{"damage_healed":0,"gold_gain":0,"player_choice":"Fought Nobs","damage_taken":0,"max_hp_gain":0,"max_hp_loss":0,"event_name":"Colosseum","floor":28,"gold_loss":0},{"damage_healed":0,"gold_gain":0,"player_choice":"Copied","damage_taken":0,"max_hp_gain":0,"max_hp_loss":0,"event_name":"Duplicator","floor":30,"gold_loss":0,"cards_obtained":["Reaper"]},{"damage_healed":0,"gold_gain":0,"player_choice":"Max HP","damage_taken":0,"max_hp_gain":0,"max_hp_loss":4,"event_name":"Winding Halls","floor":36,"gold_loss":0},{"damage_healed":0,"gold_gain":333,"player_choice":"Gave Idol","damage_taken":0,"max_hp_gain":0,"max_hp_loss":0,"event_name":"The Moai Head","floor":39,"relics_lost":["Golden Idol"],"gold_loss":0},{"damage_healed":0,"gold_gain":0,"player_choice":"Memory 1","damage_taken":0,"max_hp_gain":0,"max_hp_loss":0,"event_name":"SensoryStone","floor":42,"gold_loss":0}],"is_beta":false,"boss_relics":[{"not_picked":["Black Star","Runic Pyramid"],"picked":"Fusion Hammer"},{"not_picked":["Velvet Choker","Runic Dome"],"picked":"White Beast Statue"}],"items_purged_floors":[20,37],"is_endless":false,"potions_floor_spawned":[5,16,18,21,28,28,31,35,38,41],"killed_by":"Transient","ascension_level":4}