{"gold_per_floor":[116,1,76,226,246,272,272,301,325,337,349,361,390,402,414,502,514,546,572,603,615,638,650,681,709,745,757,13,13,48,65,65,141,141,155,12,22,0,0,0,0,0],"floor_reached":42,"playtime":1687,"items_purged":["Strike_G","Injury"],"score":923,"play_id":"fb687187-92e4-4327-815c-47e1a6a1491c","local_time":"20190617110347","is_ascension_mode":true,"campfire_choices":[{"data":"Neutralize","floor":7,"key":"SMITH"},{"floor":12,"key":"REST"},{"data":"Caltrops","floor":15,"key":"SMITH"},{"data":"Venomology","floor":23,"key":"SMITH"},{"floor":27,"key":"REST"},{"floor":29,"key":"REST"},{"floor":32,"key":"REST"},{"floor":40,"key":"REST"}],"neow_cost":"NONE","seed_source_timestamp":28485138737600,"circlet_count":0,"master_deck":["AscendersBane","Defend_G","Defend_G","Defend_G","Defend_G","Defend_G","Strike_G","Strike_G","Strike_G","Strike_G","Survivor","Neutralize+1","Backflip","Caltrops+1","Escape Plan","Dagger Throw","Flying Knee","Endless Agony","Venomology+1","Dash","Predator","Distraction","Caltrops+1","Blur+1","PiercingWail","Infinite Blades","Apotheosis","Footwork","Calculated Gamble","Underhanded Strike","Accuracy","Terror","Night Terror","Masterful Stab+1","Mayhem","Magnetism"],"relics":["Ring of the Serpent","NeowsBlessing","Juzu Bracelet","Bag of Marbles","MawBank","Cursed Key","Pen Nib","Potion Belt","Membership Card","Gambling Chip","Singing Bowl","Red Mask"],"potions_floor_usage":[16,16,18,20,22,24,24,25,30,31,33,33,33,35,35,35,37],"damage_taken":[{"damage":0,"enemies":"Jaw Worm","floor":1,"turns":1},{"damage":0,"enemies":"Small Slimes","floor":5,"turns":1},{"damage":0,"enemies":"Gremlin Nob","floor":6,"turns":1},{"damage":42,"enemies":"3 Sentries","floor":8,"turns":10},{"damage":0,"enemies":"2 Louse","floor":13,"turns":2},{"damage":0,"enemies":"Hexaghost","floor":16,"turns":8},{"damage":20,"enemies":"Spheric Guardian","floor":18,"turns":4},{"damage":0,"enemies":"3 Byrds","floor":19,"turns":5},{"damage":10,"enemies":"Centurion and Healer","floor":20,"turns":7},{"damage":2,"enemies":"Chosen and Byrds","floor":22,"turns":5},{"damage":11,"enemies":"Cultist and Chosen","floor":24,"turns":7},{"damage":12,"enemies":"Sentry and Sphere","floor":25,"turns":6},{"damage":24,"enemies":"Gremlin Leader","floor":30,"turns":8},{"damage":2,"enemies":"Centurion and Healer","floor":31,"turns":8},{"damage":16,"enemies":"Champ","floor":33,"turns":14},{"damage":26,"enemies":"3 Darklings","floor":35,"turns":6},{"damage":12,"enemies":"Orb Walker","floor":37,"turns":3},{"damage":36,"enemies":"Sphere and 2 Shapes","floor":42,"turns":4}],"seed_played":"-2072732756422677523","potions_obtained":[{"floor":8,"key":"GamblersBrew"},{"floor":13,"key":"LiquidBronze"},{"floor":14,"key":"Strength Potion"},{"floor":30,"key":"Energy Potion"},{"floor":33,"key":"Weak Potion"}],"is_trial":false,"path_per_floor":["M","$","?","?","M","E","R","E","T","?","?","R","M","?","R","B",null,"M","M","M","?","M","R","M","M","T","R","$","R","E","M","R","B",null,"M","$","M","?","?","R","?","M"],"character_chosen":"THE_SILENT","items_purchased":["Caltrops","Apotheosis","Potion Belt","Membership Card","Footwork","Calculated Gamble","Underhanded Strike","Singing Bowl"],"campfire_rested":5,"item_purchase_floors":[2,28,28,28,28,28,28,36],"current_hp_per_floor":[59,59,48,48,48,48,48,6,6,6,6,25,25,25,25,25,56,36,36,26,26,24,24,13,1,1,20,20,39,15,13,32,16,54,28,28,18,18,13,33,33,0],"gold":0,"neow_bonus":"THREE_ENEMY_KILL","is_prod":false,"is_daily":false,"chose_seed":false,"campfire_upgraded":3,"win_rate":0,"timestamp":1560762227,"path_taken":["M","$","?","?","M","E","R","E","T","?","?","R","M","?","R","BOSS","M","M","M","?","M","R","M","M","T","R","$","R","E","M","R","BOSS","M","$","M","?","?","R","?","M"],"build_version":"2019-01-23","purchased_purges":2,"victory":false,"max_hp_per_floor":[66,66,66,66,66,66,66,66,66,66,66,66,66,66,66,66,66,66,66,66,66,66,66,66,66,66,66,66,66,66,66,66,66,66,66,66,68,68,68,68,68,68],"card_choices":[{"not_picked":["Blade Dance","Concentrate"],"picked":"Backflip","floor":1},{"not_picked":["Accuracy","Sucker Punch"],"picked":"Escape Plan","floor":5},{"not_picked":["Sucker Punch","Reflex"],"picked":"Dagger Throw","floor":6},{"not_picked":["Expertise","Dodge and Roll"],"picked":"Flying Knee","floor":8},{"not_picked":["Deflect","Riddle With Holes"],"picked":"Endless Agony","floor":13},{"not_picked":["Malaise","Night Terror"],"picked":"Venomology","floor":16},{"not_picked":["Blade Dance","Cloak And Dagger"],"picked":"Dash","floor":18},{"not_picked":["Poisoned Stab","Quick Slash"],"picked":"Predator","floor":19},{"not_picked":["Blur","Calculated Gamble"],"picked":"Distraction","floor":20},{"not_picked":["Backflip+1","Dagger Spray"],"picked":"Blur+1","floor":22},{"not_picked":["Dodge and Roll","Backflip"],"picked":"PiercingWail","floor":24},{"not_picked":["Riddle With Holes","Sucker Punch"],"picked":"Infinite Blades","floor":25},{"not_picked":["Bane","Heel Hook"],"picked":"Accuracy","floor":30},{"not_picked":["Quick Slash","PiercingWail"],"picked":"Terror","floor":31},{"not_picked":["Storm of Steel","Die Die Die"],"picked":"Night Terror","floor":33},{"not_picked":["Sucker Punch","Poisoned Stab"],"picked":"Masterful Stab+1","floor":35},{"not_picked":["Sucker Punch","Deflect","PiercingWail"],"picked":"Singing Bowl","floor":37},{"not_picked":["Finesse","Good Instincts"],"picked":"Mayhem","floor":39},{"not_picked":["Chrysalis","Good Instincts"],"picked":"Magnetism","floor":39}],"player_experience":1390559,"relics_obtained":[{"floor":6,"key":"Juzu Bracelet"},{"floor":8,"key":"Bag of Marbles"},{"floor":9,"key":"MawBank"},{"floor":26,"key":"Pen Nib"},{"floor":30,"key":"Gambling Chip"}],"event_choices":[{"damage_healed":0,"gold_gain":75,"player_choice":"Gather Gold","damage_taken":11,"max_hp_gain":0,"max_hp_loss":0,"event_name":"World of Goop","floor":3,"gold_loss":0},{"damage_healed":0,"gold_gain":150,"player_choice":"AGREE","damage_taken":0,"max_hp_gain":0,"max_hp_loss":0,"event_name":"Liars Game","floor":4,"gold_loss":0,"cards_obtained":["Doubt"]},{"damage_healed":0,"gold_gain":0,"player_choice":"Ignored","damage_taken":0,"max_hp_gain":0,"max_hp_loss":0,"event_name":"Golden Wing","floor":10,"gold_loss":0},{"cards_removed":["Doubt"],"damage_healed":0,"gold_gain":0,"player_choice":"Forget","damage_taken":0,"max_hp_gain":0,"max_hp_loss":0,"event_name":"Living Wall","floor":11,"gold_loss":0},{"damage_healed":0,"gold_gain":0,"player_choice":"Got Potions","damage_taken":0,"max_hp_gain":0,"max_hp_loss":0,"event_name":"Lab","floor":14,"gold_loss":0},{"damage_healed":0,"gold_gain":0,"player_choice":"Copied","damage_taken":0,"max_hp_gain":0,"max_hp_loss":0,"event_name":"Duplicator","floor":21,"gold_loss":0,"cards_obtained":["Caltrops"]},{"damage_healed":0,"gold_gain":0,"player_choice":"Paid","damage_taken":0,"relics_obtained":["Red Mask"],"max_hp_gain":0,"max_hp_loss":0,"event_name":"Tomb of Lord Red Mask","floor":38,"gold_loss":22},{"damage_healed":0,"gold_gain":0,"player_choice":"Memory 2","damage_taken":5,"max_hp_gain":0,"max_hp_loss":0,"event_name":"SensoryStone","floor":39,"gold_loss":0},{"damage_healed":0,"gold_gain":0,"player_choice":"Ignored","damage_taken":0,"max_hp_gain":0,"max_hp_loss":0,"event_name":"SecretPortal","floor":41,"gold_loss":0}],"is_beta":false,"boss_relics":[{"not_picked":["Runic Dome","Calling Bell"],"picked":"Cursed Key"},{"not_picked":["Snecko Eye","Orrery"],"picked":"Ring of the Serpent"}],"items_purged_floors":[2,28],"is_endless":false,"potions_floor_spawned":[8,13,30,33],"killed_by":"Sphere and 2 Shapes","ascension_level":16}