{"gold_per_floor":[118,118,131,148,175,202,21,32,32,97,97,11,11,38,38,112,112,97,107,118,118,134,134,134,168,168,168],"floor_reached":27,"playtime":1664,"items_purged":["Defend_B"],"score":434,"play_id":"fa64ecff-81ea-4aad-abb5-3738e13c03f0","local_time":"20190630203756","is_ascension_mode":true,"campfire_choices":[{"floor":11.0,"key":"REST"},{"data":"Echo Form","floor":13.0,"key":"SMITH"},{"floor":15.0,"key":"REST"},{"floor":23,"key":"REST"}],"neow_cost":"NONE","seed_source_timestamp":0,"circlet_count":0,"master_deck":["AscendersBane","Strike_B","Defend_B","Defend_B","Defend_B","Zap","Dualcast","Chill","Conserve Battery","Echo Form+1","Cold Snap","BootSequence","Steam","Steam","Defragment","Go for the Eyes","Buffer","Leap","Sweeping Beam+1","Go for the Eyes+1","Steam+1","Darkness","Coolheaded","Turbo","Seek","Ball Lightning"],"special_seed":0,"relics":["Cracked Core","Potion Belt","Lantern","Prayer Wheel","PreservedInsect","Orichalcum","White Beast Statue","Mercury Hourglass","Symbiotic Virus"],"potions_floor_usage":[20,25,25,27,27],"damage_taken":[{"damage":0.0,"enemies":"2 Louse","floor":1.0,"turns":2.0},{"damage":7.0,"enemies":"Jaw Worm","floor":3.0,"turns":4.0},{"damage":0.0,"enemies":"Cultist","floor":4.0,"turns":4.0},{"damage":16.0,"enemies":"3 Sentries","floor":6.0,"turns":6.0},{"damage":7.0,"enemies":"3 Louse","floor":8.0,"turns":4.0},{"damage":21.0,"enemies":"Lagavulin Event","floor":10.0,"turns":5.0},{"damage":16.0,"enemies":"Lagavulin","floor":14.0,"turns":5.0},{"damage":24.0,"enemies":"The Guardian","floor":16.0,"turns":12.0},{"damage":18.0,"enemies":"2 Thieves","floor":18.0,"turns":4.0},{"damage":4.0,"enemies":"Chosen","floor":19.0,"turns":9.0},{"damage":13,"enemies":"Centurion and Healer","floor":20,"turns":6},{"damage":0,"enemies":"Chosen and Byrds","floor":22,"turns":8},{"damage":36,"enemies":"Gremlin Leader","floor":25,"turns":9},{"damage":6,"enemies":"Snake Plant","floor":27,"turns":2}],"seed_played":"6174483344637823276","potions_obtained":[{"floor":3.0,"key":"Explosive Potion"},{"floor":4.0,"key":"Block Potion"},{"floor":14.0,"key":"Explosive Potion"},{"floor":16.0,"key":"GamblersBrew"},{"floor":18.0,"key":"SneckoOil"},{"floor":19,"key":"Poison Potion"},{"floor":20,"key":"Dexterity Potion"},{"floor":22,"key":"LiquidBronze"},{"floor":25,"key":"SneckoOil"}],"is_trial":false,"path_per_floor":["M","?","M","M","T","E","$","M","T","?","R","$","R","E","R","B",null,"M","M","M","?","M","R","?","E","T","M"],"character_chosen":"DEFECT","items_purchased":["Cold Snap","BootSequence","Defragment"],"campfire_rested":3,"item_purchase_floors":[7,7,12],"current_hp_per_floor":[64,57,50,50,50,34,34,27,27,6,27,27,27,11,32,8,55,37,33,20,20,20,41,41,5,5,0],"gold":168,"neow_bonus":"REMOVE_CARD","is_prod":false,"is_daily":false,"chose_seed":false,"campfire_upgraded":1,"win_rate":0,"timestamp":1561919876,"path_taken":["M","?","M","M","?","E","$","?","T","?","R","?","R","E","R","BOSS","M","M","M","?","M","R","?","E","T","?"],"build_version":"2019-01-23","purchased_purges":1,"victory":false,"max_hp_per_floor":[71,71,71,71,71,71,71,71,71,71,71,71,71,71,71,71,71,71,71,71,71,71,71,71,71,71,71],"card_choices":[{"not_picked":["Barrage","Force Field"],"picked":"Chill","floor":1.0},{"not_picked":["Stack","Ball Lightning"],"picked":"Conserve Battery","floor":3.0},{"not_picked":["Cold Snap","Ball Lightning"],"picked":"Sunder","floor":4.0},{"not_picked":["Redo","Chill"],"picked":"Echo Form","floor":6.0},{"not_picked":["Tempest","Aggregate"],"picked":"Steam","floor":8.0},{"not_picked":["Barrage","Skim"],"picked":"Steam","floor":10.0},{"not_picked":["Amplify","Hyperbeam"],"picked":"Go for the Eyes","floor":14.0},{"not_picked":["All For One","Machine Learning"],"picked":"Buffer","floor":16.0},{"not_picked":["Blizzard","Reinforced Body"],"picked":"Leap","floor":18.0},{"not_picked":["Gash","Recycle+1"],"picked":"Sweeping Beam+1","floor":18.0},{"not_picked":["Cold Snap","Leap"],"picked":"Go for the Eyes+1","floor":19},{"not_picked":["Leap","Coolheaded"],"picked":"Steam+1","floor":19},{"not_picked":["Double Energy","Ball Lightning"],"picked":"Darkness","floor":20},{"not_picked":["Rebound","Beam Cell"],"picked":"Coolheaded","floor":20},{"not_picked":["Coolheaded","Steam"],"picked":"Turbo","floor":22},{"not_picked":["Go for the Eyes+1","Streamline"],"picked":"Seek","floor":22},{"not_picked":["Reprogram","Sweeping Beam"],"picked":"Ball Lightning","floor":25}],"player_experience":1523011,"relics_obtained":[{"floor":5.0,"key":"Potion Belt"},{"floor":6.0,"key":"Lantern"},{"floor":9.0,"key":"Prayer Wheel"},{"floor":14.0,"key":"Orichalcum"},{"floor":25,"key":"Mercury Hourglass"},{"floor":26,"key":"Symbiotic Virus"}],"event_choices":[{"cards_removed":["Strike_B"],"damage_healed":0.0,"max_hp_gain":0.0,"max_hp_loss":0.0,"gold_gain":0.0,"event_name":"Golden Wing","player_choice":"Card Removal","floor":2.0,"gold_loss":0.0,"damage_taken":7.0},{"damage_healed":0.0,"max_hp_gain":0.0,"max_hp_loss":0.0,"gold_gain":0.0,"event_name":"Dead Adventurer","player_choice":"Searched \u00273\u0027 times","floor":10.0,"gold_loss":0.0,"damage_taken":0.0,"relics_obtained":["PreservedInsect"]},{"cards_removed":["Strike_B"],"damage_healed":0,"gold_gain":0,"player_choice":"Elegance","damage_taken":0,"max_hp_gain":0,"max_hp_loss":0,"event_name":"Back to Basics","floor":21,"gold_loss":0},{"cards_removed":["Sunder"],"damage_healed":0,"gold_gain":0,"player_choice":"Purged","damage_taken":0,"max_hp_gain":0,"max_hp_loss":0,"event_name":"Purifier","floor":24,"gold_loss":0}],"is_beta":false,"boss_relics":[{"not_picked":["Cursed Key","Ectoplasm"],"picked":"White Beast Statue"}],"items_purged_floors":[7],"is_endless":false,"potions_floor_spawned":[3,4,14,16,18,19,20,22,25],"killed_by":"Snake Plant","ascension_level":16}