{"path_per_floor":["M","$","$","M","?","R","M","R","T","?","R","?","$","E","R","B",null,"M","M","?","M","?","R"],"character_chosen":"IRONCLAD","items_purchased":["Flame Barrier","Pantograph"],"gold_per_floor":[114,114,78,94,94,94,112,112,135,210,210,267,6,39,39,143,143,162,172,72,92,7,7],"floor_reached":24,"campfire_rested":3,"playtime":1800,"current_hp_per_floor":[25,25,25,31,24,24,30,30,30,19,43,33,33,19,43,51,80,73,41,41,13,13,37],"items_purged":[],"gold":7,"play_id":"7f9d0490-ffb6-40ac-b4c1-aee1184d290f","is_prod":false,"is_daily":false,"campfire_rituals":0,"campfire_upgraded":2,"is_hardmode":false,"path_taken":["M","?","$","M","?","R","M","R","T","?","R","?","$","E","R","BOSS","M","M","?","M","?","R","M"],"build_version":"2018-01-11-PROD2","purchased_purges":0,"victory":false,"master_deck":["Strike_R","Strike_R","Strike_R","Strike_R","Strike_R","Defend_R","Bash","Shrug It Off","Flame Barrier","Flex","Inflame","Bludgeon","Bludgeon","Pommel Strike","Heavy Blade","J.A.X.","Headbutt"],"max_hp_per_floor":[80,80,80,80,80,80,80,80,80,80,80,80,80,80,80,80,80,80,80,80,80,80,80],"relics":["Black Blood","Prayer Wheel","Frozen Eye","Pantograph","Kunai","Bag of Marbles"],"campfire_meditates":0,"card_choices":[{"not_picked":["Wild Strike","Heavy Blade"],"picked":"Shrug It Off"},{"not_picked":["Iron Wave","Armaments"],"picked":"Flex"},{"not_picked":["Burning Pact","Infernal Blade"],"picked":"Inflame"},{"not_picked":["Anger","Reckless Charge"],"picked":"Bludgeon"},{"not_picked":["Berserk","Immolate"],"picked":"Bludgeon"},{"not_picked":["Iron Wave","Sever Soul"],"picked":"Pommel Strike"},{"not_picked":["True Grit","Anger"],"picked":"Heavy Blade"},{"not_picked":["Clothesline","Sword Boomerang"],"picked":"Headbutt"}],"player_experience":34573,"potions_floor_usage":[12,14,14],"damage_taken":[{"damage":21,"enemies":"Blue Slaver","floor":1,"turns":4},{"damage":0,"enemies":"Small Slimes","floor":4,"turns":4},{"damage":0,"enemies":"2 Louse","floor":7,"turns":3},{"damage":16,"enemies":"Lagavulin Event","floor":12,"turns":7},{"damage":35,"enemies":"3 Sentries","floor":14,"turns":9},{"damage":23,"enemies":"Slime Boss","floor":16,"turns":11},{"damage":17,"enemies":"3 Byrds","floor":18,"turns":4},{"damage":42,"enemies":"Shell Parasite","floor":19,"turns":6},{"damage":38,"enemies":"3 Cultists","floor":21,"turns":6},{"damage":41,"enemies":"Centurion and Healer","floor":24,"turns":6}],"event_choices":[{"event_name":"Golden Wing","player_choice":"Card Removal","floor":5,"damage_taken":0},{"event_name":"World of Goop","player_choice":"Gather Gold","floor":10,"damage_taken":0},{"event_name":"Dead Adventurer","player_choice":"Searched \u00272\u0027 times","floor":12,"damage_taken":0},{"event_name":"Drug Dealer","player_choice":"Got JAXXED","floor":20,"damage_taken":0},{"event_name":"Addict","player_choice":"Obtained Relic","floor":22,"damage_taken":0}],"boss_relics":[{"not_picked":["Question Card","Runic Dome"],"picked":"Black Blood"}],"potions_floor_spawned":[7,12,12,19],"seed_played":"5036240076218745867","killed_by":"Centurion and Healer","is_trial":false}