{"gold_per_floor":[17,30,30,30,80,80,93,93,93,106,106,150,170,170],"floor_reached":14,"playtime":372,"items_purged":[],"score":158,"play_id":"c405a38b-2459-4ff4-92fc-215e9875072c","local_time":"20191003003202","is_ascension_mode":true,"campfire_choices":[{"data":"Bash","floor":6,"key":"SMITH"},{"data":"Cleave","floor":8,"key":"SMITH"},{"data":"Shrug It Off","floor":11,"key":"SMITH"}],"neow_cost":"NO_GOLD","seed_source_timestamp":107196454927677,"circlet_count":0,"master_deck":["AscendersBane","Strike_R+1","Strike_R","Strike_R","Strike_R","Strike_R+1","Defend_R","Defend_R","Defend_R","Defend_R","Bash+1","Cleave+1","Shrug It Off+1","Double Tap"],"relics":["Burning Blood","Turnip","Golden Idol","Magic Flower","Whetstone"],"potions_floor_usage":[12,13],"damage_taken":[{"damage":10,"enemies":"Small Slimes","floor":1,"turns":5},{"damage":6,"enemies":"Cultist","floor":2,"turns":3},{"damage":0,"enemies":"2 Louse","floor":7,"turns":4},{"damage":36,"enemies":"Gremlin Gang","floor":10,"turns":5},{"damage":38,"enemies":"Lagavulin","floor":12,"turns":7},{"damage":7,"enemies":"Lots of Slimes","floor":13,"turns":3},{"damage":14,"enemies":"Exordium Wildlife","floor":14,"turns":3}],"seed_played":"5009391521511313551","potions_obtained":[{"floor":10,"key":"Weak Potion"},{"floor":12,"key":"SkillPotion"}],"is_trial":false,"path_per_floor":["M","M","$","?","?","R","M","R","T","M","R","E","M","M"],"character_chosen":"IRONCLAD","items_purchased":[],"campfire_rested":0,"item_purchase_floors":[],"current_hp_per_floor":[64,64,64,64,64,64,68,68,68,41,41,12,14,0],"gold":170,"neow_bonus":"ONE_RARE_RELIC","is_prod":false,"is_daily":false,"chose_seed":false,"campfire_upgraded":3,"win_rate":0,"timestamp":1570087922,"path_taken":["M","M","$","?","?","R","M","R","T","?","R","E","?","M"],"build_version":"2019-07-17","purchased_purges":0,"victory":false,"max_hp_per_floor":[75,75,75,68,68,68,68,68,68,68,68,68,68,68],"card_choices":[{"not_picked":["Flex","Sword Boomerang","Clothesline"],"picked":"SKIP","floor":1},{"not_picked":["Anger","Flex","Rupture"],"picked":"SKIP","floor":2},{"not_picked":["Anger","Carnage"],"picked":"Cleave","floor":7},{"not_picked":["Anger","Cleave"],"picked":"Shrug It Off","floor":10},{"not_picked":["Hemokinesis","Cleave"],"picked":"Double Tap","floor":12},{"not_picked":["Clash","True Grit","Combust"],"picked":"SKIP","floor":13}],"player_experience":304343,"relics_obtained":[{"floor":9,"key":"Magic Flower"},{"floor":12,"key":"Whetstone"}],"event_choices":[{"damage_healed":0,"gold_gain":0,"player_choice":"Lose Max HP","damage_taken":0,"relics_obtained":["Golden Idol"],"max_hp_gain":0,"max_hp_loss":7,"event_name":"Golden Idol","floor":4,"gold_loss":0},{"damage_healed":0,"gold_gain":50,"player_choice":"Pray","damage_taken":0,"max_hp_gain":0,"max_hp_loss":0,"event_name":"Golden Shrine","floor":5,"gold_loss":0}],"is_beta":false,"boss_relics":[],"items_purged_floors":[],"is_endless":false,"potions_floor_spawned":[10,12],"killed_by":"Exordium Wildlife","ascension_level":15}