{"gold_per_floor":[112,122,197,208,208,237,237,304,354,35,45,63,113,163,163,258,258,272,347,9,32,82,82,132,157,157,188,188,207,207,542,542,631,631,647,373,423,441,512,512,556,571,620,659,709,181,196,211,211,211,211],"floor_reached":52,"playtime":2522,"items_purged":["Strike_B","Doubt","Strike_B"],"score":1933,"play_id":"707fc9a4-359b-4a93-ad2d-d1698373a67a","local_time":"20190527012745","is_ascension_mode":true,"campfire_choices":[{"floor":7.0,"key":"REST"},{"data":"Loop","floor":15.0,"key":"SMITH"},{"floor":23.0,"key":"REST"},{"floor":28.0,"key":"REST"},{"data":"Storm","floor":30.0,"key":"SMITH"},{"floor":32.0,"key":"REST"},{"data":"Biased Cognition","floor":40,"key":"SMITH"},{"data":"Machine Learning","floor":49,"key":"SMITH"}],"neow_cost":"NONE","seed_source_timestamp":796593617990288,"circlet_count":0,"master_deck":["AscendersBane","Strike_B+1","Strike_B","Defend_B","Defend_B","Defend_B","Defend_B","Zap+1","Dualcast","Sunder+1","Coolheaded","Loop+1","Storm+1","Ball Lightning","Self Repair","Glacier+1","Tempest","Electrodynamics","Cold Snap","Hello World","Echo Form","Fusion+1","Conserve Battery+1","Stack+1","Self Repair","Biased Cognition+1","Skim+1","Leap+1","Fission+1","Storm+1","Storm+1","Chill+1","Amplify+1","Cold Snap","Reinforced Body+1","Machine Learning+1","Heatsinks","Transmutation+1","Discovery+1","Hologram+1","Storm+1"],"special_seed":0,"relics":["Cracked Core","NeowsBlessing","SsserpentHead","Bottled Flame","Anchor","Whetstone","Golden Idol","Toxic Egg 2","Cursed Key","Membership Card","Mercury Hourglass","Oddly Smooth Stone","Old Coin","Nuclear Battery","DollysMirror","Omamori","War Paint","Blood Vial","OrangePellets","Gremlin Horn"],"potions_floor_usage":[39,39,48,51,51],"damage_taken":[{"damage":0.0,"enemies":"Cultist","floor":1.0,"turns":1.0},{"damage":0.0,"enemies":"2 Louse","floor":2.0,"turns":1.0},{"damage":0.0,"enemies":"Small Slimes","floor":4.0,"turns":1.0},{"damage":33.0,"enemies":"3 Sentries","floor":6.0,"turns":8.0},{"damage":4.0,"enemies":"Red Slaver","floor":8.0,"turns":4.0},{"damage":0.0,"enemies":"3 Louse","floor":11.0,"turns":3.0},{"damage":2.0,"enemies":"Blue Slaver","floor":12.0,"turns":3.0},{"damage":28.0,"enemies":"The Guardian","floor":16.0,"turns":12.0},{"damage":14.0,"enemies":"3 Byrds","floor":18.0,"turns":4.0},{"damage":11.0,"enemies":"Shell Parasite","floor":19.0,"turns":5.0},{"damage":21.0,"enemies":"3 Cultists","floor":21.0,"turns":5.0},{"damage":11.0,"enemies":"Snecko","floor":25.0,"turns":4.0},{"damage":37.0,"enemies":"Book of Stabbing","floor":27.0,"turns":6.0},{"damage":3.0,"enemies":"Centurion and Healer","floor":29.0,"turns":5.0},{"damage":52.0,"enemies":"Slavers","floor":31.0,"turns":5.0},{"damage":35.0,"enemies":"Champ","floor":33.0,"turns":15.0},{"damage":0,"enemies":"3 Darklings","floor":35,"turns":2},{"damage":0,"enemies":"Orb Walker","floor":38,"turns":2},{"damage":0,"enemies":"Jaw Worm Horde","floor":39,"turns":2},{"damage":4,"enemies":"Giant Head","floor":41,"turns":6},{"damage":0,"enemies":"Spire Growth","floor":42,"turns":2},{"damage":26,"enemies":"Reptomancer","floor":44,"turns":4},{"damage":0,"enemies":"4 Shapes","floor":47,"turns":2},{"damage":0,"enemies":"Jaw Worm Horde","floor":48,"turns":2},{"damage":20,"enemies":"Time Eater","floor":50,"turns":9},{"damage":51,"enemies":"Awakened One","floor":51,"turns":4}],"seed_played":"7510278418532800338","potions_obtained":[{"floor":2.0,"key":"Poison Potion"},{"floor":8.0,"key":"EssenceOfSteel"},{"floor":11.0,"key":"EntropicBrew"},{"floor":19.0,"key":"Fruit Juice"},{"floor":35,"key":"Swift Potion"},{"floor":41,"key":"AttackPotion"},{"floor":48,"key":"SkillPotion"}],"is_trial":false,"path_per_floor":["M","M","?","M","?","E","R","M","T","$","M","M","?","T","R","B",null,"M","M","$","M","?","R","?","M","T","E","R","M","R","E","R","B",null,"M","$","?","M","M","R","E","M","T","E","?","$","M","M","R","B","B",null],"character_chosen":"DEFECT","items_purchased":["Whetstone","Self Repair","Membership Card","Echo Form","Fusion+1","Conserve Battery+1","DollysMirror","Chill+1","Amplify+1","OrangePellets","Heatsinks","Gremlin Horn","Regen Potion","Transmutation+1","Discovery+1","Hologram+1"],"campfire_rested":4,"item_purchase_floors":[10,10,20,20,20,20,36,36,36,46,46,46,46,46,46,46],"current_hp_per_floor":[64,64,53,53,53,20,41,37,37,37,44,49,49,49,49,28,55,41,37,37,23,36,55,55,51,51,21,40,58,58,20,39,30,59,59,59,49,56,69,69,69,69,69,50,50,50,52,61,61,50,34],"gold":211,"neow_bonus":"THREE_ENEMY_KILL","is_prod":false,"is_daily":false,"chose_seed":false,"campfire_upgraded":4,"win_rate":0,"timestamp":1558913265,"path_taken":["M","?","?","M","?","E","R","?","T","$","M","M","?","?","R","BOSS","M","?","$","M","?","R","?","M","T","E","R","M","R","E","R","BOSS","M","$","?","M","?","R","E","M","T","E","?","?","M","M","R","BOSS","BOSS"],"build_version":"2019-01-23","purchased_purges":3,"victory":true,"max_hp_per_floor":[71,71,71,71,71,71,71,71,71,71,71,71,64,64,64,64,64,64,64,64,64,64,64,64,64,64,64,64,64,64,64,64,69,69,69,69,69,69,69,69,69,69,69,69,69,69,69,69,69,69,69],"card_choices":[{"not_picked":["Ball Lightning","Leap"],"picked":"Sunder","floor":1.0},{"not_picked":["Fusion","Genetic Algorithm"],"picked":"Coolheaded","floor":2.0},{"not_picked":["Scrape","Redo"],"picked":"Loop","floor":4.0},{"not_picked":["Force Field","Hologram"],"picked":"Storm","floor":6.0},{"not_picked":["Barrage","Capacitor"],"picked":"Ball Lightning","floor":8.0},{"not_picked":["Leap","Buffer"],"picked":"Glacier","floor":11.0},{"not_picked":["Chill","White Noise"],"picked":"Tempest","floor":12.0},{"not_picked":["Machine Learning","Echo Form"],"picked":"Electrodynamics","floor":16.0},{"not_picked":["White Noise+1","Hello World"],"picked":"Cold Snap","floor":18.0},{"not_picked":["Compile Driver+1","Gash"],"picked":"Hello World","floor":19.0},{"not_picked":["Rebound","Barrage+1"],"picked":"Stack+1","floor":21.0},{"not_picked":["Reprogram+1","Stack+1"],"picked":"Self Repair","floor":25.0},{"not_picked":["Coolheaded+1","Scrape"],"picked":"Biased Cognition","floor":27.0},{"not_picked":["Redo+1","Streamline"],"picked":"Skim+1","floor":29.0},{"not_picked":["Sweeping Beam","Blizzard"],"picked":"Leap+1","floor":31.0},{"not_picked":["Echo Form","Reboot+1"],"picked":"Fission+1","floor":33.0},{"not_picked":["Leap+1","Hologram+1"],"picked":"Storm+1","floor":35},{"not_picked":["Barrage","Beam Cell"],"picked":"Cold Snap","floor":38},{"not_picked":["Steam+1","Rebound"],"picked":"Reinforced Body+1","floor":39},{"not_picked":["FTL","Beam Cell+1"],"picked":"Machine Learning","floor":41},{"not_picked":["Beam Cell+1","Compile Driver+1","Hello World"],"picked":"SKIP","floor":42},{"not_picked":["Go for the Eyes","Consume+1","Streamline"],"picked":"SKIP","floor":44},{"not_picked":["Darkness+1","Turbo+1","Barrage"],"picked":"SKIP","floor":47},{"not_picked":["Steam+1","Amplify+1"],"picked":"Storm+1","floor":48}],"player_experience":802532,"relics_obtained":[{"floor":6.0,"key":"Bottled Flame"},{"floor":9.0,"key":"Anchor"},{"floor":14.0,"key":"Toxic Egg 2"},{"floor":26.0,"key":"Mercury Hourglass"},{"floor":27.0,"key":"Oddly Smooth Stone"},{"floor":31.0,"key":"Old Coin"},{"floor":41,"key":"Omamori"},{"floor":43,"key":"War Paint"},{"floor":44,"key":"Blood Vial"}],"event_choices":[{"damage_healed":0.0,"max_hp_gain":0.0,"max_hp_loss":0.0,"gold_gain":75.0,"event_name":"World of Goop","player_choice":"Gather Gold","floor":3.0,"gold_loss":0.0,"damage_taken":11.0},{"damage_healed":0.0,"max_hp_gain":0.0,"max_hp_loss":0.0,"gold_gain":0.0,"event_name":"FaceTrader","player_choice":"Trade","floor":5.0,"gold_loss":0.0,"damage_taken":0.0,"relics_obtained":["SsserpentHead"]},{"damage_healed":0.0,"max_hp_gain":0.0,"max_hp_loss":7.0,"gold_gain":0.0,"event_name":"Golden Idol","player_choice":"Lose Max HP","floor":13.0,"gold_loss":0.0,"damage_taken":0.0,"relics_obtained":["Golden Idol"]},{"damage_healed":13.0,"max_hp_gain":0.0,"max_hp_loss":0.0,"gold_gain":0.0,"event_name":"The Library","player_choice":"Heal","floor":22.0,"gold_loss":0.0,"damage_taken":0.0},{"damage_healed":0.0,"max_hp_gain":0.0,"max_hp_loss":0.0,"gold_gain":0.0,"event_name":"Ghosts","player_choice":"Ignored","floor":24.0,"gold_loss":0.0,"damage_taken":0.0},{"damage_healed":0,"gold_gain":0,"player_choice":"Damaged","damage_taken":10,"max_hp_gain":0,"max_hp_loss":0,"event_name":"Wheel of Change","floor":37,"gold_loss":0},{"damage_healed":0,"gold_gain":0,"player_choice":"Ignored","damage_taken":0,"max_hp_gain":0,"max_hp_loss":0,"event_name":"Tomb of Lord Red Mask","floor":45,"gold_loss":0}],"is_beta":false,"boss_relics":[{"not_picked":["Black Star","Coffee Dripper"],"picked":"Cursed Key"},{"not_picked":["Pandora\u0027s Box","Lizard Tail"],"picked":"Nuclear Battery"}],"items_purged_floors":[10,36,46],"is_endless":false,"potions_floor_spawned":[2,8,11,19,31,35,41,47,48],"ascension_level":20}