{"gold_per_floor":[118,118,118,137,151,151,170,213,259,191,94,134,52,86,86,182,182,203,217,217,238,259,259,298,298,298,298,148,148,148,168,168,264,264,278,278,296,315,315,348,348,366,366,366,699,62,108,119,119,119],"floor_reached":50,"playtime":2481,"items_purged":["Injury","Strike_R+1"],"score":965,"play_id":"2d67df8f-e328-418a-afa6-10648c44152c","local_time":"20190515193334","is_ascension_mode":true,"campfire_choices":[{"data":"Whirlwind","floor":6,"key":"SMITH"},{"data":"Armaments","floor":15,"key":"SMITH"},{"data":"Offering","floor":23,"key":"SMITH"},{"data":"Spot Weakness","floor":25,"key":"SMITH"},{"data":"Flex","floor":30,"key":"SMITH"},{"floor":32,"key":"REST"},{"floor":41,"key":"REST"},{"floor":44,"key":"REST"},{"floor":49,"key":"REST"}],"neow_cost":"NONE","seed_source_timestamp":157728348061000,"circlet_count":0,"master_deck":["AscendersBane","Strike_R+1","Strike_R+1","Strike_R+1","Defend_R+1","Defend_R+1","Defend_R+1","Defend_R+1","Bash+1","Spot Weakness+1","Sword Boomerang+1","Whirlwind+1","Offering+1","Anger","Shrug It Off","Flame Barrier","Bludgeon+1","Armaments+1","Barricade","Headbutt","Bloodletting","Clothesline","Inflame+1","Clash+1","Flex+1","Metallicize+1","Berserk","Uppercut","Madness","Madness","Metallicize","Fire Breathing","Fire Breathing","Rupture","Reaper","Inflame+1","Intimidate+1"],"relics":["Burning Blood","NeowsBlessing","Meat on the Bone","Whetstone","PreservedInsect","Odd Mushroom","Snecko Eye","Ancient Tea Set","FossilizedHelix","White Beast Statue","Blue Candle","Omamori","Bronze Scales","Charon\u0027s Ashes","Mango"],"potions_floor_usage":[19,20,21,21,24,31,38,40,40,47,50,50],"damage_taken":[{"damage":0,"enemies":"Jaw Worm","floor":1,"turns":1},{"damage":0,"enemies":"Small Slimes","floor":4,"turns":1},{"damage":0,"enemies":"Cultist","floor":5,"turns":1},{"damage":17,"enemies":"Looter","floor":7,"turns":3},{"damage":58,"enemies":"Lagavulin","floor":8,"turns":7},{"damage":11,"enemies":"3 Sentries","floor":12,"turns":5},{"damage":4,"enemies":"The Mushroom Lair","floor":14,"turns":4},{"damage":56,"enemies":"Slime Boss","floor":16,"turns":9},{"damage":2,"enemies":"Chosen","floor":18,"turns":4},{"damage":16,"enemies":"Spheric Guardian","floor":19,"turns":4},{"damage":34,"enemies":"Centurion and Healer","floor":21,"turns":6},{"damage":10,"enemies":"3 Cultists","floor":22,"turns":5},{"damage":6,"enemies":"Book of Stabbing","floor":24,"turns":2},{"damage":15,"enemies":"Shelled Parasite and Fungi","floor":31,"turns":3},{"damage":51,"enemies":"Champ","floor":33,"turns":10},{"damage":33,"enemies":"Orb Walker","floor":35,"turns":5},{"damage":10,"enemies":"3 Shapes","floor":37,"turns":9},{"damage":0,"enemies":"Maw","floor":38,"turns":10},{"damage":52,"enemies":"Reptomancer","floor":40,"turns":6},{"damage":42,"enemies":"4 Shapes","floor":42,"turns":7},{"damage":60,"enemies":"2 Orb Walkers","floor":47,"turns":6},{"damage":33,"enemies":"Sphere and 2 Shapes","floor":48,"turns":5},{"damage":76,"enemies":"Donu and Deca","floor":50,"turns":6}],"seed_played":"-4210761137636601692","potions_obtained":[{"floor":5,"key":"FairyPotion"},{"floor":8,"key":"Ancient Potion"},{"floor":14,"key":"FairyPotion"},{"floor":16,"key":"GamblersBrew"},{"floor":19,"key":"Dexterity Potion"},{"floor":20,"key":"Fruit Juice"},{"floor":20,"key":"EntropicBrew"},{"floor":35,"key":"Explosive Potion"},{"floor":37,"key":"SkillPotion"},{"floor":38,"key":"Explosive Potion"},{"floor":40,"key":"Dexterity Potion"},{"floor":42,"key":"SkillPotion"},{"floor":47,"key":"Weak Potion"},{"floor":48,"key":"Energy Potion"}],"is_trial":false,"path_per_floor":["M","?","?","M","M","R","M","E","T","?","$","E","$","?","R","B",null,"M","M","?","M","M","R","E","R","T","?","$","?","R","M","R","B",null,"M","?","M","M","?","E","R","M","T","R","?","$","?","M","R","B"],"character_chosen":"IRONCLAD","items_purchased":["Shrug It Off","Bludgeon","Flex","Rupture","Bronze Scales","Charon\u0027s Ashes","Reaper"],"campfire_rested":4,"item_purchase_floors":[11,13,28,46,46,46,46],"current_hp_per_floor":[74,74,74,75,75,75,64,12,12,12,12,19,19,33,33,25,63,67,57,62,46,54,54,54,54,54,54,54,54,54,57,80,47,72,57,43,51,57,57,23,47,23,23,47,47,47,41,26,54,0],"gold":119,"neow_bonus":"THREE_ENEMY_KILL","is_prod":false,"is_daily":false,"chose_seed":false,"campfire_upgraded":5,"win_rate":0,"timestamp":1557941614,"path_taken":["M","?","?","M","?","R","M","E","T","?","$","E","?","?","R","BOSS","M","M","?","?","M","R","E","R","T","?","$","?","R","M","R","BOSS","M","?","M","M","?","E","R","M","T","R","?","$","?","M","R","BOSS"],"build_version":"2019-01-23","purchased_purges":2,"victory":false,"max_hp_per_floor":[75,75,75,75,75,75,75,75,75,75,75,75,75,75,75,75,75,75,75,80,80,80,80,80,80,80,80,80,80,80,80,80,80,80,80,80,80,80,80,80,80,80,80,80,80,80,94,94,94,94],"card_choices":[{"not_picked":["Armaments","Metallicize"],"picked":"Spot Weakness","floor":1},{"not_picked":["Perfected Strike","Rupture"],"picked":"Sword Boomerang","floor":4},{"not_picked":["Burning Pact","Perfected Strike"],"picked":"Whirlwind","floor":5},{"not_picked":["Flex","Seeing Red"],"picked":"Offering","floor":7},{"not_picked":["Pummel","Rampage"],"picked":"Anger","floor":8},{"not_picked":["Spot Weakness","Pommel Strike"],"picked":"Flame Barrier","floor":12},{"not_picked":["Pommel Strike","Clothesline"],"picked":"Armaments","floor":14},{"not_picked":["Bludgeon","Dark Embrace"],"picked":"Barricade","floor":16},{"not_picked":["Flex","Armaments"],"picked":"Headbutt","floor":18},{"not_picked":["Havoc","Cleave"],"picked":"Bloodletting","floor":19},{"not_picked":["Dropkick+1","True Grit"],"picked":"Clothesline","floor":21},{"not_picked":["Thunderclap","Perfected Strike"],"picked":"Inflame+1","floor":22},{"not_picked":["Dual Wield","Heavy Blade"],"picked":"Clash+1","floor":24},{"not_picked":["Flex","Iron Wave"],"picked":"Metallicize+1","floor":31},{"not_picked":["Brutality","Barricade"],"picked":"Berserk","floor":33},{"not_picked":["Sword Boomerang","True Grit"],"picked":"Uppercut","floor":35},{"not_picked":["Perfected Strike","Havoc+1"],"picked":"Metallicize","floor":37},{"not_picked":["Clothesline","Armaments","Twin Strike"],"picked":"SKIP","floor":38},{"not_picked":["Shrug It Off","Flex"],"picked":"Fire Breathing","floor":40},{"not_picked":["Whirlwind","Thunderclap"],"picked":"Fire Breathing","floor":42},{"not_picked":["Seeing Red","True Grit+1"],"picked":"Inflame+1","floor":47},{"not_picked":["Shrug It Off","Sword Boomerang"],"picked":"Intimidate+1","floor":48}],"player_experience":1094787,"relics_obtained":[{"floor":8,"key":"Meat on the Bone"},{"floor":9,"key":"Whetstone"},{"floor":12,"key":"PreservedInsect"},{"floor":14,"key":"Odd Mushroom"},{"floor":24,"key":"Ancient Tea Set"},{"floor":26,"key":"FossilizedHelix"},{"floor":40,"key":"Blue Candle"},{"floor":43,"key":"Omamori"},{"floor":47,"key":"Mango"}],"event_choices":[{"damage_healed":0,"gold_gain":0,"player_choice":"Take Wound","damage_taken":0,"relics_obtained":["Golden Idol"],"max_hp_gain":0,"max_hp_loss":0,"event_name":"Golden Idol","floor":2,"gold_loss":0,"cards_obtained":["Injury"]},{"damage_healed":0,"gold_gain":0,"player_choice":"Upgraded","damage_taken":0,"max_hp_gain":0,"max_hp_loss":0,"event_name":"Upgrade Shrine","floor":3,"gold_loss":0,"cards_upgraded":["Bash"]},{"damage_healed":0,"gold_gain":0,"player_choice":"Left Gold","damage_taken":0,"max_hp_gain":0,"max_hp_loss":0,"event_name":"World of Goop","floor":10,"gold_loss":68},{"damage_healed":0,"gold_gain":0,"player_choice":"Fought Mushrooms","damage_taken":0,"max_hp_gain":0,"max_hp_loss":0,"event_name":"Mushrooms","floor":14,"gold_loss":0},{"damage_healed":0,"gold_gain":0,"player_choice":"Got Potions","damage_taken":0,"max_hp_gain":0,"max_hp_loss":0,"event_name":"Lab","floor":20,"gold_loss":0},{"damage_healed":0,"gold_gain":0,"player_choice":"Simplicity","damage_taken":0,"max_hp_gain":0,"max_hp_loss":0,"event_name":"Back to Basics","floor":27,"gold_loss":0,"cards_upgraded":["Strike_R","Strike_R","Strike_R","Strike_R","Defend_R","Defend_R","Defend_R","Defend_R"]},{"damage_healed":0,"gold_gain":0,"player_choice":"Upgraded","damage_taken":0,"max_hp_gain":0,"max_hp_loss":0,"event_name":"Upgrade Shrine","floor":29,"gold_loss":0,"cards_upgraded":["Bludgeon"]},{"damage_healed":0,"gold_gain":0,"player_choice":"Embrace Madness","damage_taken":14,"max_hp_gain":0,"max_hp_loss":0,"event_name":"Winding Halls","floor":36,"gold_loss":0,"cards_obtained":["Madness","Madness"]},{"cards_removed":["Strike_R"],"damage_healed":0,"gold_gain":0,"player_choice":"Removed Attack","damage_taken":0,"max_hp_gain":0,"max_hp_loss":0,"event_name":"Falling","floor":39,"gold_loss":0},{"damage_healed":0,"gold_gain":333,"player_choice":"Gave Idol","damage_taken":0,"max_hp_gain":0,"max_hp_loss":0,"event_name":"The Moai Head","floor":45,"relics_lost":["Golden Idol"],"gold_loss":0},{"damage_healed":0,"gold_gain":0,"player_choice":"Fight","damage_taken":0,"max_hp_gain":0,"max_hp_loss":0,"event_name":"Mysterious Sphere","floor":47,"gold_loss":0}],"is_beta":false,"boss_relics":[{"not_picked":["Runic Cube","Lizard Tail"],"picked":"Snecko Eye"},{"not_picked":["Runic Dome","Velvet Choker"],"picked":"White Beast Statue"}],"items_purged_floors":[11,28],"is_endless":false,"potions_floor_spawned":[5,8,14,16,19,22,35,37,38,40,42,47,48],"killed_by":"Donu and Deca","ascension_level":15}