{"gold_per_floor":[119,194,35,51,67,98,117,145,182,194,206],"floor_reached":11,"playtime":881,"items_purged":[],"score":133,"play_id":"1f28f5f5-5e5a-4c63-bed7-fdd774050764","local_time":"20181030185744","is_ascension_mode":true,"campfire_choices":[{"floor":10,"key":"REST"}],"neow_cost":"NONE","seed_source_timestamp":209629533414728,"circlet_count":0,"master_deck":["Defend_G","Defend_G","Defend_G","Defend_G","Defend_G","Strike_G","Strike_G","Strike_G","Strike_G","Strike_G","Survivor","Neutralize","AscendersBane","Flying Knee","Noxious Fumes","Leg Sweep","Deadly Poison","Crippling Poison","Backflip","Quick Slash","Catalyst","Dodge and Roll"],"relics":["Black Star","Question Card","Darkstone Periapt","Snake Skull","MawBank","Smiling Mask"],"potions_floor_usage":[8,11],"damage_taken":[{"damage":1,"enemies":"Small Slimes","floor":1,"turns":6},{"damage":0,"enemies":"Cultist","floor":4,"turns":4},{"damage":5,"enemies":"Jaw Worm","floor":5,"turns":4},{"damage":24,"enemies":"Lagavulin","floor":6,"turns":9},{"damage":17,"enemies":"Gremlin Gang","floor":7,"turns":5},{"damage":7,"enemies":"3 Sentries","floor":8,"turns":7},{"damage":41,"enemies":"Gremlin Nob","floor":11,"turns":4}],"seed_played":"-8172100110250267518","potions_obtained":[{"floor":4,"key":"LiquidBronze"},{"floor":5,"key":"Energy Potion"},{"floor":6,"key":"GhostInAJar"}],"is_trial":false,"path_per_floor":["M","?","$","M","M","E","M","E","T","R"],"character_chosen":"THE_SILENT","items_purchased":["Noxious Fumes","Leg Sweep","Deadly Poison"],"campfire_rested":1,"item_purchase_floors":[3,3,3],"current_hp_per_floor":[62,55,55,55,50,26,9,2,2,23,0],"gold":206,"neow_bonus":"BOSS_RELIC","is_prod":false,"is_daily":false,"chose_seed":false,"campfire_upgraded":0,"win_rate":0,"timestamp":1540925864,"path_taken":["M","?","$","M","?","E","M","E","T","R","E"],"build_version":"2018-10-25v2","purchased_purges":0,"victory":false,"max_hp_per_floor":[70,70,70,70,70,70,70,70,70,70,70],"card_choices":[{"not_picked":["Dagger Spray","Finisher"],"picked":"Flying Knee","floor":1},{"not_picked":["Blade Dance","Leg Sweep"],"picked":"Crippling Poison","floor":4},{"not_picked":["Caltrops","Sucker Punch"],"picked":"Backflip","floor":5},{"not_picked":["Underhanded Strike","Sucker Punch"],"picked":"Quick Slash","floor":6},{"not_picked":["Heel Hook","Underhanded Strike","Choke"],"picked":"Catalyst","floor":7},{"not_picked":["Deflect","Outmaneuver","Flying Knee"],"picked":"Dodge and Roll","floor":8}],"player_experience":940285,"relics_obtained":[{"floor":6,"key":"Question Card"},{"floor":6,"key":"Darkstone Periapt"},{"floor":8,"key":"Snake Skull"},{"floor":8,"key":"MawBank"},{"floor":9,"key":"Smiling Mask"}],"event_choices":[{"damage_healed":0,"gold_gain":75,"player_choice":"Touch","damage_taken":7,"max_hp_gain":0,"max_hp_loss":0,"event_name":"FaceTrader","floor":2,"gold_loss":0}],"is_beta":false,"boss_relics":[],"items_purged_floors":[],"is_endless":false,"potions_floor_spawned":[4,5,6],"killed_by":"Gremlin Nob","ascension_level":12}