{"gold_per_floor":[112,124,124,137,137,167,167,187,187,187,199,199,224,224,224,224],"floor_reached":16,"playtime":507,"items_purged":[],"score":209,"play_id":"4cd86aa3-e71b-4132-b79b-480b87b53c33","local_time":"20190807203331","is_ascension_mode":true,"campfire_choices":[{"data":"Whirlwind","floor":7,"key":"SMITH"},{"data":"Armaments","floor":10,"key":"SMITH"},{"data":"Shrug It Off","floor":12,"key":"SMITH"},{"data":"Uppercut","floor":15,"key":"SMITH"}],"neow_cost":"NONE","seed_source_timestamp":445044574466300,"circlet_count":0,"master_deck":["AscendersBane","Strike_R","Strike_R","Strike_R","Strike_R","Defend_R","Defend_R","Defend_R","Defend_R","Bash","Whirlwind+1","Shrug It Off+1","Thunderclap","Warcry","Armaments+1","Feel No Pain+1","Uppercut+1","Reaper"],"special_seed":0,"relics":["Burning Blood","Centennial Puzzle","Matryoshka","Anchor","Happy Flower","Frozen Egg 2","Du-Vu Doll"],"potions_floor_usage":[6,6,16],"damage_taken":[{"damage":6.0,"enemies":"Cultist","floor":1.0,"turns":3.0},{"damage":14.0,"enemies":"Jaw Worm","floor":2.0,"turns":3.0},{"damage":1.0,"enemies":"Small Slimes","floor":4.0,"turns":4.0},{"damage":20,"enemies":"Gremlin Nob","floor":6,"turns":4},{"damage":6,"enemies":"Blue Slaver","floor":8,"turns":5},{"damage":0,"enemies":"Looter","floor":11,"turns":4},{"damage":9,"enemies":"3 Sentries","floor":13,"turns":8},{"damage":57,"enemies":"Slime Boss","floor":16,"turns":8}],"seed_played":"4060024844227151261","potions_obtained":[{"floor":1.0,"key":"Explosive Potion"},{"floor":2.0,"key":"Block Potion"},{"floor":6,"key":"Explosive Potion"}],"is_trial":false,"path_per_floor":["M","M","$","M","?","E","R","M","T","R","M","R","E","?","R","B"],"character_chosen":"IRONCLAD","items_purchased":[],"campfire_rested":0,"item_purchase_floors":[],"current_hp_per_floor":[68,60,60,65,54,40,40,40,40,40,46,46,43,43,43,0],"gold":224,"neow_bonus":"RANDOM_COMMON_RELIC","is_prod":false,"is_daily":false,"chose_seed":false,"campfire_upgraded":4,"win_rate":0,"timestamp":1565202811,"path_taken":["M","M","$","?","?","E","R","M","T","R","M","R","E","?","R","BOSS"],"build_version":"2019-07-17","purchased_purges":0,"victory":false,"max_hp_per_floor":[75,75,75,75,75,75,75,75,75,75,75,75,75,75,75,75],"card_choices":[{"not_picked":["True Grit","Pommel Strike"],"picked":"Whirlwind","floor":1.0},{"not_picked":["Pommel Strike","Sword Boomerang"],"picked":"Shrug It Off","floor":2.0},{"not_picked":["Sword Boomerang","Body Slam"],"picked":"Thunderclap","floor":4.0},{"not_picked":["Searing Blow","Havoc"],"picked":"Warcry","floor":6},{"not_picked":["Perfected Strike","Hemokinesis"],"picked":"Armaments","floor":8},{"not_picked":["Flex","Thunderclap"],"picked":"Feel No Pain+1","floor":11},{"not_picked":["Clash","Heavy Blade"],"picked":"Uppercut","floor":13}],"player_experience":1806728,"relics_obtained":[{"floor":6,"key":"Anchor"},{"floor":9,"key":"Happy Flower"},{"floor":9,"key":"Frozen Egg 2"},{"floor":13,"key":"Du-Vu Doll"}],"event_choices":[{"damage_healed":0,"gold_gain":0,"player_choice":"Success","damage_taken":11,"relics_obtained":["Matryoshka"],"max_hp_gain":0,"max_hp_loss":0,"event_name":"Scrap Ooze","floor":5,"gold_loss":0},{"damage_healed":0,"gold_gain":0,"cards_transformed":["Strike_R"],"player_choice":"Change","damage_taken":0,"max_hp_gain":0,"max_hp_loss":0,"event_name":"Living Wall","floor":14,"gold_loss":0,"cards_obtained":["Reaper"]}],"is_beta":false,"boss_relics":[],"items_purged_floors":[],"is_endless":false,"potions_floor_spawned":[1,2,6],"killed_by":"Slime Boss","ascension_level":18}