{"gold_per_floor":[115,40,57,57,67,67,97,97,97,97,107,107,124,35,35,140,190,207,207,11,11,27,27,38,52,52,52,67,67,67,77,77,178,178,194,194,213,1212,445,474,474,504,531,531,531,549,179,179,179,179],"floor_reached":50,"playtime":2596,"items_purged":["Normality","Normality"],"score":873,"play_id":"ea3d6b21-4ec6-4ed0-9294-c49625c5a911","local_time":"20180816013103","is_ascension_mode":true,"campfire_choices":[{"data":"Neutralize","floor":6,"key":"SMITH"},{"data":"Infinite Blades","floor":8,"key":"SMITH"},{"data":"Infinite Blades","floor":15,"key":"SMITH"},{"floor":23,"key":"REST"},{"data":"Malaise","floor":30,"key":"SMITH"},{"data":"Finisher","floor":32,"key":"SMITH"},{"floor":41,"key":"REST"},{"floor":45,"key":"REST"},{"floor":49,"key":"REST"}],"neow_cost":"NONE","seed_source_timestamp":608735870903406,"circlet_count":0,"master_deck":["Defend_G","Defend_G","Defend_G","Defend_G","Defend_G","Survivor","Neutralize+1","Footwork","Skewer+1","Infinite Blades+1","Slice+1","Accuracy","Infinite Blades","Finisher+1","Infinite Blades+1","PiercingWail","Malaise+1","Backflip","Bite","Bite","Bite","Bite","Bite","Poisoned Stab+1","Crippling Poison+1","Accuracy+1","Corpse Explosion","Blade Dance+1","Writhe","Crippling Poison+1","Backflip+1","Normality"],"relics":["Ring of the Snake","Centennial Puzzle","Mummified Hand","Blue Candle","GremlinMask","Tiny House","ClockworkSouvenir","Bronze Scales","WristBlade","Shuriken","Pear","Medical Kit","Bottled Lightning","Pen Nib","Snake Skull","Potion Belt","Du-Vu Doll"],"potions_floor_usage":[7,10,25,28,33,33,33,35,50,50,50,50,50],"damage_taken":[{"damage":0,"enemies":"2 Louse","floor":1,"turns":2},{"damage":0,"enemies":"Jaw Worm","floor":3,"turns":6},{"damage":0,"enemies":"Small Slimes","floor":5,"turns":4},{"damage":13,"enemies":"3 Sentries","floor":7,"turns":9},{"damage":0,"enemies":"Exordium Thugs","floor":10,"turns":1},{"damage":6,"enemies":"Lots of Slimes","floor":11,"turns":5},{"damage":4,"enemies":"Looter","floor":13,"turns":3},{"damage":0,"enemies":"Slime Boss","floor":16,"turns":6},{"damage":9,"enemies":"Shell Parasite","floor":18,"turns":5},{"damage":12,"enemies":"Spheric Guardian","floor":22,"turns":4},{"damage":13,"enemies":"Centurion and Healer","floor":24,"turns":5},{"damage":9,"enemies":"Cultist and Chosen","floor":25,"turns":5},{"damage":7,"enemies":"Sentry and Sphere","floor":28,"turns":4},{"damage":2,"enemies":"Chosen and Byrds","floor":31,"turns":5},{"damage":54,"enemies":"Collector","floor":33,"turns":8},{"damage":31,"enemies":"3 Darklings","floor":35,"turns":2},{"damage":3,"enemies":"Flame Bruiser 1 Orb","floor":37,"turns":5},{"damage":22,"enemies":"Giant Head","floor":40,"turns":6},{"damage":25,"enemies":"2 Orb Walkers","floor":42,"turns":3},{"damage":1,"enemies":"3 Darklings","floor":46,"turns":2},{"damage":101,"enemies":"Awakened One","floor":50,"turns":7}],"seed_played":"6009525745726626474","potions_obtained":[{"floor":1,"key":"SmokeBomb"},{"floor":3,"key":"GamblersBrew"},{"floor":5,"key":"PowerPotion"},{"floor":13,"key":"EntropicBrew"},{"floor":17,"key":"GamblersBrew"},{"floor":25,"key":"SkillPotion"},{"floor":33,"key":"SkillPotion"},{"floor":35,"key":"Weak Potion"},{"floor":42,"key":"Fire Potion"}],"is_trial":false,"path_per_floor":["M","$","M","?","M","R","E","R","T","M","M","?","M","$","R","B",null,"M","?","$","?","M","R","M","M","T","?","M","$","R","M","R","B",null,"M","?","M","?","$","E","R","E","T","?","R","M","$","?","R"],"character_chosen":"THE_SILENT","items_purchased":["Skewer","Infinite Blades","PiercingWail","ClockworkSouvenir","Shuriken","Pear","Medical Kit","Potion Belt","Regen Potion","Energy Potion"],"campfire_rested":4,"item_purchase_floors":[2,14,14,20,39,39,39,47,47,47],"current_hp_per_floor":[63,63,63,63,63,63,50,50,50,50,44,44,40,40,40,40,68,59,52,52,44,36,53,48,45,45,45,44,44,44,52,52,5,44,13,27,34,34,44,30,50,27,27,27,47,48,48,48,67,0],"gold":179,"neow_bonus":"RANDOM_COMMON_RELIC","is_prod":false,"is_daily":false,"chose_seed":false,"campfire_upgraded":5,"win_rate":0,"timestamp":1534379463,"path_taken":["M","$","M","?","M","R","E","R","T","?","?","?","?","?","R","BOSS","M","?","$","?","M","R","M","M","T","?","M","$","R","?","R","BOSS","M","?","M","?","$","E","R","E","T","?","R","?","$","?","R","BOSS"],"build_version":"2018-08-09","purchased_purges":2,"victory":false,"max_hp_per_floor":[70,70,70,70,70,70,70,70,70,70,70,70,70,70,70,70,75,75,52,52,57,57,57,57,57,57,57,57,57,57,57,57,57,57,57,57,57,57,67,67,67,67,67,67,67,67,67,67,67,67],"card_choices":[{"not_picked":["Deflect","Dagger Throw"],"picked":"Footwork","floor":1},{"not_picked":["Skewer","Sucker Punch"],"picked":"Infinite Blades","floor":3},{"not_picked":["All Out Attack","Deflect"],"picked":"Slice","floor":5},{"not_picked":["Predator","Bane"],"picked":"Accuracy","floor":7},{"not_picked":["Predator","Prepared"],"picked":"Infinite Blades","floor":11},{"not_picked":["Reflex","Flying Knee"],"picked":"Finisher","floor":13},{"not_picked":["Tools of the Trade","Grand Finale"],"picked":"Malaise","floor":16},{"not_picked":["Dagger Spray","Poisoned Stab+1"],"picked":"Backflip","floor":18},{"not_picked":["Deadly Poison","Blade Dance","Underhanded Strike+1"],"picked":"SKIP","floor":22},{"not_picked":["Slice","Backflip","Wraith Form v2"],"picked":"SKIP","floor":24},{"not_picked":["Predator+1","Dagger Throw"],"picked":"Poisoned Stab+1","floor":25},{"not_picked":["Blade Dance","Prepared+1"],"picked":"Crippling Poison+1","floor":28},{"not_picked":["Dodge and Roll","Dagger Spray+1"],"picked":"Accuracy+1","floor":31},{"not_picked":["Storm of Steel","Tools of the Trade"],"picked":"Corpse Explosion","floor":33},{"not_picked":["Sucker Punch","Concentrate+1"],"picked":"Blade Dance+1","floor":35},{"not_picked":["Acrobatics","Concentrate"],"picked":"Crippling Poison+1","floor":37},{"not_picked":["Underhanded Strike+1","Acrobatics+1"],"picked":"Backflip+1","floor":40},{"not_picked":["Underhanded Strike+1","Deflect+1","Sucker Punch+1"],"picked":"SKIP","floor":42},{"not_picked":["Cloak And Dagger","Doppelganger","Leg Sweep"],"picked":"SKIP","floor":46}],"player_experience":576209,"relics_obtained":[{"floor":7,"key":"Mummified Hand"},{"floor":9,"key":"Blue Candle"},{"floor":26,"key":"Bronze Scales"},{"floor":40,"key":"Bottled Lightning"},{"floor":42,"key":"Pen Nib"},{"floor":43,"key":"Snake Skull"}],"event_choices":[{"event_name":"Living Wall","player_choice":"Grow","floor":4,"damage_taken":0},{"event_name":"FaceTrader","player_choice":"Trade","floor":12,"damage_taken":0},{"event_name":"Vampires","player_choice":"Became a vampire","floor":19,"damage_taken":0},{"event_name":"Forgotten Altar","player_choice":"Shed Blood","floor":21,"damage_taken":0},{"event_name":"Cursed Tome","player_choice":"Ignored","floor":27,"damage_taken":0},{"event_name":"Winding Halls","player_choice":"Writhe","floor":36,"damage_taken":0},{"event_name":"MindBloom","player_choice":"Gold","floor":38,"damage_taken":0},{"event_name":"Mysterious Sphere","player_choice":"Ignore","floor":44,"damage_taken":0},{"event_name":"Accursed Blacksmith","player_choice":"Rummage","floor":48,"damage_taken":0}],"is_beta":false,"boss_relics":[{"not_picked":["Orrery","Philosopher\u0027s Stone"],"picked":"Tiny House"},{"not_picked":["Fusion Hammer","Calling Bell"],"picked":"WristBlade"}],"items_purged_floors":[39,47],"is_endless":false,"potions_floor_spawned":[1,3,5,10,13,24,25,33,35,42],"killed_by":"Awakened One","ascension_level":9}