{"gold_per_floor":[116,131,141,191,191,191,204,235,261,261,261,2,2,22,22,96,96,36,36,36,36,36,36,36,36,36,36,36,36,36,36,36,36,36,36,36,36,36,36,36,36,36,36,36,36,36,36,36,36,36],"floor_reached":51,"playtime":2292,"items_purged":["Strike_R"],"score":1415,"play_id":"03e01e95-3caa-4550-af13-d24595498508","local_time":"20181022182859","is_ascension_mode":true,"campfire_choices":[{"data":"Searing Blow","floor":6,"key":"SMITH"},{"data":"Searing Blow+1","floor":10,"key":"SMITH"},{"data":"Searing Blow+3","floor":13,"key":"SMITH"},{"data":"Searing Blow+4","floor":15,"key":"SMITH"},{"data":"Searing Blow+5","floor":23,"key":"SMITH"},{"data":"Apotheosis","floor":25,"key":"SMITH"},{"data":"Searing Blow+6","floor":27,"key":"SMITH"},{"data":"Searing Blow+7","floor":29,"key":"SMITH"},{"data":"Searing Blow+8","floor":32,"key":"SMITH"},{"data":"Searing Blow+9","floor":40,"key":"SMITH"},{"data":"Searing Blow+11","floor":47,"key":"SMITH"},{"data":"Searing Blow+12","floor":49,"key":"SMITH"}],"neow_cost":"NONE","seed_source_timestamp":50810292674405,"circlet_count":0,"master_deck":["Strike_R","Strike_R","Strike_R","Strike_R","Defend_R+1","Defend_R","Defend_R","Defend_R","Bash","AscendersBane","Iron Wave","Perfected Strike","Sword Boomerang","Searing Blow+13","Shrug It Off+1","Clothesline","Apotheosis+1","Impervious","Entrench+1","Shrug It Off","Armaments","Warcry+1","Headbutt+1","Juggernaut","Evolve","True Grit","Thunderclap","Armaments"],"relics":["Burning Blood","Ancient Tea Set","Bag of Marbles","Ectoplasm","Smiling Mask","Pear","Blood Vial","Lizard Tail","Potion Belt","Thread and Needle","War Paint"],"potions_floor_usage":[8,28,41,41,41,41,48,50,50,50],"damage_taken":[{"damage":6,"enemies":"Jaw Worm","floor":1,"turns":4},{"damage":0,"enemies":"Cultist","floor":2,"turns":2},{"damage":4,"enemies":"Small Slimes","floor":3,"turns":3},{"damage":10,"enemies":"3 Louse","floor":7,"turns":3},{"damage":28,"enemies":"Gremlin Nob","floor":8,"turns":4},{"damage":0,"enemies":"Exordium Wildlife","floor":14,"turns":2},{"damage":34,"enemies":"Slime Boss","floor":16,"turns":11},{"damage":6,"enemies":"2 Thieves","floor":18,"turns":4},{"damage":45,"enemies":"Colosseum Slavers","floor":19,"turns":7},{"damage":11,"enemies":"Spheric Guardian","floor":21,"turns":4},{"damage":14,"enemies":"Slavers","floor":24,"turns":6},{"damage":10,"enemies":"Book of Stabbing","floor":28,"turns":5},{"damage":0,"enemies":"Centurion and Healer","floor":31,"turns":3},{"damage":42,"enemies":"Champ","floor":33,"turns":9},{"damage":7,"enemies":"Orb Walker","floor":35,"turns":3},{"damage":10,"enemies":"3 Shapes","floor":37,"turns":4},{"damage":9,"enemies":"Sphere and 2 Shapes","floor":39,"turns":5},{"damage":59,"enemies":"Reptomancer","floor":41,"turns":4},{"damage":10,"enemies":"Writhing Mass","floor":42,"turns":3},{"damage":0,"enemies":"Maw","floor":46,"turns":6},{"damage":15,"enemies":"3 Darklings","floor":48,"turns":7},{"damage":0,"enemies":"Donu and Deca","floor":50,"turns":6}],"seed_played":"-8843240051842867959","potions_obtained":[{"floor":3,"key":"SpeedPotion"},{"floor":7,"key":"Strength Potion"},{"floor":21,"key":"Dexterity Potion"},{"floor":31,"key":"EntropicBrew"},{"floor":39,"key":"FearPotion"},{"floor":42,"key":"Regen Potion"},{"floor":48,"key":"PowerPotion"}],"is_trial":false,"path_per_floor":["M","M","M","?","?","R","M","E","T","R","?","$","R","M","R","B",null,"M","?","?","M","$","R","E","R","T","R","E","R","?","M","R","B",null,"M","$","M","T","M","R","E","M","T","?","?","M","R","M","R","B"],"character_chosen":"IRONCLAD","items_purchased":["Apotheosis"],"campfire_rested":0,"item_purchase_floors":[12],"current_hp_per_floor":[68,74,75,75,80,80,76,54,54,54,54,54,54,60,60,32,68,68,29,80,75,75,75,67,67,77,77,73,73,73,81,81,47,79,80,80,78,78,77,77,26,24,24,24,24,32,32,37,37,45],"gold":36,"neow_bonus":"THREE_CARDS","is_prod":false,"is_daily":false,"chose_seed":false,"campfire_upgraded":12,"win_rate":0,"timestamp":1540229339,"path_taken":["M","M","M","?","?","R","?","E","T","R","?","?","R","M","R","BOSS","M","?","?","M","$","R","E","R","T","R","E","R","?","M","R","BOSS","M","?","?","?","M","R","E","M","T","?","?","?","R","M","R","BOSS"],"build_version":"2018-10-18","purchased_purges":1,"victory":true,"max_hp_per_floor":[75,75,75,75,80,80,80,80,80,80,80,80,80,80,80,80,80,80,80,80,80,80,80,80,80,90,90,90,90,90,90,90,90,90,90,90,90,90,90,90,90,90,90,90,90,90,90,90,90,90],"card_choices":[{"not_picked":["Havoc","Disarm"],"picked":"Iron Wave","floor":0},{"not_picked":["Iron Wave","Shrug It Off"],"picked":"Perfected Strike","floor":1},{"not_picked":["Iron Wave","Sever Soul"],"picked":"Sword Boomerang","floor":2},{"not_picked":["Sword Boomerang","Heavy Blade"],"picked":"Searing Blow","floor":3},{"not_picked":["Pummel","Thunderclap"],"picked":"Shrug It Off","floor":7},{"not_picked":["Iron Wave","Dual Wield"],"picked":"Clothesline","floor":8},{"not_picked":["Heavy Blade","Headbutt"],"picked":"Dual Wield","floor":14},{"not_picked":["Demon Form","Juggernaut"],"picked":"Impervious","floor":16},{"not_picked":["Clash","Thunderclap"],"picked":"Entrench+1","floor":18},{"not_picked":["Hemokinesis","Iron Wave"],"picked":"Shrug It Off","floor":21},{"not_picked":["Bludgeon","Feel No Pain"],"picked":"Armaments","floor":24},{"not_picked":["Immolate","Offering"],"picked":"Warcry+1","floor":28},{"not_picked":["Reckless Charge","Sword Boomerang"],"picked":"Headbutt+1","floor":31},{"not_picked":["Dark Embrace","Limit Break"],"picked":"Juggernaut","floor":33},{"not_picked":["Clash","Cleave"],"picked":"Evolve","floor":35},{"not_picked":["Cleave","Carnage","Clothesline+1"],"picked":"SKIP","floor":37},{"not_picked":["Body Slam","Warcry"],"picked":"True Grit","floor":39},{"not_picked":["Bludgeon","Combust"],"picked":"Thunderclap","floor":41},{"not_picked":["Wild Strike","Reckless Charge+1","Thunderclap"],"picked":"SKIP","floor":42},{"not_picked":["Second Wind","Warcry","Dropkick"],"picked":"SKIP","floor":46},{"not_picked":["Disarm","Fire Breathing+1"],"picked":"Armaments","floor":48}],"player_experience":902836,"relics_obtained":[{"floor":8,"key":"Ancient Tea Set"},{"floor":9,"key":"Bag of Marbles"},{"floor":24,"key":"Smiling Mask"},{"floor":26,"key":"Pear"},{"floor":28,"key":"Blood Vial"},{"floor":38,"key":"Potion Belt"},{"floor":41,"key":"Thread and Needle"},{"floor":43,"key":"War Paint"}],"event_choices":[{"damage_healed":0,"gold_gain":100,"player_choice":"Pray","damage_taken":0,"max_hp_gain":0,"max_hp_loss":0,"event_name":"Golden Shrine","floor":4,"gold_loss":0},{"damage_healed":0,"gold_gain":0,"player_choice":"Donut","damage_taken":0,"max_hp_gain":5,"max_hp_loss":0,"event_name":"Big Fish","floor":5,"gold_loss":0},{"damage_healed":0,"gold_gain":0,"player_choice":"Grow","damage_taken":0,"max_hp_gain":0,"max_hp_loss":0,"event_name":"Living Wall","floor":11,"gold_loss":0,"cards_upgraded":["Searing Blow"]},{"damage_healed":0,"gold_gain":0,"player_choice":"Fight","damage_taken":0,"max_hp_gain":0,"max_hp_loss":0,"event_name":"Colosseum","floor":19,"gold_loss":0},{"damage_healed":0,"gold_gain":0,"player_choice":"Fled From Nobs","damage_taken":0,"max_hp_gain":0,"max_hp_loss":0,"event_name":"Colosseum","floor":19,"gold_loss":0},{"cards_removed":["Dual Wield"],"damage_healed":51,"gold_gain":0,"player_choice":"Offered Uncommon","damage_taken":0,"max_hp_gain":0,"max_hp_loss":0,"event_name":"Bonfire Elementals","floor":20,"gold_loss":0},{"damage_healed":0,"gold_gain":0,"player_choice":"Ignored","damage_taken":0,"max_hp_gain":0,"max_hp_loss":0,"event_name":"The Mausoleum","floor":30,"gold_loss":0},{"damage_healed":0,"gold_gain":0,"player_choice":"Upgraded","damage_taken":0,"max_hp_gain":0,"max_hp_loss":0,"event_name":"Upgrade Shrine","floor":44,"gold_loss":0,"cards_upgraded":["Searing Blow"]},{"damage_healed":0,"gold_gain":0,"player_choice":"Memory 1","damage_taken":0,"max_hp_gain":0,"max_hp_loss":0,"event_name":"SensoryStone","floor":45,"gold_loss":0}],"is_beta":false,"boss_relics":[{"not_picked":["Eternal Feather","Black Star"],"picked":"Ectoplasm"},{"not_picked":["Runic Pyramid","Orrery"],"picked":"Lizard Tail"}],"items_purged_floors":[12],"is_endless":false,"potions_floor_spawned":[3,7,19,21,31,39,42,48],"ascension_level":17}