{"gold_per_floor":[118,134,148,199,216,216,90,90,172,205,205,216,243,86,86,157,207,220,220,84,104,119,119,119,119,119,119],"floor_reached":27,"playtime":1425,"items_purged":["Strike_R","Anger"],"score":431,"play_id":"9f3f8d65-09d5-4482-b1f9-2bf2a7fc822b","local_time":"20181029213305","is_ascension_mode":true,"campfire_choices":[{"data":"Bash","floor":6,"key":"SMITH"},{"data":"Wild Strike","floor":8,"key":"SMITH"},{"data":"Twin Strike","floor":15,"key":"SMITH"},{"data":"Whirlwind","floor":23,"key":"SMITH"},{"floor":25,"key":"REST"}],"neow_cost":"NONE","seed_source_timestamp":132001163812924,"circlet_count":0,"master_deck":["Strike_R+1","Strike_R+1","Strike_R+1","Strike_R+1","Defend_R+1","Defend_R+1","Defend_R+1","Defend_R+1","Bash+1","AscendersBane","Offering","Twin Strike+1","Wild Strike+1","Shrug It Off","Evolve","Reaper","Shrug It Off","Fiend Fire","Sword Boomerang","Shrug It Off","Inflame","Whirlwind+1","Feel No Pain"],"relics":["Burning Blood","Question Card","Bag of Marbles","Smiling Mask","Vajra","Tiny House","Bottled Flame"],"potions_floor_usage":[16,18,24],"damage_taken":[{"damage":7,"enemies":"2 Louse","floor":1,"turns":3},{"damage":6,"enemies":"Small Slimes","floor":2,"turns":4},{"damage":1,"enemies":"Cultist","floor":3,"turns":3},{"damage":23,"enemies":"Large Slime","floor":5,"turns":5},{"damage":28,"enemies":"Lagavulin","floor":10,"turns":4},{"damage":1,"enemies":"Looter","floor":12,"turns":3},{"damage":7,"enemies":"Gremlin Nob","floor":13,"turns":3},{"damage":37,"enemies":"Slime Boss","floor":16,"turns":9},{"damage":22,"enemies":"Spheric Guardian","floor":18,"turns":4},{"damage":24,"enemies":"3 Byrds","floor":21,"turns":6},{"damage":24,"enemies":"3 Cultists","floor":22,"turns":5},{"damage":30,"enemies":"Colosseum Slavers","floor":24,"turns":3},{"damage":38,"enemies":"Shelled Parasite and Fungi","floor":27,"turns":6}],"seed_played":"1169780151823551121","potions_obtained":[{"floor":1,"key":"Block Potion"},{"floor":3,"key":"SpeedPotion"},{"floor":17,"key":"Block Potion"},{"floor":22,"key":"SkillPotion"}],"is_trial":false,"path_per_floor":["M","M","M","?","M","R","$","R","T","E","?","M","E","$","R","B",null,"M","?","$","M","M","R","?","R","T"],"character_chosen":"IRONCLAD","items_purchased":["Shrug It Off","Vajra","Inflame"],"campfire_rested":1,"item_purchase_floors":[7,14,20],"current_hp_per_floor":[67,67,72,72,55,55,55,55,55,33,38,43,48,48,48,32,73,57,57,57,39,35,35,11,36,36,0],"gold":119,"neow_bonus":"ONE_RANDOM_RARE_CARD","is_prod":false,"is_daily":false,"chose_seed":false,"campfire_upgraded":4,"win_rate":0,"timestamp":1540848785,"path_taken":["M","M","M","?","M","R","$","R","T","E","?","?","E","$","R","BOSS","M","?","$","M","M","R","?","R","T","M"],"build_version":"2018-10-25v2","purchased_purges":2,"victory":false,"max_hp_per_floor":[75,75,75,75,75,75,75,75,75,75,80,80,80,80,80,80,85,85,85,85,85,85,85,85,85,85,85],"card_choices":[{"not_picked":["Armaments","Body Slam"],"picked":"Anger","floor":1},{"not_picked":["Rampage","Wild Strike"],"picked":"Twin Strike","floor":2},{"not_picked":["Heavy Blade","Anger"],"picked":"Wild Strike","floor":3},{"not_picked":["Dark Embrace","Clash","Armaments"],"picked":"SKIP","floor":5},{"not_picked":["Armaments","Power Through","Thunderclap"],"picked":"Evolve","floor":10},{"not_picked":["Iron Wave","Infernal Blade","Twin Strike"],"picked":"Reaper","floor":12},{"not_picked":["True Grit","Armaments","Intimidate"],"picked":"Shrug It Off","floor":13},{"not_picked":["Feed","Double Tap","Demon Form"],"picked":"Fiend Fire","floor":16},{"not_picked":["Ghostly Armor","Thunderclap","Wild Strike"],"picked":"Sword Boomerang","floor":17},{"not_picked":["Perfected Strike","Thunderclap","Rage"],"picked":"Shrug It Off","floor":18},{"not_picked":["Reckless Charge","Body Slam","Warcry"],"picked":"Whirlwind","floor":21},{"not_picked":["Rampage+1","Perfected Strike","Warcry"],"picked":"Feel No Pain","floor":22}],"player_experience":934198,"relics_obtained":[{"floor":9,"key":"Question Card"},{"floor":10,"key":"Bag of Marbles"},{"floor":13,"key":"Smiling Mask"},{"floor":26,"key":"Bottled Flame"}],"event_choices":[{"damage_healed":0,"gold_gain":51,"player_choice":"Gained Gold","damage_taken":0,"max_hp_gain":0,"max_hp_loss":0,"event_name":"Golden Wing","floor":4,"gold_loss":0},{"damage_healed":0,"gold_gain":0,"player_choice":"Donut","damage_taken":0,"max_hp_gain":5,"max_hp_loss":0,"event_name":"Big Fish","floor":11,"gold_loss":0},{"damage_healed":0,"gold_gain":0,"player_choice":"Simplicity","damage_taken":0,"max_hp_gain":0,"max_hp_loss":0,"event_name":"Back to Basics","floor":19,"gold_loss":0,"cards_upgraded":["Strike_R","Strike_R","Strike_R","Defend_R","Defend_R","Defend_R","Defend_R"]},{"damage_healed":0,"gold_gain":0,"player_choice":"Fight","damage_taken":0,"max_hp_gain":0,"max_hp_loss":0,"event_name":"Colosseum","floor":24,"gold_loss":0},{"damage_healed":0,"gold_gain":0,"player_choice":"Fled From Nobs","damage_taken":0,"max_hp_gain":0,"max_hp_loss":0,"event_name":"Colosseum","floor":24,"gold_loss":0}],"is_beta":false,"boss_relics":[{"not_picked":["Eternal Feather","Fusion Hammer"],"picked":"Tiny House"}],"items_purged_floors":[7,20],"is_endless":false,"potions_floor_spawned":[1,3,22],"killed_by":"Shelled Parasite and Fungi","ascension_level":19}