{"gold_per_floor":[110,35,35,35,54,54,83,83,106,126,183,183,208,218,218,295,295,311,586,605,605,363,390,390,305,305,338,348,374,413,456,468,559,571,603,629,325,425,270,286,286,286,286,286,313,333,277,38,38,38],"floor_reached":51,"playtime":2848,"items_purged":["Strike_R"],"score":1472,"play_id":"c787e159-4385-4786-9f7a-4f5a1bc197c2","local_time":"20191011212355","is_ascension_mode":true,"campfire_choices":[{"data":"Wild Strike","floor":6,"key":"SMITH"},{"data":"Bash","floor":8,"key":"SMITH"},{"floor":12,"key":"REST"},{"data":"Carnage","floor":15,"key":"SMITH"},{"floor":24,"key":"REST"},{"floor":32,"key":"REST"},{"floor":42,"key":"REST"},{"floor":44,"key":"RECALL"},{"floor":49,"key":"REST"}],"neow_cost":"PERCENT_DAMAGE","seed_source_timestamp":72417323589464,"circlet_count":0,"master_deck":["AscendersBane","Defend_R","Defend_R","Defend_R","Defend_R","Bash+1","Wild Strike+1","Metallicize","Clothesline","Shrug It Off","Reaper","Evolve","Carnage+1","Offering","Havoc+1","Combust+1","Corruption","True Grit","Havoc+1","Whirlwind+1","Sentinel","Feed","Spot Weakness+1","Offering","Shrug It Off+1","Flame Barrier","Exhume","Inflame","Rampage","Shockwave","Inflame","Demon Form","Shrug It Off","Uppercut","Disarm","Shrug It Off"],"relics":["Burning Blood","Mango","Potion Belt","Omamori","Tiny Chest","FossilizedHelix","Fusion Hammer","Nunchaku","Sling","WingedGreaves","Prayer Wheel","Mercury Hourglass","Dream Catcher","MawBank","Sundial","Orichalcum","Empty Cage","Bottled Tornado","Thread and Needle","Juzu Bracelet","Bottled Flame","Question Card","Medical Kit"],"potions_floor_usage":[11,27,29,29,30,31,45,50,50,50,50],"damage_taken":[{"damage":16,"enemies":"Small Slimes","floor":1,"turns":6},{"damage":14,"enemies":"Jaw Worm","floor":5,"turns":4},{"damage":18,"enemies":"Gremlin Nob","floor":7,"turns":4},{"damage":0,"enemies":"Cultist","floor":10,"turns":3},{"damage":30,"enemies":"3 Sentries","floor":11,"turns":12},{"damage":22,"enemies":"Gremlin Nob","floor":13,"turns":5},{"damage":6,"enemies":"Large Slime","floor":14,"turns":8},{"damage":21,"enemies":"Slime Boss","floor":16,"turns":9},{"damage":10,"enemies":"Shell Parasite","floor":18,"turns":4},{"damage":0,"enemies":"Chosen","floor":20,"turns":4},{"damage":39,"enemies":"Book of Stabbing","floor":23,"turns":5},{"damage":28,"enemies":"Gremlin Leader","floor":27,"turns":6},{"damage":22,"enemies":"Snake Plant","floor":28,"turns":3},{"damage":11,"enemies":"Book of Stabbing","floor":29,"turns":4},{"damage":38,"enemies":"Slavers","floor":30,"turns":4},{"damage":0,"enemies":"Gremlin Leader","floor":31,"turns":4},{"damage":73,"enemies":"Automaton","floor":33,"turns":9},{"damage":0,"enemies":"3 Shapes","floor":35,"turns":4},{"damage":1,"enemies":"3 Darklings","floor":36,"turns":3},{"damage":15,"enemies":"Mind Bloom Boss Battle","floor":38,"turns":7},{"damage":20,"enemies":"Maw","floor":40,"turns":7},{"damage":47,"enemies":"Giant Head","floor":45,"turns":7},{"damage":6,"enemies":"Jaw Worm Horde","floor":46,"turns":1},{"damage":61,"enemies":"Time Eater","floor":50,"turns":10}],"seed_played":"-4766843483552707392","potions_obtained":[{"floor":5,"key":"GamblersBrew"},{"floor":11,"key":"BloodPotion"},{"floor":18,"key":"SteroidPotion"},{"floor":20,"key":"LiquidBronze"},{"floor":23,"key":"Energy Potion"},{"floor":29,"key":"FearPotion"},{"floor":33,"key":"Explosive Potion"},{"floor":40,"key":"SkillPotion"},{"floor":46,"key":"Dexterity Potion"}],"is_trial":false,"path_per_floor":["M","?","?","?","M","R","E","R","T","M","E","R","E","M","R","B",null,"M","?","M","?","$","E","R","?","T","E","M","E","E","E","R","B",null,"M","M","$","?","$","M","T","R","T","R","E","M","$","$","R","B",null],"character_chosen":"IRONCLAD","items_purchased":["Sling","Corruption","Bottled Tornado","Inflame","DuplicationPotion","PowerPotion","Disarm","Medical Kit"],"campfire_rested":5,"item_purchase_floors":[22,22,37,37,39,47,48,48],"current_hp_per_floor":[54,54,54,54,46,46,34,34,34,40,33,59,49,49,49,34,75,71,71,83,83,83,58,84,84,84,71,55,56,45,66,89,34,75,81,89,89,85,85,78,78,89,89,89,48,48,48,48,74,49],"gold":38,"neow_bonus":"ONE_RARE_RELIC","is_prod":false,"is_daily":false,"chose_seed":false,"campfire_upgraded":3,"win_rate":0,"timestamp":1570843435,"path_taken":["M","?","?","?","?","R","E","R","T","M","E","R","E","M","R","BOSS","M","?","?","?","$","E","R","?","T","E","M","E","E","E","R","BOSS","M","M","$","?","$","M","?","R","T","R","E","M","?","$","R","BOSS"],"build_version":"2019-10-11","purchased_purges":1,"victory":true,"max_hp_per_floor":[89,89,89,89,89,89,89,89,89,89,89,89,89,89,89,89,89,89,89,89,89,89,89,89,89,89,89,89,89,89,89,89,89,89,89,89,89,89,89,89,89,89,89,89,89,89,89,89,89,89],"card_choices":[{"not_picked":["Armaments","Heavy Blade"],"picked":"Wild Strike","floor":1},{"not_picked":["Flex","Sword Boomerang"],"picked":"Metallicize","floor":5},{"not_picked":["Sentinel","Thunderclap"],"picked":"Clothesline","floor":7},{"not_picked":["Sentinel","Thunderclap"],"picked":"Shrug It Off","floor":10},{"not_picked":["Body Slam","Flex"],"picked":"Reaper","floor":11},{"not_picked":["Rage","Havoc"],"picked":"Evolve","floor":13},{"not_picked":["Power Through","Infernal Blade"],"picked":"Carnage","floor":14},{"not_picked":["Demon Form","Berserk"],"picked":"Offering","floor":16},{"not_picked":["Clash","Intimidate"],"picked":"Havoc+1","floor":18},{"not_picked":["Shrug It Off","Anger"],"picked":"Combust+1","floor":20},{"not_picked":["Anger","Seeing Red"],"picked":"True Grit","floor":23},{"not_picked":["Flex","Rampage"],"picked":"Havoc+1","floor":27},{"not_picked":["Cleave","Pummel"],"picked":"Whirlwind+1","floor":28},{"not_picked":["Pummel","Heavy Blade"],"picked":"Sentinel","floor":28},{"not_picked":["Burning Pact","Clash"],"picked":"Feed","floor":29},{"not_picked":["Clothesline","Flex"],"picked":"Spot Weakness+1","floor":30},{"not_picked":["Wild Strike","Body Slam","Dual Wield"],"picked":"SKIP","floor":31},{"not_picked":["Berserk","Feed"],"picked":"Offering","floor":33},{"not_picked":["Body Slam","Clothesline+1"],"picked":"Shrug It Off+1","floor":35},{"not_picked":["Wild Strike+1","Havoc","Headbutt"],"picked":"SKIP","floor":35},{"not_picked":["Headbutt+1","Whirlwind"],"picked":"Flame Barrier","floor":36},{"not_picked":["Twin Strike","Warcry+1"],"picked":"Exhume","floor":36},{"not_picked":["Hemokinesis","Thunderclap"],"picked":"Rampage","floor":38},{"not_picked":["Searing Blow","Shrug It Off"],"picked":"Shockwave","floor":40},{"not_picked":["Intimidate","Pommel Strike","Dropkick"],"picked":"SKIP","floor":40},{"not_picked":["Wild Strike","Clash"],"picked":"Inflame","floor":42},{"not_picked":["Iron Wave","Twin Strike"],"picked":"Demon Form","floor":45},{"not_picked":["Warcry","Hemokinesis","Headbutt"],"picked":"Shrug It Off","floor":46},{"not_picked":["Heavy Blade","Hemokinesis","Clothesline"],"picked":"Uppercut","floor":46},{"not_picked":["Clash","Body Slam","Dual Wield"],"picked":"Shrug It Off","floor":49}],"player_experience":503220,"relics_obtained":[{"floor":7,"key":"Potion Belt"},{"floor":9,"key":"Omamori"},{"floor":11,"key":"Tiny Chest"},{"floor":13,"key":"FossilizedHelix"},{"floor":23,"key":"WingedGreaves"},{"floor":26,"key":"Mercury Hourglass"},{"floor":27,"key":"Dream Catcher"},{"floor":29,"key":"MawBank"},{"floor":30,"key":"Sundial"},{"floor":31,"key":"Orichalcum"},{"floor":38,"key":"Thread and Needle"},{"floor":41,"key":"Juzu Bracelet"},{"floor":43,"key":"Bottled Flame"},{"floor":45,"key":"Question Card"}],"event_choices":[{"cards_removed":["Strike_R"],"damage_healed":0,"gold_gain":0,"player_choice":"Card Removal","damage_taken":0,"max_hp_gain":0,"max_hp_loss":0,"event_name":"The Cleric","floor":2,"gold_loss":75},{"damage_healed":0,"gold_gain":0,"player_choice":"Ignored","damage_taken":0,"max_hp_gain":0,"max_hp_loss":0,"event_name":"Golden Idol","floor":3,"gold_loss":0},{"cards_removed":["Strike_R"],"damage_healed":0,"gold_gain":0,"player_choice":"Purged","damage_taken":0,"max_hp_gain":0,"max_hp_loss":0,"event_name":"Purifier","floor":4,"gold_loss":0},{"damage_healed":0,"gold_gain":275,"player_choice":"Desecrate","damage_taken":0,"max_hp_gain":0,"max_hp_loss":0,"event_name":"Golden Shrine","floor":19,"gold_loss":0,"cards_obtained":["Regret"]},{"damage_healed":0,"gold_gain":0,"player_choice":"Opened","damage_taken":0,"relics_obtained":["Nunchaku"],"max_hp_gain":0,"max_hp_loss":0,"event_name":"The Mausoleum","floor":21,"gold_loss":0,"cards_obtained":["Writhe"]},{"damage_healed":0,"gold_gain":0,"player_choice":"Obtained Relic","damage_taken":0,"relics_obtained":["Prayer Wheel"],"max_hp_gain":0,"max_hp_loss":0,"event_name":"Addict","floor":25,"gold_loss":85},{"damage_healed":0,"gold_gain":0,"player_choice":"Fight","damage_taken":0,"max_hp_gain":0,"max_hp_loss":0,"event_name":"MindBloom","floor":38,"gold_loss":0}],"is_beta":true,"boss_relics":[{"not_picked":["Ectoplasm","Black Star"],"picked":"Fusion Hammer"},{"not_picked":["SacredBark","Velvet Choker"],"picked":"Empty Cage"}],"items_purged_floors":[39],"is_endless":false,"potions_floor_spawned":[5,11,18,20,23,29,33,40,46],"ascension_level":16}