{"gold_per_floor":[119,48,48,48,67,98,98,153,153,163,163,163,163,188,188,188],"floor_reached":16,"playtime":651,"items_purged":[],"score":215,"play_id":"41854a51-0498-477c-bb01-eb505e153912","local_time":"20180925203736","is_ascension_mode":true,"campfire_choices":[{"data":"Sunder","floor":7,"key":"SMITH"},{"data":"Recycle","floor":11,"key":"SMITH"},{"floor":13,"key":"REST"},{"data":"Darkness","floor":15,"key":"SMITH"}],"neow_cost":"NONE","seed_source_timestamp":149637371478593,"circlet_count":0,"master_deck":["Strike_B","Strike_B","Strike_B","Strike_B","Defend_B","Defend_B","Defend_B","Defend_B","Zap","Dualcast","AscendersBane","Recycle+1","Sunder+1","Sunder","Reboot","Go for the Eyes","Steam","Defragment","Consume","Injury","Beam Cell","Darkness+1"],"relics":["Cracked Core","NeowsBlessing","Dream Catcher","Dodecahedron","Happy Flower","Sundial","Golden Idol"],"potions_floor_usage":[8,16],"damage_taken":[{"damage":0,"enemies":"Jaw Worm","floor":1,"turns":1},{"damage":0,"enemies":"2 Louse","floor":5,"turns":1},{"damage":0,"enemies":"3 Sentries","floor":6,"turns":2},{"damage":46,"enemies":"Lagavulin Event","floor":8,"turns":7},{"damage":0,"enemies":"Cultist","floor":10,"turns":2},{"damage":0,"enemies":"2 Fungi Beasts","floor":14,"turns":2},{"damage":38,"enemies":"Slime Boss","floor":16,"turns":3}],"seed_played":"-884571027701432420","potions_obtained":[{"floor":6,"key":"Block Potion"},{"floor":8,"key":"GamblersBrew"}],"is_trial":false,"path_per_floor":["M","$","?","?","M","E","R","?","T","M","R","?","R","M","R"],"character_chosen":"DEFECT","items_purchased":["Sunder"],"campfire_rested":1,"item_purchase_floors":[2],"current_hp_per_floor":[64,64,53,53,53,53,53,7,7,7,7,7,28,28,28,0],"gold":188,"neow_bonus":"THREE_ENEMY_KILL","is_prod":false,"is_daily":false,"chose_seed":false,"campfire_upgraded":3,"win_rate":0,"timestamp":1537904256,"path_taken":["M","$","?","?","?","E","R","?","T","M","R","?","R","M","R","BOSS"],"build_version":"2018-09-20","purchased_purges":0,"victory":false,"max_hp_per_floor":[71,71,71,71,71,71,71,71,71,71,71,71,71,71,71,71],"card_choices":[{"not_picked":["Barrage","Coolheaded"],"picked":"Recycle","floor":1},{"not_picked":["Loop","Scrape"],"picked":"Go for the Eyes","floor":5},{"not_picked":["Blizzard","Redo"],"picked":"Steam","floor":6},{"not_picked":["Rebound","Stack"],"picked":"Defragment","floor":8},{"not_picked":["Force Field","Barrage"],"picked":"Consume","floor":10},{"not_picked":["Gash","Reprogram"],"picked":"Beam Cell","floor":13},{"not_picked":["Sweeping Beam","Stack"],"picked":"Darkness","floor":14}],"player_experience":775736,"relics_obtained":[{"floor":6,"key":"Dodecahedron"},{"floor":8,"key":"Happy Flower"},{"floor":9,"key":"Sundial"}],"event_choices":[{"event_name":"Scrap Ooze","player_choice":"success","floor":3,"damage_taken":11},{"event_name":"Match and Keep!","player_choice":"2 cards matched","floor":4,"damage_taken":0},{"event_name":"Dead Adventurer","player_choice":"Searched \u00271\u0027 times","floor":8,"damage_taken":0},{"event_name":"Golden Idol","player_choice":"Take Wound","floor":12,"damage_taken":0}],"is_beta":false,"boss_relics":[],"items_purged_floors":[],"is_endless":false,"potions_floor_spawned":[6,8],"killed_by":"Slime Boss","ascension_level":15}