{"path_per_floor":["M","M","?","M","?","R","E","R","T","R","$","?","R","M","R","B",null,"M","?","?","M","?","R","$","R","T","M","M","M","R","M","R","B",null,"M","M","$","?","$","E","R"],"character_chosen":"IRONCLAD","items_purchased":["Pen Nib","Bag of Preparation","Anchor","Magic Flower"],"gold_per_floor":[114,131,231,243,243,243,272,272,272,272,30,30,30,45,45,147,147,166,166,166,181,181,181,181,181,261,276,287,297,297,311,311,410,410,426,440,31,31,31,57,57,57],"floor_reached":42,"campfire_rested":2,"playtime":1277,"current_hp_per_floor":[79,80,80,80,62,62,54,54,54,54,54,59,59,58,83,48,85,85,85,85,85,85,85,85,85,85,73,83,75,75,46,71,30,85,81,69,69,58,58,46,46,0],"items_purged":[],"gold":57,"score":424,"play_id":"fed07b16-97a9-4404-84ff-4df2701dff74","local_time":"20180512155746","is_prod":false,"is_daily":false,"chose_seed":false,"is_ascension_mode":false,"campfire_upgraded":8,"timestamp":1526137066,"path_taken":["M","M","?","M","?","R","E","R","T","R","$","?","R","?","R","BOSS","M","?","?","M","?","R","$","R","T","M","?","M","R","M","R","BOSS","M","M","$","?","$","E","R","?"],"build_version":"2018-05-10","seed_source_timestamp":240435151168812,"purchased_purges":1,"victory":false,"master_deck":["Strike_R","Strike_R+1","Strike_R","Strike_R","Strike_R+1","Defend_R","Defend_R","Defend_R","Defend_R+1","Bash+1","Whirlwind+1","Perfected Strike+1","Spot Weakness+1","Reaper+1","Writhe","Inflame+1","Perfected Strike+1","Shrug It Off+1","Limit Break+1","Heavy Blade","Perfected Strike+1","Madness+1","Madness+1","Double Tap+1"],"max_hp_per_floor":[80,80,80,80,80,80,80,80,80,80,80,85,85,85,85,85,85,85,85,85,85,85,85,85,85,85,85,85,85,85,85,85,85,85,85,85,85,85,85,85,85,85],"relics":["Black Blood","Whetstone","The Courier","Vajra","Blue Candle","Pen Nib","Bag of Preparation","Mark of Pain","Nloth\u0027s Gift","Toxic Egg 2","Anchor","Magic Flower","Darkstone Periapt"],"card_choices":[{"not_picked":["Cleave","Havoc"],"picked":"Whirlwind","floor":1},{"not_picked":["Reckless Charge","Pummel"],"picked":"Perfected Strike","floor":4},{"not_picked":["Flame Barrier","Barricade"],"picked":"Spot Weakness","floor":7},{"not_picked":["Bludgeon","Dark Embrace"],"picked":"Reaper","floor":16},{"not_picked":["Warcry","Dropkick"],"picked":"Inflame","floor":28},{"not_picked":["Flame Barrier","Shrug It Off"],"picked":"Perfected Strike","floor":29},{"not_picked":["Thunderclap","Burning Pact"],"picked":"Shrug It Off","floor":31},{"not_picked":["Demon Form","Exhume"],"picked":"Limit Break","floor":33},{"not_picked":["Twin Strike","Dual Wield"],"picked":"Heavy Blade","floor":35},{"not_picked":["Corruption","Rampage"],"picked":"Perfected Strike","floor":36},{"not_picked":["Sword Boomerang","Headbutt"],"picked":"Double Tap","floor":40}],"player_experience":288187,"potions_floor_usage":[16,16,28],"damage_taken":[{"damage":7,"enemies":"Small Slimes","floor":1,"turns":3},{"damage":1,"enemies":"Cultist","floor":2,"turns":3},{"damage":6,"enemies":"Jaw Worm","floor":4,"turns":3},{"damage":14,"enemies":"Gremlin Nob","floor":7,"turns":3},{"damage":7,"enemies":"Blue Slaver","floor":14,"turns":2},{"damage":41,"enemies":"Hexaghost","floor":16,"turns":5},{"damage":0,"enemies":"3 Byrds","floor":18,"turns":4},{"damage":1,"enemies":"Spheric Guardian","floor":21,"turns":3},{"damage":28,"enemies":"Snake Plant","floor":27,"turns":4},{"damage":4,"enemies":"Snecko","floor":28,"turns":3},{"damage":14,"enemies":"Centurion and Healer","floor":29,"turns":3},{"damage":35,"enemies":"Snake Plant","floor":31,"turns":3},{"damage":77,"enemies":"Champ","floor":33,"turns":9},{"damage":14,"enemies":"Orb Walker","floor":35,"turns":3},{"damage":22,"enemies":"3 Shapes","floor":36,"turns":2},{"damage":70,"enemies":"Giant Head","floor":40,"turns":7},{"damage":57,"enemies":"Maw","floor":42,"turns":5}],"event_choices":[{"event_name":"Golden Shrine","player_choice":"Pray","floor":3,"damage_taken":0},{"event_name":"Scrap Ooze","player_choice":"success","floor":5,"damage_taken":18},{"event_name":"Big Fish","player_choice":"Donut","floor":12,"damage_taken":0},{"event_name":"The Mausoleum","player_choice":"Yes","floor":19,"damage_taken":0},{"event_name":"Accursed Blacksmith","player_choice":"Ignore","floor":20,"damage_taken":0},{"event_name":"N\u0027loth","player_choice":"Traded a Gambling Chip","floor":22,"damage_taken":0},{"event_name":"Winding Halls","player_choice":"Embrace Madness","floor":38,"damage_taken":0}],"boss_relics":[{"not_picked":["Ectoplasm","Astrolabe"],"picked":"Mark of Pain"},{"not_picked":["Eternal Feather","Snecko Eye"],"picked":"Black Blood"}],"potions_floor_spawned":[1,7,16,21,28],"seed_played":"-2648961303594388759","killed_by":"Maw","ascension_level":0,"is_trial":false}