{"gold_per_floor":[111,111,111,164,13,13,42,62,62,62,82,113,126,146,146,243,243,256,271,370,270,281,281,281,281,350,225,225,225,235,269,269,371,371,385,396,100,0,15,15,15,15,15,50,68,82,93,43,43,43],"floor_reached":51,"playtime":2072,"items_purged":["Strike_G","Strike_G","Strike_G","Strike_G"],"score":1258,"play_id":"e8148ca5-a43e-4272-a6e7-5596e60f93a6","local_time":"20191001113623","is_ascension_mode":true,"campfire_choices":[{"data":"Noxious Fumes","floor":6.0,"key":"SMITH"},{"data":"Dagger Spray","floor":10.0,"key":"SMITH"},{"floor":15.0,"key":"REST"},{"data":"Burst","floor":23.0,"key":"SMITH"},{"data":"Neutralize","floor":25.0,"key":"SMITH"},{"data":"Well Laid Plans","floor":29.0,"key":"SMITH"},{"data":"Backflip","floor":32.0,"key":"SMITH"},{"data":"Footwork","floor":40,"key":"SMITH"},{"data":"Apotheosis","floor":42,"key":"SMITH"},{"floor":49,"key":"REST"}],"neow_cost":"NONE","seed_source_timestamp":37039343274430,"circlet_count":0,"master_deck":["AscendersBane","Strike_G","Defend_G","Defend_G","Defend_G","Defend_G","Defend_G","Survivor","Neutralize+1","Noxious Fumes+1","Leg Sweep","Die Die Die","Dash","Well Laid Plans+1","Backflip+1","Dagger Spray+1","Burst+1","Leg Sweep","Catalyst+1","Backstab+1","Malaise","Dodge and Roll","Blur+1","Footwork+1","Glass Knife+1","Adrenaline","Apotheosis+1","Corpse Explosion","Dodge and Roll","Backflip"],"special_seed":0,"relics":["Orrery","Anchor","Vajra","Kunai","Bottled Lightning","Juzu Bracelet","Sozu","Question Card","Molten Egg 2","Ninja Scroll","Eternal Feather","Red Mask","Strawberry","Regal Pillow"],"potions_floor_usage":[],"damage_taken":[{"damage":2.0,"enemies":"Small Slimes","floor":1.0,"turns":3.0},{"damage":20.0,"enemies":"Gremlin Nob","floor":7.0,"turns":5.0},{"damage":0.0,"enemies":"Jaw Worm","floor":8.0,"turns":3.0},{"damage":0.0,"enemies":"2 Louse","floor":11.0,"turns":2.0},{"damage":14.0,"enemies":"Lagavulin","floor":12.0,"turns":7.0},{"damage":0.0,"enemies":"Exordium Wildlife","floor":13.0,"turns":3.0},{"damage":1.0,"enemies":"Exordium Thugs","floor":14.0,"turns":4.0},{"damage":21.0,"enemies":"Hexaghost","floor":16.0,"turns":13.0},{"damage":1.0,"enemies":"3 Byrds","floor":18.0,"turns":5.0},{"damage":12.0,"enemies":"Chosen","floor":19.0,"turns":6.0},{"damage":5.0,"enemies":"3 Cultists","floor":22.0,"turns":5.0},{"damage":9.0,"enemies":"Snake Plant","floor":30.0,"turns":4.0},{"damage":15.0,"enemies":"Slavers","floor":31.0,"turns":6.0},{"damage":17.0,"enemies":"Automaton","floor":33.0,"turns":8.0},{"damage":0,"enemies":"Orb Walker","floor":35,"turns":5},{"damage":2,"enemies":"3 Shapes","floor":36,"turns":4},{"damage":11,"enemies":"Writhing Mass","floor":39,"turns":8},{"damage":0,"enemies":"Giant Head","floor":44,"turns":11},{"damage":0,"enemies":"Sphere and 2 Shapes","floor":45,"turns":5},{"damage":0,"enemies":"3 Darklings","floor":46,"turns":2},{"damage":40,"enemies":"Transient","floor":47,"turns":5},{"damage":0,"enemies":"Donu and Deca","floor":50,"turns":8}],"seed_played":"1240704189840990144","potions_obtained":[{"floor":8.0,"key":"Energy Potion"},{"floor":11.0,"key":"Ancient Potion"}],"is_trial":false,"path_per_floor":["M","?","?","T","$","R","E","M","T","R","M","E","M","M","R","B",null,"M","M","?","$","M","R","?","R","T","$","T","R","M","E","R","B",null,"M","M","$","?","M","R","?","R","T","E","M","M","M","$","R","B",null],"character_chosen":"THE_SILENT","items_purchased":["Well Laid Plans","Footwork","Glass Knife+1","Backflip"],"campfire_rested":2,"item_purchase_floors":[5,37,37,48],"current_hp_per_floor":[61,61,54,54,54,54,34,34,34,34,34,20,20,19,40,19,57,56,44,44,44,39,39,62,62,62,62,62,62,53,38,38,21,58,58,56,56,56,45,60,60,70,77,77,77,77,37,37,77,77],"gold":43,"neow_bonus":"BOSS_RELIC","is_prod":false,"is_daily":false,"chose_seed":false,"campfire_upgraded":8,"win_rate":0,"timestamp":1569954983,"path_taken":["M","?","?","?","$","R","E","M","T","R","M","E","M","M","R","BOSS","M","M","?","$","M","R","?","R","T","$","?","R","M","E","R","BOSS","M","M","$","?","M","R","?","R","T","E","M","M","M","$","R","BOSS"],"build_version":"2019-07-17","purchased_purges":4,"victory":true,"max_hp_per_floor":[70,70,70,70,70,70,70,70,70,70,70,70,70,70,70,70,70,70,70,70,70,70,70,70,70,70,70,70,70,70,70,70,70,70,70,70,70,70,70,70,70,70,77,77,77,77,77,77,77,77],"card_choices":[{"not_picked":["Flying Knee","Backflip"],"picked":"Noxious Fumes","floor":0.0},{"not_picked":["Prepared","Quick Slash"],"picked":"Leg Sweep","floor":0.0},{"not_picked":["Acrobatics","Poisoned Stab"],"picked":"Die Die Die","floor":0.0},{"not_picked":["Deflect","Flying Knee"],"picked":"Dash","floor":1.0},{"not_picked":["Storm of Steel","Flying Knee"],"picked":"Backflip","floor":7.0},{"not_picked":["PiercingWail","Dodge and Roll"],"picked":"Dagger Spray","floor":8.0},{"not_picked":["Blade Dance","Calculated Gamble","Acrobatics"],"picked":"SKIP","floor":11.0},{"not_picked":["Dagger Spray","Quick Slash"],"picked":"Burst","floor":12.0},{"not_picked":["PiercingWail","Heel Hook"],"picked":"Leg Sweep","floor":13.0},{"not_picked":["PiercingWail","Dodge and Roll","Quick Slash"],"picked":"SKIP","floor":14.0},{"not_picked":["Backflip+1","Crippling Poison"],"picked":"Catalyst+1","floor":18.0},{"not_picked":["Dagger Spray","Dodge and Roll","Distraction"],"picked":"SKIP","floor":19.0},{"not_picked":["Sucker Punch","Flechettes","Flying Knee"],"picked":"SKIP","floor":22.0},{"not_picked":["Poisoned Stab+1","PiercingWail","Tactician","Leg Sweep"],"picked":"SKIP","floor":30.0},{"not_picked":["Poisoned Stab+1","PiercingWail","Tactician","Leg Sweep"],"picked":"SKIP","floor":30.0},{"not_picked":["Acrobatics","Leg Sweep","Riddle With Holes+1"],"picked":"Backstab+1","floor":31.0},{"not_picked":["Tools of the Trade","Venomology","Adrenaline"],"picked":"Malaise","floor":33.0},{"not_picked":["Slice+1","Outmaneuver","Dagger Throw+1"],"picked":"Dodge and Roll","floor":35},{"not_picked":["Cloak And Dagger","Bane+1","Dodge and Roll+1"],"picked":"Blur+1","floor":36},{"not_picked":["Dagger Throw+1","Finisher+1","Underhanded Strike+1"],"picked":"Adrenaline","floor":39},{"not_picked":["Sadistic Nature","Forethought","Magnetism"],"picked":"Apotheosis","floor":41},{"not_picked":["Tactician","Sucker Punch+1","Flying Knee+1","Poisoned Stab+1"],"picked":"SKIP","floor":44},{"not_picked":["Cloak And Dagger","Caltrops","Slice+1"],"picked":"Corpse Explosion","floor":45},{"not_picked":["Acrobatics","Backstab+1","Bane+1","Blade Dance"],"picked":"SKIP","floor":46},{"not_picked":["Outmaneuver+1","Calculated Gamble+1","PiercingWail"],"picked":"Dodge and Roll","floor":47}],"player_experience":286944,"relics_obtained":[{"floor":4.0,"key":"Vajra"},{"floor":7.0,"key":"Kunai"},{"floor":9.0,"key":"Bottled Lightning"},{"floor":12.0,"key":"Juzu Bracelet"},{"floor":26.0,"key":"Question Card"},{"floor":28.0,"key":"Molten Egg 2"},{"floor":31.0,"key":"Ninja Scroll"},{"floor":43,"key":"Strawberry"},{"floor":44,"key":"Regal Pillow"}],"event_choices":[{"damage_healed":0.0,"max_hp_gain":0.0,"max_hp_loss":0.0,"gold_gain":0.0,"event_name":"Shining Light","player_choice":"Ignored","floor":2.0,"gold_loss":0.0,"damage_taken":0.0},{"damage_healed":0.0,"max_hp_gain":0.0,"max_hp_loss":0.0,"gold_gain":0.0,"event_name":"Scrap Ooze","player_choice":"Success","floor":3.0,"gold_loss":0.0,"damage_taken":7.0,"relics_obtained":["Anchor"]},{"damage_healed":0.0,"max_hp_gain":0.0,"max_hp_loss":0.0,"gold_gain":99.0,"event_name":"Nest","player_choice":"Stole From Cult","floor":20.0,"gold_loss":0.0,"damage_taken":0.0},{"damage_healed":23.0,"max_hp_gain":0.0,"max_hp_loss":0.0,"gold_gain":0.0,"event_name":"The Library","player_choice":"Heal","floor":24.0,"gold_loss":0.0,"damage_taken":0.0},{"damage_healed":0,"gold_gain":0,"player_choice":"Paid","damage_taken":0,"relics_obtained":["Red Mask"],"max_hp_gain":0,"max_hp_loss":0,"event_name":"Tomb of Lord Red Mask","floor":38,"gold_loss":100},{"damage_healed":0,"gold_gain":0,"player_choice":"Memory 1","damage_taken":0,"max_hp_gain":0,"max_hp_loss":0,"event_name":"SensoryStone","floor":41,"gold_loss":0}],"is_beta":false,"boss_relics":[{"not_picked":["HoveringKite","Velvet Choker"],"picked":"Sozu"},{"not_picked":["Astrolabe","Tiny House"],"picked":"Eternal Feather"}],"items_purged_floors":[5,21,27,37],"is_endless":false,"potions_floor_spawned":[8,11,18,30,33,36,44,47],"ascension_level":12}