{"gold_per_floor":[116,116,78,78,3,3,44,44,122,122,122,203,223,287,287,406,406,426,20,39,39,58,58,96,96,96,114,127,127,146,162,162,292,292,315,374,394,194,212,255,255,141,141,165,183,183,183,206,206,206],"floor_reached":50,"playtime":3553,"items_purged":["Reflex","Prepared","Sucker Punch"],"score":490,"play_id":"c0d94ca9-5fbd-49fe-8066-40a5d3f55332","local_time":"20190608220104","is_ascension_mode":false,"campfire_choices":[{"floor":6,"key":"REST"},{"floor":8,"key":"REST"},{"floor":10,"key":"REST"},{"floor":15,"key":"REST"},{"data":"Bouncing Flask","floor":23,"key":"SMITH"},{"data":"Adrenaline","floor":25,"key":"SMITH"},{"floor":32,"key":"REST"},{"floor":47,"key":"RECALL"},{"floor":49,"key":"REST"}],"neow_cost":"NONE","seed_source_timestamp":1310293833469703,"circlet_count":0,"master_deck":["Survivor","Neutralize","Predator","Quick Slash","Deflect","Quick Slash","Escape Plan","Backflip","Bane","Bane","Bouncing Flask+1","Adrenaline+1","Deadly Poison+1","Crippling Poison","Dash","Deadly Poison","Backflip","Escape Plan+1","Terror","Burst","Deflect","Noxious Fumes","Bouncing Flask+1","Deadly Poison+1","Backflip","Noxious Fumes","Deflect+1"],"relics":["Pandora\u0027s Box","Golden Idol","Torii","Blood Vial","Meat on the Bone","Gremlin Horn","Dead Branch","Philosopher\u0027s Stone","Ancient Tea Set","Ninja Scroll","Blue Candle","MutagenicStrength","Cursed Key","Girya","Pocketwatch"],"potions_floor_usage":[16,24,24,33,45,50],"damage_taken":[{"damage":0,"enemies":"Small Slimes","floor":1,"turns":2},{"damage":11,"enemies":"3 Sentries","floor":7,"turns":7},{"damage":0,"enemies":"2 Louse","floor":13,"turns":2},{"damage":20,"enemies":"Gremlin Nob","floor":14,"turns":4},{"damage":52,"enemies":"The Guardian","floor":16,"turns":9},{"damage":2,"enemies":"2 Thieves","floor":18,"turns":4},{"damage":0,"enemies":"Shell Parasite","floor":20,"turns":4},{"damage":6,"enemies":"Centurion and Healer","floor":22,"turns":5},{"damage":20,"enemies":"Slavers","floor":24,"turns":3},{"damage":0,"enemies":"Snecko","floor":27,"turns":2},{"damage":7,"enemies":"Sentry and Sphere","floor":28,"turns":4},{"damage":0,"enemies":"Centurion and Healer","floor":30,"turns":3},{"damage":0,"enemies":"Chosen and Byrds","floor":31,"turns":2},{"damage":46,"enemies":"Automaton","floor":33,"turns":8},{"damage":0,"enemies":"3 Shapes","floor":35,"turns":2},{"damage":10,"enemies":"2 Orb Walkers","floor":36,"turns":4},{"damage":1,"enemies":"3 Darklings","floor":37,"turns":3},{"damage":0,"enemies":"Jaw Worm Horde","floor":39,"turns":4},{"damage":2,"enemies":"Reptomancer","floor":40,"turns":5},{"damage":19,"enemies":"Spire Growth","floor":44,"turns":4},{"damage":8,"enemies":"3 Darklings","floor":45,"turns":4},{"damage":0,"enemies":"Sphere and 2 Shapes","floor":48,"turns":1},{"damage":77,"enemies":"Donu and Deca","floor":50,"turns":7}],"seed_played":"-8360732561133154349","potions_obtained":[{"floor":13,"key":"LiquidBronze"},{"floor":14,"key":"Block Potion"},{"floor":16,"key":"SpeedPotion"},{"floor":22,"key":"SteroidPotion"},{"floor":28,"key":"GamblersBrew"},{"floor":30,"key":"SpeedPotion"},{"floor":31,"key":"Regen Potion"},{"floor":37,"key":"EssenceOfSteel"},{"floor":40,"key":"Regen Potion"},{"floor":44,"key":"Weak Potion"},{"floor":45,"key":"Energy Potion"}],"is_trial":false,"path_per_floor":["M","?","?","?","$","R","E","R","T","R","?","T","M","?","R","B",null,"M","$","M","?","M","R","E","R","T","M","M","?","M","M","R","B",null,"M","?","M","$","M","E","?","$","T","M","M","?","R","M","R","B"],"character_chosen":"THE_SILENT","items_purchased":["Crippling Poison","Dash","Ancient Tea Set","Noxious Fumes","Backflip","Noxious Fumes"],"campfire_rested":6,"item_purchase_floors":[19,19,19,38,42,42],"current_hp_per_floor":[70,53,53,1,1,22,11,32,32,53,53,53,55,37,58,20,70,68,68,70,70,64,64,46,46,46,48,43,43,45,47,68,37,70,70,60,61,61,63,63,63,63,63,46,52,52,52,54,66,0],"gold":206,"neow_bonus":"BOSS_RELIC","is_prod":false,"is_daily":false,"chose_seed":false,"campfire_upgraded":2,"win_rate":0,"timestamp":1560045664,"path_taken":["M","?","?","?","$","R","E","R","T","R","?","?","M","?","R","BOSS","M","$","M","?","M","R","E","R","T","M","M","?","M","M","R","BOSS","M","?","M","$","M","E","?","$","T","M","M","?","R","?","R","BOSS"],"build_version":"2019-01-23","purchased_purges":3,"victory":false,"max_hp_per_floor":[70,70,70,70,70,70,70,70,70,70,70,70,70,70,70,70,70,70,70,70,70,70,70,70,70,70,70,70,70,70,70,70,70,70,70,70,70,70,70,70,66,66,66,66,66,66,66,66,66,66],"card_choices":[{"not_picked":["Slice","Sucker Punch"],"picked":"Backflip","floor":1},{"not_picked":["PiercingWail","Tactician"],"picked":"Bane","floor":7},{"not_picked":["Riddle With Holes","Prepared"],"picked":"Bane","floor":13},{"not_picked":["Deflect","Burst"],"picked":"Bouncing Flask","floor":14},{"not_picked":["Burst","Wraith Form v2"],"picked":"Adrenaline","floor":16},{"not_picked":["Cloak And Dagger+1","Blade Dance"],"picked":"Deadly Poison+1","floor":18},{"not_picked":["Dodge and Roll","Cloak And Dagger"],"picked":"Deadly Poison","floor":20},{"not_picked":["Deflect","Backstab"],"picked":"Backflip","floor":22},{"not_picked":["Dodge and Roll+1","Acrobatics"],"picked":"Escape Plan+1","floor":24},{"not_picked":["Quick Slash+1","Predator"],"picked":"Terror","floor":27},{"not_picked":["Outmaneuver","Slice"],"picked":"Burst","floor":28},{"not_picked":["Prepared+1","Reflex","Dodge and Roll+1"],"picked":"SKIP","floor":30},{"not_picked":["PiercingWail","Slice","Setup"],"picked":"SKIP","floor":31},{"not_picked":["Flying Knee+1","Bane","Prepared"],"picked":"SKIP","floor":35},{"not_picked":["Dagger Spray","Slice"],"picked":"Deflect","floor":36},{"not_picked":["Blur","Bane+1","Dodge and Roll"],"picked":"SKIP","floor":37},{"not_picked":["Blade Dance+1","Reflex"],"picked":"Bouncing Flask+1","floor":39},{"not_picked":["Die Die Die","Dodge and Roll"],"picked":"Deadly Poison+1","floor":40},{"not_picked":["Underhanded Strike","Heel Hook+1"],"picked":"Deflect+1","floor":44},{"not_picked":["Skewer","Infinite Blades","PiercingWail+1"],"picked":"SKIP","floor":45},{"not_picked":["Underhanded Strike+1","PiercingWail+1","Bane+1"],"picked":"SKIP","floor":48}],"player_experience":166726,"relics_obtained":[{"floor":7,"key":"Blood Vial"},{"floor":9,"key":"Meat on the Bone"},{"floor":12,"key":"Gremlin Horn"},{"floor":14,"key":"Dead Branch"},{"floor":24,"key":"Ninja Scroll"},{"floor":26,"key":"Blue Candle"},{"floor":36,"key":"Girya"},{"floor":40,"key":"Pocketwatch"}],"event_choices":[{"damage_healed":0,"gold_gain":0,"player_choice":"Take Damage","damage_taken":17,"relics_obtained":["Golden Idol"],"max_hp_gain":0,"max_hp_loss":0,"event_name":"Golden Idol","floor":2,"gold_loss":0},{"damage_healed":0,"gold_gain":0,"player_choice":"Left Gold","damage_taken":0,"max_hp_gain":0,"max_hp_loss":0,"event_name":"World of Goop","floor":3,"gold_loss":38},{"damage_healed":0,"gold_gain":0,"player_choice":"Success","damage_taken":52,"relics_obtained":["Torii"],"max_hp_gain":0,"max_hp_loss":0,"event_name":"Scrap Ooze","floor":4,"gold_loss":0},{"cards_removed":["Dagger Spray"],"damage_healed":0,"gold_gain":0,"player_choice":"Forget","damage_taken":0,"max_hp_gain":0,"max_hp_loss":0,"event_name":"Living Wall","floor":11,"gold_loss":0},{"damage_healed":0,"gold_gain":30,"player_choice":"Searched \u00272\u0027 times","damage_taken":0,"max_hp_gain":0,"max_hp_loss":0,"event_name":"Dead Adventurer","floor":14,"gold_loss":0},{"cards_removed":["Predator"],"damage_healed":0,"gold_gain":0,"player_choice":"Elegance","damage_taken":0,"max_hp_gain":0,"max_hp_loss":0,"event_name":"Back to Basics","floor":21,"gold_loss":0},{"damage_healed":0,"gold_gain":0,"player_choice":"Inject Mutagens","damage_taken":0,"relics_obtained":["MutagenicStrength"],"max_hp_gain":0,"max_hp_loss":0,"event_name":"Drug Dealer","floor":29,"gold_loss":0},{"damage_healed":0,"gold_gain":0,"player_choice":"Fight","damage_taken":0,"max_hp_gain":0,"max_hp_loss":0,"event_name":"Mysterious Sphere","floor":36,"gold_loss":0},{"damage_healed":0,"gold_gain":0,"player_choice":"Max HP","damage_taken":0,"max_hp_gain":0,"max_hp_loss":4,"event_name":"Winding Halls","floor":41,"gold_loss":0},{"cards_removed":["Normality"],"damage_healed":0,"gold_gain":0,"player_choice":"Purged","damage_taken":0,"max_hp_gain":0,"max_hp_loss":0,"event_name":"Purifier","floor":46,"gold_loss":0}],"is_beta":false,"boss_relics":[{"not_picked":["Velvet Choker","Busted Crown"],"picked":"Philosopher\u0027s Stone"},{"not_picked":["Black Star","Orrery"],"picked":"Cursed Key"}],"items_purged_floors":[5,19,38],"is_endless":false,"potions_floor_spawned":[13,14,16,22,28,30,31,37,40,44,45],"killed_by":"Donu and Deca","ascension_level":0}