{"gold_per_floor":[112,123,123,142,142,142,177,177,225,225,243,271,281,281,281,380,380,400,13,23,123,136,136,162,175,175,175,90,108,108,127,127,228,228,240,340,693,712,128,162,172,72,72,83,83,83,54,66,66,66],"floor_reached":51,"playtime":2708,"items_purged":["Strike_G","Strike_G"],"score":832,"play_id":"b68a75b7-5991-4ac3-8bc7-32405aed328e","local_time":"20190627000414","is_ascension_mode":false,"campfire_choices":[{"data":"Skewer","floor":6,"key":"SMITH"},{"data":"Neutralize","floor":10,"key":"SMITH"},{"floor":15,"key":"REST"},{"floor":23,"key":"REST"},{"data":"Apotheosis","floor":30,"key":"SMITH"},{"floor":32,"key":"REST"},{"data":"1","floor":45,"key":"LIFT"},{"data":"2","floor":49,"key":"LIFT"}],"neow_cost":"NONE","seed_source_timestamp":7611560713084,"circlet_count":0,"master_deck":["Defend_G","Defend_G","Defend_G","Defend_G","Defend_G","Strike_G+1","Strike_G+1","Survivor","Neutralize+1","Dramatic Entrance","Noxious Fumes","Blade Dance","Skewer+1","Calculated Gamble","Slice","A Thousand Cuts","Quick Slash","Masterful Stab","After Image","Cloak And Dagger","Deflect","Dark Shackles","Apotheosis+1","PiercingWail","PiercingWail","Deflect","Phantasmal Killer","Cloak And Dagger","Sucker Punch","Dash","Corpse Explosion","Flash of Steel","Purity","Infinite Blades","Well Laid Plans","Dash","Die Die Die","Slice","Slice","Quick Slash","Parasite","Caltrops"],"relics":["Ring of the Snake","Dream Catcher","Bronze Scales","Potion Belt","Sozu","Membership Card","Girya","The Courier","Mummified Hand","Blue Candle","PreservedInsect","Busted Crown","FossilizedHelix","Old Coin","Lee\u0027s Waffle","Lantern","Ice Cream","Oddly Smooth Stone","Blood Vial","Vajra"],"potions_floor_usage":[7,7,12,16],"damage_taken":[{"damage":0,"enemies":"2 Louse","floor":1,"turns":2},{"damage":1,"enemies":"Small Slimes","floor":2,"turns":3},{"damage":0,"enemies":"Cultist","floor":4,"turns":2},{"damage":18,"enemies":"3 Sentries","floor":7,"turns":9},{"damage":0,"enemies":"Exordium Wildlife","floor":11,"turns":2},{"damage":5,"enemies":"Lagavulin","floor":12,"turns":5},{"damage":7,"enemies":"Looter","floor":13,"turns":3},{"damage":0,"enemies":"Slime Boss","floor":16,"turns":5},{"damage":0,"enemies":"Chosen","floor":18,"turns":4},{"damage":3,"enemies":"Shell Parasite","floor":20,"turns":4},{"damage":25,"enemies":"Colosseum Slavers","floor":21,"turns":3},{"damage":19,"enemies":"Colosseum Nobs","floor":21,"turns":4},{"damage":9,"enemies":"Chosen and Byrds","floor":22,"turns":5},{"damage":13,"enemies":"Book of Stabbing","floor":24,"turns":6},{"damage":0,"enemies":"Snake Plant","floor":25,"turns":4},{"damage":0,"enemies":"Centurion and Healer","floor":29,"turns":5},{"damage":4,"enemies":"Snecko","floor":31,"turns":4},{"damage":28,"enemies":"Collector","floor":33,"turns":12},{"damage":9,"enemies":"3 Darklings","floor":35,"turns":3},{"damage":0,"enemies":"Mind Bloom Boss Battle","floor":36,"turns":8},{"damage":24,"enemies":"2 Orb Walkers","floor":37,"turns":4},{"damage":0,"enemies":"Orb Walker","floor":38,"turns":3},{"damage":0,"enemies":"Nemesis","floor":40,"turns":6},{"damage":5,"enemies":"Spire Growth","floor":41,"turns":3},{"damage":0,"enemies":"Writhing Mass","floor":44,"turns":5},{"damage":0,"enemies":"Transient","floor":48,"turns":5},{"damage":22,"enemies":"Donu and Deca","floor":50,"turns":5}],"seed_played":"-8322336260266987236","potions_obtained":[{"floor":1,"key":"AttackPotion"},{"floor":4,"key":"Energy Potion"},{"floor":7,"key":"Fire Potion"},{"floor":11,"key":"SteroidPotion"}],"is_trial":false,"path_per_floor":["M","M","?","M","?","R","E","?","T","R","M","E","M","?","R","B",null,"M","$","M","?","M","R","E","M","T","?","?","M","R","M","R","B",null,"M","?","?","M","$","E","M","$","T","M","R","?","$","M","R","B",null],"character_chosen":"THE_SILENT","items_purchased":["Membership Card","Deflect","Dark Shackles","Apotheosis","Flash of Steel","Purity","Infinite Blades","Well Laid Plans","Dash","Die Die Die","Lee\u0027s Waffle","Lantern","Ice Cream","Oddly Smooth Stone","Vajra","Slice","Quick Slash","Caltrops"],"campfire_rested":3,"item_purchase_floors":[19,19,19,19,39,39,39,39,39,39,39,39,39,39,42,42,42,47],"current_hp_per_floor":[70,69,55,55,60,60,42,42,42,42,42,37,30,23,45,45,75,75,75,72,28,19,41,28,28,28,28,28,28,28,24,46,18,75,66,66,42,42,82,82,77,77,77,79,79,79,79,81,81,60],"gold":66,"neow_bonus":"RANDOM_COLORLESS","is_prod":false,"is_daily":false,"chose_seed":false,"campfire_upgraded":3,"win_rate":0,"timestamp":1561608254,"path_taken":["M","M","?","M","?","R","E","?","T","R","?","E","M","?","R","BOSS","M","$","M","?","M","R","E","M","T","?","?","M","R","M","R","BOSS","M","?","?","M","$","E","M","?","T","?","R","?","$","M","R","BOSS"],"build_version":"2019-01-23","purchased_purges":2,"victory":true,"max_hp_per_floor":[70,70,70,70,75,75,75,75,75,75,75,75,75,75,75,75,75,75,75,75,75,75,75,75,75,75,75,75,75,75,75,75,75,75,75,75,75,75,82,82,82,82,82,82,82,82,82,82,82,82],"card_choices":[{"not_picked":["Reflex","Acrobatics"],"picked":"Noxious Fumes","floor":1},{"not_picked":["Bane","Prepared"],"picked":"Blade Dance","floor":2},{"not_picked":["All Out Attack","Deadly Poison"],"picked":"Skewer","floor":4},{"not_picked":["Endless Agony","Acrobatics"],"picked":"Calculated Gamble","floor":7},{"not_picked":["Underhanded Strike","Expertise"],"picked":"Slice","floor":11},{"not_picked":["Blade Dance","Catalyst"],"picked":"A Thousand Cuts","floor":12},{"not_picked":["Poisoned Stab","Prepared"],"picked":"Quick Slash","floor":13},{"not_picked":["Blade Dance","Cloak And Dagger"],"picked":"Masterful Stab","floor":15},{"not_picked":["A Thousand Cuts","Doppelganger"],"picked":"After Image","floor":16},{"not_picked":["Poisoned Stab","Choke"],"picked":"Cloak And Dagger","floor":18},{"not_picked":["Prepared","Crippling Poison"],"picked":"PiercingWail","floor":20},{"not_picked":["Eviscerate+1","Quick Slash"],"picked":"PiercingWail","floor":21},{"not_picked":["Concentrate","Outmaneuver","Riddle With Holes"],"picked":"SKIP","floor":22},{"not_picked":["Prepared","Concentrate"],"picked":"Deflect","floor":23},{"not_picked":["Underhanded Strike+1","Setup"],"picked":"Phantasmal Killer","floor":24},{"not_picked":["Eviscerate+1","Flying Knee"],"picked":"Cloak And Dagger","floor":25},{"not_picked":["Dagger Spray","Deadly Poison"],"picked":"Sucker Punch","floor":29},{"not_picked":["Sucker Punch","Setup","Dagger Throw+1"],"picked":"SKIP","floor":31},{"not_picked":["Blur","Outmaneuver"],"picked":"Dash","floor":32},{"not_picked":["Bullet Time","Malaise"],"picked":"Corpse Explosion","floor":33},{"not_picked":["Dagger Throw+1"],"picked":"SKIP","floor":35},{"not_picked":["Unload"],"picked":"SKIP","floor":38},{"not_picked":[],"picked":"Slice","floor":40},{"not_picked":["Well Laid Plans"],"picked":"SKIP","floor":41},{"not_picked":["Dagger Throw+1"],"picked":"SKIP","floor":44},{"not_picked":["Concentrate+1"],"picked":"SKIP","floor":48}],"player_experience":263220,"relics_obtained":[{"floor":7,"key":"Dream Catcher"},{"floor":9,"key":"Bronze Scales"},{"floor":12,"key":"Potion Belt"},{"floor":21,"key":"Girya"},{"floor":21,"key":"The Courier"},{"floor":24,"key":"Mummified Hand"},{"floor":26,"key":"Blue Candle"},{"floor":36,"key":"FossilizedHelix"},{"floor":37,"key":"Old Coin"},{"floor":40,"key":"Blood Vial"}],"event_choices":[{"damage_healed":0,"gold_gain":0,"player_choice":"Entered Light","damage_taken":14,"max_hp_gain":0,"max_hp_loss":0,"event_name":"Shining Light","floor":3,"gold_loss":0,"cards_upgraded":["Strike_G","Strike_G"]},{"damage_healed":0,"gold_gain":0,"player_choice":"Donut","damage_taken":0,"max_hp_gain":5,"max_hp_loss":0,"event_name":"Big Fish","floor":5,"gold_loss":0},{"damage_healed":0,"gold_gain":0,"player_choice":"Leave","damage_taken":0,"max_hp_gain":0,"max_hp_loss":0,"event_name":"FaceTrader","floor":8,"gold_loss":0},{"cards_removed":["Strike_G"],"damage_healed":0,"gold_gain":0,"player_choice":"Card Removal","damage_taken":7,"max_hp_gain":0,"max_hp_loss":0,"event_name":"Golden Wing","floor":14,"gold_loss":0},{"damage_healed":0,"gold_gain":0,"player_choice":"Fight","damage_taken":0,"max_hp_gain":0,"max_hp_loss":0,"event_name":"Colosseum","floor":21,"gold_loss":0},{"damage_healed":0,"gold_gain":0,"player_choice":"Fought Nobs","damage_taken":0,"max_hp_gain":0,"max_hp_loss":0,"event_name":"Colosseum","floor":21,"gold_loss":0},{"damage_healed":0,"gold_gain":0,"player_choice":"Ignored","damage_taken":0,"max_hp_gain":0,"max_hp_loss":0,"event_name":"Ghosts","floor":27,"gold_loss":0},{"damage_healed":0,"gold_gain":0,"player_choice":"Obtained Relic","damage_taken":0,"relics_obtained":["PreservedInsect"],"max_hp_gain":0,"max_hp_loss":0,"event_name":"Addict","floor":28,"gold_loss":85},{"damage_healed":0,"gold_gain":0,"player_choice":"Fight","damage_taken":0,"max_hp_gain":0,"max_hp_loss":0,"event_name":"MindBloom","floor":36,"gold_loss":0},{"damage_healed":0,"gold_gain":0,"player_choice":"Fight","damage_taken":0,"max_hp_gain":0,"max_hp_loss":0,"event_name":"Mysterious Sphere","floor":37,"gold_loss":0},{"damage_healed":0,"gold_gain":0,"player_choice":"Bought 0 Potions","damage_taken":0,"max_hp_gain":0,"max_hp_loss":0,"event_name":"The Woman in Blue","floor":46,"gold_loss":0}],"is_beta":false,"boss_relics":[{"not_picked":["Black Star","Pandora\u0027s Box"],"picked":"Sozu"},{"not_picked":["Eternal Feather","Astrolabe"],"picked":"Busted Crown"}],"items_purged_floors":[19,39],"is_endless":false,"potions_floor_spawned":[1,4,7,11,18,20,22,29,31,35,36,38,48],"ascension_level":0}