{"gold_per_floor":[366,385,385,397,497,526,541,18,18,28,62,9,9,42,42,146,146,166,186,186,197,197,197,197,215,263,263],"floor_reached":27,"playtime":1063,"items_purged":[],"score":258,"play_id":"84bff4fd-86c9-4a0f-808a-d07f9d871319","local_time":"20190625194345","is_ascension_mode":false,"campfire_choices":[{"floor":13,"key":"REST"},{"floor":15,"key":"REST"},{"floor":23,"key":"REST"}],"neow_cost":"PERCENT_DAMAGE","seed_source_timestamp":1136686582918925,"circlet_count":0,"master_deck":["Strike_B+1","Strike_B","Defend_B","Defend_B","Defend_B","Defend_B+1","Zap","Dualcast","Turbo","Sweeping Beam+1","Conserve Battery","Zap","Rainbow","Doom and Gloom","Beam Cell","White Noise+1","Genetic Algorithm","Streamline","Disarm","Apotheosis","Doom and Gloom+1","Hologram+1","Leap","Decay","Turbo"],"relics":["Cracked Core","Whetstone","PrismaticShard","Matryoshka","PreservedInsect","War Paint","Pantograph","Blue Candle","Empty Cage","Bag of Preparation"],"potions_floor_usage":[6,10,14,18,25],"damage_taken":[{"damage":0,"enemies":"Small Slimes","floor":1,"turns":2},{"damage":1,"enemies":"Cultist","floor":2,"turns":3},{"damage":7,"enemies":"Jaw Worm","floor":4,"turns":3},{"damage":19,"enemies":"Gremlin Nob","floor":6,"turns":4},{"damage":8,"enemies":"Exordium Thugs","floor":7,"turns":2},{"damage":0,"enemies":"Gremlin Gang","floor":10,"turns":3},{"damage":9,"enemies":"3 Sentries","floor":11,"turns":3},{"damage":0,"enemies":"Gremlin Nob","floor":14,"turns":2},{"damage":25,"enemies":"Hexaghost","floor":16,"turns":8},{"damage":27,"enemies":"2 Thieves","floor":18,"turns":3},{"damage":7,"enemies":"Spheric Guardian","floor":19,"turns":3},{"damage":25,"enemies":"Shelled Parasite and Fungi","floor":21,"turns":5},{"damage":15,"enemies":"3 Cultists","floor":25,"turns":4},{"damage":15,"enemies":"Chosen and Byrds","floor":27,"turns":5}],"seed_played":"-538842563675558651","potions_obtained":[{"floor":1,"key":"PowerPotion"},{"floor":6,"key":"AttackPotion"},{"floor":10,"key":"Swift Potion"},{"floor":16,"key":"Fire Potion"},{"floor":18,"key":"Ancient Potion"},{"floor":19,"key":"PowerPotion"}],"is_trial":false,"path_per_floor":["M","M","?","M","?","E","M","$","T","M","E","$","R","E","R","B",null,"M","M","?","M","?","R","?","M","T","M"],"character_chosen":"DEFECT","items_purchased":["PrismaticShard","Matryoshka","White Noise","Streamline"],"campfire_rested":3,"item_purchase_floors":[8,8,8,12],"current_hp_per_floor":[54,53,53,46,46,27,19,19,19,19,10,10,32,32,54,50,75,48,41,41,16,16,38,31,16,16,1],"gold":263,"neow_bonus":"TWO_FIFTY_GOLD","is_prod":false,"is_daily":false,"chose_seed":false,"campfire_upgraded":0,"win_rate":0,"timestamp":1561506225,"path_taken":["M","M","?","?","?","E","M","$","T","M","E","?","R","E","R","BOSS","M","?","?","M","?","R","?","M","T","?"],"build_version":"2019-01-23","purchased_purges":0,"victory":false,"max_hp_per_floor":[75,75,75,75,75,75,75,75,75,75,75,75,75,75,75,75,75,75,75,75,75,75,75,75,75,75,75],"card_choices":[{"not_picked":["Heatsinks","Coolheaded"],"picked":"Turbo","floor":1},{"not_picked":["Ball Lightning","Auto Shields"],"picked":"Sweeping Beam","floor":2},{"not_picked":["Darkness","Go for the Eyes"],"picked":"Rainbow","floor":4},{"not_picked":["Undo","Blizzard"],"picked":"Doom and Gloom","floor":6},{"not_picked":["Loop","Doom and Gloom"],"picked":"Beam Cell","floor":7},{"not_picked":["Cleave","All Out Attack","Clash"],"picked":"SKIP","floor":10},{"not_picked":["Clash","Sucker Punch"],"picked":"Genetic Algorithm","floor":11},{"not_picked":["Battle Trance","Phantasmal Killer"],"picked":"Disarm","floor":14},{"not_picked":["Magnetism","Demon Form"],"picked":"Apotheosis","floor":16},{"not_picked":["Blur+1","Thunderclap"],"picked":"Doom and Gloom+1","floor":18},{"not_picked":["Coolheaded","Calculated Gamble"],"picked":"Hologram+1","floor":19},{"not_picked":["Infernal Blade+1","Ball Lightning"],"picked":"Leap","floor":21},{"not_picked":["Blade Dance","Footwork"],"picked":"Turbo","floor":25}],"player_experience":246786,"relics_obtained":[{"floor":6,"key":"Whetstone"},{"floor":9,"key":"PreservedInsect"},{"floor":9,"key":"War Paint"},{"floor":11,"key":"Pantograph"},{"floor":14,"key":"Blue Candle"},{"floor":26,"key":"Bag of Preparation"}],"event_choices":[{"damage_healed":0,"gold_gain":0,"player_choice":"2 cards matched","damage_taken":0,"max_hp_gain":0,"max_hp_loss":0,"event_name":"Match and Keep!","floor":3,"gold_loss":0,"cards_obtained":["Conserve Battery","Zap"]},{"damage_healed":0,"gold_gain":100,"player_choice":"Gold","damage_taken":0,"max_hp_gain":0,"max_hp_loss":0,"event_name":"Wheel of Change","floor":5,"gold_loss":0},{"damage_healed":0,"gold_gain":0,"player_choice":"Ignored","damage_taken":0,"max_hp_gain":0,"max_hp_loss":0,"event_name":"Vampires","floor":20,"gold_loss":0},{"damage_healed":0,"gold_gain":0,"player_choice":"Smashed Altar","damage_taken":0,"max_hp_gain":0,"max_hp_loss":0,"event_name":"Forgotten Altar","floor":22,"gold_loss":0,"cards_obtained":["Decay"]},{"damage_healed":0,"gold_gain":0,"player_choice":"","damage_taken":7,"max_hp_gain":0,"max_hp_loss":0,"event_name":"Knowing Skull","floor":24,"potions_obtained":[],"gold_loss":0,"cards_obtained":[]}],"is_beta":false,"boss_relics":[{"not_picked":["Runic Dome","Eternal Feather"],"picked":"Empty Cage"}],"items_purged_floors":[],"is_endless":false,"potions_floor_spawned":[1,6,10,16,18,19],"killed_by":"Chosen and Byrds","ascension_level":0}