{"gold_per_floor":[113,113,126,140,160,160,186,186,212,212,230,22,39,57,57,57],"floor_reached":16,"playtime":560,"items_purged":["Strike_R"],"score":192,"play_id":"72efd6b3-8fff-44f0-9d2e-b08a1ffd140d","local_time":"20190718225547","is_ascension_mode":true,"campfire_choices":[{"data":"Whirlwind","floor":6,"key":"SMITH"},{"floor":8,"key":"REST"},{"data":"Immolate","floor":10,"key":"SMITH"},{"floor":15,"key":"REST"}],"neow_cost":"TEN_PERCENT_HP_LOSS","seed_source_timestamp":526419843414500,"circlet_count":0,"master_deck":["AscendersBane","Strike_R","Strike_R","Defend_R","Defend_R","Defend_R","Defend_R","Bash+1","Immolate+1","Dropkick","Headbutt","Perfected Strike","Whirlwind+1","Rage","Wild Strike","Feel No Pain","True Grit","True Grit","Pommel Strike"],"relics":["Burning Blood","Anchor","Strawberry"],"potions_floor_usage":[7,7,16,16],"damage_taken":[{"damage":5,"enemies":"Small Slimes","floor":1,"turns":3},{"damage":0,"enemies":"Cultist","floor":3,"turns":2},{"damage":7,"enemies":"Jaw Worm","floor":4,"turns":2},{"damage":37,"enemies":"Gremlin Gang","floor":5,"turns":4},{"damage":41,"enemies":"Lagavulin","floor":7,"turns":6},{"damage":10,"enemies":"Exordium Wildlife","floor":11,"turns":3},{"damage":0,"enemies":"3 Louse","floor":13,"turns":3},{"damage":19,"enemies":"Large Slime","floor":14,"turns":7},{"damage":55,"enemies":"The Guardian","floor":16,"turns":14}],"seed_played":"5295716206290893416","potions_obtained":[{"floor":3,"key":"Regen Potion"},{"floor":5,"key":"AttackPotion"},{"floor":13,"key":"SpeedPotion"},{"floor":14,"key":"Dexterity Potion"}],"is_trial":false,"path_per_floor":["M","?","M","M","M","R","E","R","T","R","M","$","M","M","R","B"],"character_chosen":"IRONCLAD","items_purchased":["Feel No Pain","True Grit"],"campfire_rested":2,"item_purchase_floors":[12,12],"current_hp_per_floor":[68,68,68,67,36,36,16,36,43,43,39,39,45,32,54,0],"gold":57,"neow_bonus":"TRANSFORM_TWO_CARDS","is_prod":false,"is_daily":false,"chose_seed":false,"campfire_upgraded":2,"win_rate":0,"timestamp":1563483347,"path_taken":["M","?","M","?","M","R","E","R","T","R","M","$","M","M","R","BOSS"],"build_version":"2019-07-17","purchased_purges":1,"victory":false,"max_hp_per_floor":[68,68,68,68,68,68,68,68,75,75,75,75,75,75,75,75],"card_choices":[{"not_picked":["Warcry","Sword Boomerang"],"picked":"Headbutt","floor":1},{"not_picked":["Twin Strike","Intimidate"],"picked":"Perfected Strike","floor":3},{"not_picked":["Berserk","Hemokinesis","Corruption"],"picked":"SKIP","floor":4},{"not_picked":["Dual Wield","Cleave"],"picked":"Whirlwind","floor":5},{"not_picked":["Sever Soul","Havoc"],"picked":"Rage","floor":7},{"not_picked":["Reckless Charge","Sword Boomerang"],"picked":"Wild Strike","floor":11},{"not_picked":["Reckless Charge","Bloodletting"],"picked":"True Grit","floor":13},{"not_picked":["Searing Blow","Cleave"],"picked":"Pommel Strike","floor":14}],"player_experience":1681126,"relics_obtained":[{"floor":7,"key":"Anchor"},{"floor":9,"key":"Strawberry"}],"event_choices":[{"damage_healed":0,"gold_gain":0,"player_choice":"Upgraded","damage_taken":0,"max_hp_gain":0,"max_hp_loss":0,"event_name":"Upgrade Shrine","floor":2,"gold_loss":0,"cards_upgraded":["Bash"]}],"is_beta":false,"boss_relics":[],"items_purged_floors":[12],"is_endless":false,"potions_floor_spawned":[3,5,13,14],"killed_by":"The Guardian","ascension_level":17}