{"path_per_floor":["M","$","?","M","M","R","?","M","T","R","T","E","M","?","R","B",null,"M","?","M","?","M","M","$","M","T","?","R","$","R","$","R","B",null,"M","M","M","?","T","R","M","R","T","$","M","$","R","$","R","B"],"character_chosen":"IRONCLAD","items_purchased":["Ancient Tea Set","Flex","Fire Potion","Strength Potion"],"gold_per_floor":[210,58,58,72,89,89,89,104,104,104,104,129,139,139,139,244,244,262,262,282,197,217,232,156,170,217,217,217,119,119,69,69,166,166,176,196,206,261,333,333,351,351,351,253,272,222,222,172,172,172],"floor_reached":51,"campfire_rested":4,"playtime":1537,"current_hp_per_floor":[80,80,80,80,80,80,80,79,79,79,79,77,74,79,85,64,85,83,83,67,67,72,49,49,25,25,25,50,50,50,50,75,47,85,85,85,85,43,43,43,45,70,70,70,69,69,69,69,69,57],"items_purged":["Strike_R","Doubt","Strike_R","Decay","Injury","Strike_R"],"gold":172,"score":645,"play_id":"b1d64eaa-f555-46c3-858f-f520b0edc597","local_time":"20180514213352","is_prod":false,"is_daily":false,"chose_seed":false,"is_ascension_mode":false,"campfire_upgraded":4,"timestamp":1526330032,"path_taken":["M","$","?","M","M","R","?","M","T","R","?","E","?","?","R","BOSS","M","?","M","?","?","M","$","?","T","?","R","?","R","$","R","BOSS","M","M","M","?","?","R","M","R","T","$","M","$","R","$","R","BOSS"],"build_version":"2018-05-10","seed_source_timestamp":433146214571513,"purchased_purges":7,"victory":true,"master_deck":["Strike_R","Strike_R","Defend_R","Defend_R","Defend_R","Defend_R","Bash+1","Whirlwind+1","Flex+1","Reaper","Shockwave","Thunderclap","Double Tap+1","Flex+1","Inflame+1","Seeing Red+1"],"max_hp_per_floor":[80,80,80,80,80,80,80,80,80,80,80,80,80,85,85,85,85,85,85,85,85,85,85,85,85,85,85,85,85,85,85,85,85,85,85,85,85,85,85,85,85,85,85,85,85,85,85,85,85,85],"relics":["Burning Blood","Ancient Tea Set","Frozen Egg 2","Smiling Mask","Champion Belt","Cursed Key","Ice Cream","Nloth\u0027s Gift","Velvet Choker","Charon\u0027s Ashes","Toolbox","Girya"],"card_choices":[{"not_picked":["Havoc","Fire Breathing"],"picked":"Whirlwind","floor":1},{"not_picked":["Anger","Second Wind"],"picked":"Flex","floor":8},{"not_picked":["Brutality","Juggernaut"],"picked":"Reaper","floor":16},{"not_picked":["Twin Strike","Cleave"],"picked":"Shockwave","floor":20},{"not_picked":["Corruption","Disarm"],"picked":"Thunderclap","floor":22},{"not_picked":["Iron Wave","Clothesline"],"picked":"Double Tap","floor":23},{"not_picked":["Wild Strike","Anger"],"picked":"Inflame","floor":37},{"not_picked":["Sword Boomerang","Anger"],"picked":"Seeing Red","floor":38}],"player_experience":303364,"potions_floor_usage":[16,16,22,41,50,50],"damage_taken":[{"damage":5,"enemies":"2 Louse","floor":1,"turns":3},{"damage":6,"enemies":"Jaw Worm","floor":4,"turns":3},{"damage":6,"enemies":"Cultist","floor":5,"turns":3},{"damage":7,"enemies":"Blue Slaver","floor":8,"turns":3},{"damage":8,"enemies":"Gremlin Nob","floor":12,"turns":3},{"damage":9,"enemies":"Red Slaver","floor":13,"turns":2},{"damage":27,"enemies":"Slime Boss","floor":16,"turns":8},{"damage":8,"enemies":"Shell Parasite","floor":18,"turns":3},{"damage":22,"enemies":"2 Thieves","floor":20,"turns":3},{"damage":13,"enemies":"Cultist and Chosen","floor":22,"turns":5},{"damage":29,"enemies":"Slaver and Parasite","floor":23,"turns":3},{"damage":36,"enemies":"Snake Plant","floor":25,"turns":5},{"damage":34,"enemies":"Automaton","floor":33,"turns":5},{"damage":6,"enemies":"3 Darklings","floor":35,"turns":2},{"damage":9,"enemies":"Orb Walker","floor":36,"turns":3},{"damage":0,"enemies":"Sphere and 2 Shapes","floor":37,"turns":2},{"damage":48,"enemies":"Mysterious Sphere","floor":38,"turns":3},{"damage":28,"enemies":"Maw","floor":41,"turns":5},{"damage":22,"enemies":"4 Shapes","floor":45,"turns":5},{"damage":40,"enemies":"Time Eater","floor":50,"turns":5}],"event_choices":[{"event_name":"The Cleric","player_choice":"Leave","floor":3,"damage_taken":0},{"event_name":"Living Wall","player_choice":"Grow","floor":7,"damage_taken":0},{"event_name":"Big Fish","player_choice":"Donut","floor":14,"damage_taken":0},{"event_name":"The Mausoleum","player_choice":"No","floor":19,"damage_taken":0},{"event_name":"Addict","player_choice":"Obtained Relic","floor":21,"damage_taken":0},{"event_name":"N\u0027loth","player_choice":"Traded a Bronze Scales","floor":27,"damage_taken":0},{"event_name":"Mysterious Sphere","player_choice":"Fight","floor":38,"damage_taken":0}],"boss_relics":[{"not_picked":["Tiny House","Mark of Pain"],"picked":"Cursed Key"},{"not_picked":["Pandora\u0027s Box","Eternal Feather"],"picked":"Velvet Choker"}],"potions_floor_spawned":[4,13,20,25,33,35,37,41],"seed_played":"2725782711152194627","ascension_level":0,"is_trial":false}