{"gold_per_floor":[112,122,11,11,11,11,11,11,36,36,62,62,93,110,110,110],"floor_reached":16,"playtime":340,"items_purged":["Strike_B"],"score":223,"play_id":"999ce5e0-4ccf-4ac2-8f00-ba63d119771b","local_time":"20190423142901","is_ascension_mode":true,"campfire_choices":[{"data":"Zap","floor":6,"key":"SMITH"},{"data":"Capacitor","floor":8,"key":"SMITH"},{"data":"Conserve Battery","floor":15,"key":"SMITH"}],"neow_cost":"NONE","seed_source_timestamp":58569369225900,"circlet_count":0,"master_deck":["AscendersBane","Strike_B","Strike_B","Defend_B","Defend_B","Defend_B","Defend_B","Zap+1","Dualcast","Reinforced Body","Double Energy","Capacitor+1","BootSequence","Conserve Battery+1","Cold Snap"],"relics":["Cracked Core","NeowsBlessing","Potion Belt","Bag of Preparation","Pear","Strawberry"],"potions_floor_usage":[13],"damage_taken":[{"damage":0,"enemies":"Cultist","floor":1,"turns":1},{"damage":0,"enemies":"Jaw Worm","floor":2,"turns":1},{"damage":0,"enemies":"3 Sentries","floor":11,"turns":1},{"damage":4,"enemies":"Lagavulin","floor":13,"turns":9},{"damage":0,"enemies":"Small Slimes","floor":14,"turns":3},{"damage":66,"enemies":"Slime Boss","floor":16,"turns":12}],"seed_played":"-1917609570751371286","potions_obtained":[{"floor":1,"key":"PowerPotion"}],"is_trial":false,"path_per_floor":["M","M","$","?","?","R","?","R","T","$","E","$","E","M","R","B"],"character_chosen":"DEFECT","items_purchased":["Capacitor"],"campfire_rested":0,"item_purchase_floors":[3],"current_hp_per_floor":[64,64,64,57,45,45,45,45,45,45,55,55,58,58,58,0],"gold":110,"neow_bonus":"THREE_ENEMY_KILL","is_prod":false,"is_daily":false,"chose_seed":false,"campfire_upgraded":3,"win_rate":0,"timestamp":1556022541,"path_taken":["M","?","$","?","?","R","?","R","T","?","E","?","E","M","R","BOSS"],"build_version":"2019-01-23","purchased_purges":1,"victory":false,"max_hp_per_floor":[71,71,71,71,71,71,71,71,71,71,81,81,88,88,88,88],"card_choices":[{"not_picked":["Recycle","Turbo"],"picked":"Reinforced Body","floor":1},{"not_picked":["Rebound","Coolheaded"],"picked":"Double Energy","floor":2},{"not_picked":["Coolheaded","Static Discharge"],"picked":"BootSequence","floor":11},{"not_picked":["Ball Lightning","Core Surge"],"picked":"Conserve Battery","floor":13},{"not_picked":["Rebound","Reinforced Body"],"picked":"Cold Snap","floor":14}],"player_experience":1051238,"relics_obtained":[{"floor":9,"key":"Bag of Preparation"},{"floor":11,"key":"Pear"},{"floor":13,"key":"Strawberry"}],"event_choices":[{"cards_removed":["Strike_B"],"damage_healed":0,"gold_gain":0,"player_choice":"Card Removal","damage_taken":7,"max_hp_gain":0,"max_hp_loss":0,"event_name":"Golden Wing","floor":4,"gold_loss":0},{"damage_healed":0,"gold_gain":0,"player_choice":"Success","damage_taken":12,"relics_obtained":["Potion Belt"],"max_hp_gain":0,"max_hp_loss":0,"event_name":"Scrap Ooze","floor":5,"gold_loss":0},{"damage_healed":0,"gold_gain":0,"player_choice":"Leave","damage_taken":0,"max_hp_gain":0,"max_hp_loss":0,"event_name":"The Cleric","floor":7,"gold_loss":0}],"is_beta":false,"boss_relics":[],"items_purged_floors":[3],"is_endless":false,"potions_floor_spawned":[1],"killed_by":"Slime Boss","ascension_level":14}