{"gold_per_floor":[117,117,137,137,137,165,165,200,200,217,245,261,25,41,41,113,113,13,13,27,27],"floor_reached":21,"playtime":890,"items_purged":["Strike_R"],"score":422,"play_id":"2cfedea3-c332-4394-aed6-c621b48fe56d","local_time":"20190808222215","is_ascension_mode":true,"campfire_choices":[{"data":"Feel No Pain","floor":7,"key":"SMITH"},{"data":"Armaments","floor":15,"key":"SMITH"}],"neow_cost":"NONE","seed_source_timestamp":537604446753400,"circlet_count":0,"master_deck":["AscendersBane","Strike_R","Strike_R","Strike_R","Defend_R","Defend_R","Defend_R","Defend_R","Bash+1","Iron Wave","Feel No Pain+1","Power Through","Flex","Metallicize","Body Slam","Armaments+1","Dual Wield","Reaper","Sword Boomerang","RitualDagger","Feel No Pain"],"relics":["Burning Blood","NeowsBlessing","Anchor","Darkstone Periapt","Ornamental Fan","Self Forming Clay","Potion Belt","White Beast Statue"],"potions_floor_usage":[8,8,11,16,21],"damage_taken":[{"damage":0,"enemies":"2 Louse","floor":1,"turns":1},{"damage":0,"enemies":"Small Slimes","floor":3,"turns":1},{"damage":0,"enemies":"Lagavulin","floor":6,"turns":2},{"damage":11,"enemies":"Gremlin Nob","floor":8,"turns":4},{"damage":2,"enemies":"Cultist","floor":10,"turns":3},{"damage":10,"enemies":"3 Sentries","floor":11,"turns":16},{"damage":0,"enemies":"Blue Slaver","floor":12,"turns":5},{"damage":14,"enemies":"Looter","floor":14,"turns":5},{"damage":21,"enemies":"The Guardian","floor":16,"turns":17},{"damage":19,"enemies":"2 Thieves","floor":18,"turns":5},{"damage":33,"enemies":"Spheric Guardian","floor":20,"turns":9},{"damage":40,"enemies":"3 Cultists","floor":21,"turns":4}],"seed_played":"1727515242864901455","potions_obtained":[{"floor":1,"key":"AttackPotion"},{"floor":6,"key":"Block Potion"},{"floor":10,"key":"Weak Potion"},{"floor":12,"key":"Dexterity Potion"},{"floor":18,"key":"Dexterity Potion"},{"floor":20,"key":"EssenceOfSteel"}],"is_trial":false,"path_per_floor":["M","?","M","$","?","E","R","E","T","M","E","M","$","M","R","B",null,"M","?","M","M"],"character_chosen":"IRONCLAD","items_purchased":["Potion Belt"],"campfire_rested":0,"item_purchase_floors":[13],"current_hp_per_floor":[74,67,73,73,73,75,75,70,70,74,70,75,75,67,67,52,69,65,59,32,0],"gold":27,"neow_bonus":"THREE_ENEMY_KILL","is_prod":false,"is_daily":false,"chose_seed":false,"campfire_upgraded":2,"win_rate":0,"timestamp":1565295735,"path_taken":["M","?","M","$","?","E","R","E","T","M","E","M","$","?","R","BOSS","M","?","M","M"],"build_version":"2019-07-17","purchased_purges":1,"victory":false,"max_hp_per_floor":[75,75,75,75,75,75,75,75,75,75,75,75,75,75,75,75,75,75,75,75,75],"card_choices":[{"not_picked":["Burning Pact","Warcry"],"picked":"Iron Wave","floor":1},{"not_picked":["Clash","Clothesline"],"picked":"Feel No Pain","floor":3},{"not_picked":["Sword Boomerang","Havoc"],"picked":"Power Through","floor":6},{"not_picked":["Disarm","Blood for Blood"],"picked":"Flex","floor":8},{"not_picked":["Sword Boomerang","Iron Wave"],"picked":"Metallicize","floor":10},{"not_picked":["Armaments","Berserk"],"picked":"Body Slam","floor":11},{"not_picked":["Body Slam","Havoc"],"picked":"Armaments","floor":12},{"not_picked":["Carnage","Warcry"],"picked":"Dual Wield","floor":14},{"not_picked":["Berserk","Immolate"],"picked":"Reaper","floor":16},{"not_picked":["Wild Strike","Pommel Strike"],"picked":"Sword Boomerang","floor":18},{"not_picked":["Armaments","Warcry"],"picked":"Feel No Pain","floor":20}],"player_experience":1840890,"relics_obtained":[{"floor":6,"key":"Anchor"},{"floor":8,"key":"Darkstone Periapt"},{"floor":9,"key":"Ornamental Fan"},{"floor":11,"key":"Self Forming Clay"}],"event_choices":[{"cards_removed":["Strike_R"],"damage_healed":0,"gold_gain":0,"player_choice":"Card Removal","damage_taken":7,"max_hp_gain":0,"max_hp_loss":0,"event_name":"Golden Wing","floor":2,"gold_loss":0},{"damage_healed":0,"gold_gain":0,"player_choice":"Forge","damage_taken":0,"max_hp_gain":0,"max_hp_loss":0,"event_name":"Accursed Blacksmith","floor":5,"gold_loss":0,"cards_upgraded":["Bash"]},{"damage_healed":0,"gold_gain":0,"player_choice":"Joined the Cult","damage_taken":6,"max_hp_gain":0,"max_hp_loss":0,"event_name":"Nest","floor":19,"gold_loss":0,"cards_obtained":["RitualDagger"]}],"is_beta":false,"boss_relics":[{"not_picked":["Tiny House","Ectoplasm"],"picked":"White Beast Statue"}],"items_purged_floors":[13],"is_endless":false,"potions_floor_spawned":[1,6,10,12,18,20],"killed_by":"3 Cultists","ascension_level":18}