{"gold_per_floor":[115,190,36,56,56,88,88,153,153,153,163,163,13,46,46,150,150,160,170,186,205,221,221,248,248,273,273,292,302,217,232,232,327,327,344,82,98,116,126,126,145,170,217,268,268,288,288,288,288,288],"floor_reached":51,"playtime":2995,"items_purged":["Strike_G","Flying Knee"],"score":1011,"play_id":"fadf1038-39d9-431a-8e14-b2bcf7229fb0","local_time":"20190926235706","is_ascension_mode":true,"campfire_choices":[{"data":"Dagger Spray","floor":7.0,"key":"SMITH"},{"data":"Noxious Fumes","floor":10.0,"key":"SMITH"},{"data":"Neutralize","floor":12.0,"key":"SMITH"},{"floor":15.0,"key":"REST"},{"data":"Footwork","floor":23.0,"key":"SMITH"},{"data":"Burst","floor":25.0,"key":"SMITH"},{"floor":27.0,"key":"REST"},{"data":"Malaise","floor":32.0,"key":"SMITH"},{"data":"Footwork","floor":40.0,"key":"SMITH"},{"data":"Corpse Explosion","floor":45,"key":"SMITH"},{"floor":47,"key":"REST"},{"data":"Expertise","floor":49,"key":"SMITH"}],"neow_cost":"NONE","seed_source_timestamp":738101701329089,"circlet_count":0,"master_deck":["Survivor","Neutralize+1","Dagger Spray+1","Noxious Fumes+1","Footwork+1","Dash","Burst+1","Catalyst+1","Leg Sweep","Dodge and Roll","Backstab","Malaise+1","Corpse Explosion+1","Footwork+1","Expertise+1","Blur","Backflip+1","Dodge and Roll"],"special_seed":0,"relics":["Calling Bell","Vajra","Singing Bowl","FossilizedHelix","Happy Flower","Tiny Chest","Ninja Scroll","Dodecahedron","Sozu","Gremlin Horn","Pen Nib","The Courier","Pandora\u0027s Box","Shuriken","Orichalcum","Tingsha"],"potions_floor_usage":[],"damage_taken":[{"damage":0.0,"enemies":"Cultist","floor":1.0,"turns":4.0},{"damage":0.0,"enemies":"2 Louse","floor":4.0,"turns":2.0},{"damage":16.0,"enemies":"Gremlin Nob","floor":6.0,"turns":5.0},{"damage":20.0,"enemies":"3 Sentries","floor":8.0,"turns":7.0},{"damage":0.0,"enemies":"Jaw Worm","floor":11.0,"turns":2.0},{"damage":0.0,"enemies":"Gremlin Nob","floor":14.0,"turns":4.0},{"damage":27.0,"enemies":"Hexaghost","floor":16.0,"turns":9.0},{"damage":0.0,"enemies":"Chosen","floor":18.0,"turns":5.0},{"damage":6.0,"enemies":"3 Byrds","floor":19.0,"turns":4.0},{"damage":20.0,"enemies":"Shelled Parasite and Fungi","floor":20.0,"turns":5.0},{"damage":15.0,"enemies":"Snake Plant","floor":21.0,"turns":5.0},{"damage":0.0,"enemies":"Snecko","floor":22.0,"turns":5.0},{"damage":0.0,"enemies":"Book of Stabbing","floor":24.0,"turns":6.0},{"damage":0.0,"enemies":"3 Cultists","floor":28.0,"turns":4.0},{"damage":0.0,"enemies":"Centurion and Healer","floor":29.0,"turns":6.0},{"damage":0.0,"enemies":"Cultist and Chosen","floor":31.0,"turns":7.0},{"damage":29.0,"enemies":"Collector","floor":33.0,"turns":10.0},{"damage":12.0,"enemies":"3 Darklings","floor":35.0,"turns":3.0},{"damage":0.0,"enemies":"Orb Walker","floor":37.0,"turns":4.0},{"damage":0.0,"enemies":"4 Shapes","floor":38.0,"turns":2.0},{"damage":14.0,"enemies":"Transient","floor":39.0,"turns":5.0},{"damage":0.0,"enemies":"Sphere and 2 Shapes","floor":41.0,"turns":4.0},{"damage":0,"enemies":"Nemesis","floor":42,"turns":5},{"damage":11,"enemies":"2 Orb Walkers","floor":44,"turns":2},{"damage":23,"enemies":"Jaw Worm Horde","floor":46,"turns":3},{"damage":5,"enemies":"Awakened One","floor":50,"turns":13}],"seed_played":"-2526913319586995460","potions_obtained":[{"floor":1.0,"key":"Fire Potion"},{"floor":8.0,"key":"Fire Potion"},{"floor":16.0,"key":"SpeedPotion"}],"is_trial":false,"path_per_floor":["M","?","$","M","?","E","R","E","T","R","M","R","$","E","R","B",null,"M","M","M","M","M","R","E","R","T","R","M","M","?","M","R","B",null,"M","$","M","M","M","R","M","E","T","?","R","M","R","?","R","B",null],"character_chosen":"THE_SILENT","items_purchased":["Noxious Fumes","Footwork","Dash","Footwork","Expertise","Blur"],"campfire_rested":3,"item_purchase_floors":[3,13,13,36,36,36],"current_hp_per_floor":[70,59,59,61,61,45,45,25,25,25,27,27,27,29,51,24,63,63,57,37,24,24,24,24,24,24,47,49,51,51,51,51,22,67,57,57,59,61,49,49,49,49,49,40,40,19,47,47,47,42],"gold":288,"neow_bonus":"BOSS_RELIC","is_prod":false,"is_daily":false,"chose_seed":false,"campfire_upgraded":9,"win_rate":0,"timestamp":1569567426,"path_taken":["M","?","$","M","?","E","R","E","T","R","M","R","$","E","R","BOSS","M","M","M","M","M","R","E","R","T","R","M","M","?","M","R","BOSS","BOSS","M","$","M","M","M","R","M","E","T","?","R","M","R","?","R","BOSS"],"build_version":"2019-07-17","purchased_purges":2,"victory":true,"max_hp_per_floor":[70,70,70,72,72,72,72,72,72,72,74,74,74,76,76,76,76,76,76,76,78,78,78,78,78,78,78,80,82,82,82,82,82,82,84,84,86,88,90,90,90,90,90,92,92,94,94,94,94,94],"card_choices":[{"not_picked":["Blade Dance","Endless Agony"],"picked":"Dagger Spray","floor":1.0},{"not_picked":["Dagger Throw","Poisoned Stab","Prepared"],"picked":"Singing Bowl","floor":4.0},{"not_picked":["Outmaneuver","Phantasmal Killer"],"picked":"Flying Knee","floor":6.0},{"not_picked":["Acrobatics","Calculated Gamble"],"picked":"Well Laid Plans","floor":8.0},{"not_picked":["Flying Knee","Calculated Gamble","Heel Hook"],"picked":"Singing Bowl","floor":11.0},{"not_picked":["Cloak And Dagger","Dagger Spray","Caltrops"],"picked":"Singing Bowl","floor":14.0},{"not_picked":["Unload","Wraith Form v2"],"picked":"Burst","floor":16.0},{"not_picked":["Cloak And Dagger","Bane"],"picked":"Catalyst+1","floor":19.0},{"not_picked":["Riddle With Holes","Dodge and Roll+1"],"picked":"Leg Sweep","floor":20.0},{"not_picked":["Deflect","Endless Agony","Sucker Punch+1"],"picked":"Singing Bowl","floor":21.0},{"not_picked":["Dagger Spray","PiercingWail"],"picked":"Dodge and Roll","floor":22.0},{"not_picked":["Setup","Caltrops"],"picked":"Backstab","floor":24.0},{"not_picked":["Riddle With Holes","Outmaneuver","Cloak And Dagger"],"picked":"Singing Bowl","floor":28.0},{"not_picked":["Slice","Sucker Punch","Endless Agony"],"picked":"Singing Bowl","floor":29.0},{"not_picked":["Dagger Throw","Bane+1"],"picked":"Malaise","floor":31.0},{"not_picked":["Wraith Form v2","Malaise"],"picked":"Corpse Explosion","floor":33.0},{"not_picked":["PiercingWail+1","Cloak And Dagger+1","Well Laid Plans"],"picked":"Singing Bowl","floor":35.0},{"not_picked":["Heel Hook+1","Noxious Fumes","Tactician"],"picked":"Singing Bowl","floor":37.0},{"not_picked":["Flying Knee","Poisoned Stab","Sucker Punch"],"picked":"Singing Bowl","floor":38.0},{"not_picked":["Poisoned Stab+1","Sucker Punch","Blade Dance+1"],"picked":"Singing Bowl","floor":39.0},{"not_picked":["Poisoned Stab+1","Deadly Poison"],"picked":"Backflip+1","floor":41.0},{"not_picked":["Dagger Spray","Flying Knee+1"],"picked":"Dodge and Roll","floor":42},{"not_picked":["Acrobatics","Endless Agony","Die Die Die"],"picked":"Singing Bowl","floor":44},{"not_picked":["Crippling Poison+1","Underhanded Strike+1","Flying Knee"],"picked":"Singing Bowl","floor":46}],"player_experience":245585,"relics_obtained":[{"floor":0.0,"key":"Vajra"},{"floor":0.0,"key":"Singing Bowl"},{"floor":0.0,"key":"FossilizedHelix"},{"floor":6.0,"key":"Happy Flower"},{"floor":8.0,"key":"Tiny Chest"},{"floor":9.0,"key":"Ninja Scroll"},{"floor":14.0,"key":"Dodecahedron"},{"floor":24.0,"key":"Gremlin Horn"},{"floor":26.0,"key":"Pen Nib"},{"floor":42,"key":"Shuriken"},{"floor":43,"key":"Orichalcum"},{"floor":44,"key":"Tingsha"}],"event_choices":[{"damage_healed":0.0,"max_hp_gain":0.0,"max_hp_loss":0.0,"gold_gain":75.0,"event_name":"World of Goop","player_choice":"Gather Gold","floor":2.0,"gold_loss":0.0,"damage_taken":11.0},{"cards_removed":["Strike_G"],"damage_healed":0.0,"max_hp_gain":0.0,"max_hp_loss":0.0,"gold_gain":0.0,"event_name":"Living Wall","player_choice":"Forget","floor":5.0,"gold_loss":0.0,"damage_taken":0.0},{"damage_healed":0.0,"max_hp_gain":0.0,"max_hp_loss":0.0,"gold_gain":0.0,"event_name":"Addict","player_choice":"Obtained Relic","floor":30.0,"gold_loss":85.0,"damage_taken":0.0,"relics_obtained":["The Courier"]},{"damage_healed":0,"gold_gain":0,"player_choice":"Fight","damage_taken":0,"max_hp_gain":0,"max_hp_loss":0,"event_name":"Mysterious Sphere","floor":44,"gold_loss":0},{"cards_removed":["Well Laid Plans"],"damage_healed":0,"gold_gain":0,"player_choice":"Removed Power","damage_taken":0,"max_hp_gain":0,"max_hp_loss":0,"event_name":"Falling","floor":48,"gold_loss":0}],"is_beta":false,"boss_relics":[{"not_picked":["Eternal Feather","Philosopher\u0027s Stone"],"picked":"Sozu"},{"not_picked":["Tiny House","Runic Pyramid"],"picked":"Pandora\u0027s Box"}],"items_purged_floors":[3,36],"is_endless":false,"potions_floor_spawned":[1,8,16,22,24,28,31,33,37,38,46],"ascension_level":5}