{"gold_per_floor":[10,10,20,20,30,30,44,78,124,154,164,239,239,253,253,253],"floor_reached":16,"playtime":463,"items_purged":[],"score":224,"play_id":"86395214-89fa-4170-bc3b-bd1461c3145a","local_time":"20190412211800","is_ascension_mode":true,"campfire_choices":[{"data":"Dash","floor":6.0,"key":"SMITH"},{"floor":15.0,"key":"REST"}],"neow_cost":"NO_GOLD","seed_source_timestamp":9676148334973,"circlet_count":0,"master_deck":["AscendersBane","Defend_G","Defend_G","Defend_G","Defend_G","Defend_G","Strike_G","Strike_G","Strike_G","Survivor","Neutralize","Dagger Throw","Backstab","PiercingWail","Well Laid Plans","Dash+1","Grand Finale","Noxious Fumes","Dash","PiercingWail","Dagger Throw"],"special_seed":0,"relics":["Ring of the Snake","Letter Opener","Blue Candle","Orichalcum","Pen Nib","Mercury Hourglass","Question Card"],"potions_floor_usage":[],"damage_taken":[{"damage":1.0,"enemies":"Cultist","floor":1.0,"turns":4.0},{"damage":0.0,"enemies":"Jaw Worm","floor":3.0,"turns":3.0},{"damage":0.0,"enemies":"2 Louse","floor":5.0,"turns":2.0},{"damage":0.0,"enemies":"Looter","floor":7.0,"turns":3.0},{"damage":14.0,"enemies":"3 Sentries","floor":8.0,"turns":3.0},{"damage":12.0,"enemies":"Lagavulin","floor":10.0,"turns":5.0},{"damage":0.0,"enemies":"Blue Slaver","floor":11.0,"turns":2.0},{"damage":0.0,"enemies":"2 Fungi Beasts","floor":14.0,"turns":2.0},{"damage":24,"enemies":"Hexaghost","floor":16,"turns":10}],"seed_played":"3035450321325825223","potions_obtained":[{"floor":3.0,"key":"EssenceOfSteel"},{"floor":5.0,"key":"Strength Potion"},{"floor":8.0,"key":"SkillPotion"},{"floor":11.0,"key":"Energy Potion"}],"is_trial":false,"path_per_floor":["M","T","M","?","M","R","M","E","T","E","M","?","T","M","R","B"],"character_chosen":"THE_SILENT","items_purchased":[],"campfire_rested":1,"item_purchase_floors":[],"current_hp_per_floor":[58,58,58,40,40,40,40,26,26,14,14,3,3,3,22,0],"gold":253,"neow_bonus":"TRANSFORM_TWO_CARDS","is_prod":false,"is_daily":false,"chose_seed":false,"campfire_upgraded":1,"win_rate":0,"timestamp":1555096680,"path_taken":["M","?","M","?","M","R","M","E","T","E","M","?","?","M","R","BOSS"],"build_version":"2019-01-23","purchased_purges":0,"victory":false,"max_hp_per_floor":[66,66,66,66,66,66,66,66,66,66,66,66,66,66,66,66],"card_choices":[{"not_picked":["Slice","Flying Knee"],"picked":"PiercingWail","floor":1.0},{"not_picked":["PiercingWail","Skewer"],"picked":"Well Laid Plans","floor":3.0},{"not_picked":["Reflex","Bouncing Flask"],"picked":"Dash","floor":5.0},{"not_picked":["Prepared","Flying Knee"],"picked":"Grand Finale","floor":7.0},{"not_picked":["Blur","Backflip"],"picked":"Noxious Fumes","floor":8.0},{"not_picked":["Eviscerate","Storm of Steel"],"picked":"Dash","floor":10.0},{"not_picked":["Bouncing Flask","Blade Dance"],"picked":"PiercingWail","floor":11.0},{"not_picked":["Infinite Blades","Concentrate","Setup"],"picked":"Dagger Throw","floor":14.0}],"player_experience":768778,"relics_obtained":[{"floor":2.0,"key":"Letter Opener"},{"floor":8.0,"key":"Orichalcum"},{"floor":9.0,"key":"Pen Nib"},{"floor":10.0,"key":"Mercury Hourglass"},{"floor":13.0,"key":"Question Card"}],"event_choices":[{"damage_healed":0.0,"max_hp_gain":0.0,"max_hp_loss":0.0,"gold_gain":0.0,"event_name":"Scrap Ooze","player_choice":"Success","floor":4.0,"gold_loss":0.0,"damage_taken":18.0,"relics_obtained":["Blue Candle"]},{"damage_healed":0.0,"max_hp_gain":0.0,"max_hp_loss":0.0,"gold_gain":75.0,"event_name":"World of Goop","player_choice":"Gather Gold","floor":12.0,"gold_loss":0.0,"damage_taken":11.0}],"is_beta":false,"boss_relics":[],"items_purged_floors":[],"is_endless":false,"potions_floor_spawned":[3,5,8,11],"killed_by":"Hexaghost","ascension_level":20}