{"gold_per_floor":[114,114,114,114,127,162,178,206,206,220,235,267,267,284,284,361,361,378,405,5,19,19,19,38,55,103,118,43,43,43,43,43,119,119,130,30,48,48,64,64,80,302,327,327,152,172,172,189,189,189],"floor_reached":50,"playtime":1705,"items_purged":["Doubt","Strike_R","Regret"],"score":1128,"play_id":"d69cbc6d-bef7-44ab-b7ff-97e1f4cbf027","local_time":"20190204002802","is_ascension_mode":true,"campfire_choices":[{"data":"Armaments","floor":13.0,"key":"SMITH"},{"data":"Inflame","floor":15.0,"key":"SMITH"},{"floor":23.0,"key":"REST"},{"floor":29.0,"key":"REST"},{"floor":32.0,"key":"REST"},{"floor":40.0,"key":"REST"},{"floor":44,"key":"REST"},{"floor":49,"key":"REST"}],"neow_cost":"NONE","seed_source_timestamp":2179721660382908,"circlet_count":0,"master_deck":["AscendersBane","Defend_R","Defend_R","Defend_R","Defend_R","Bash","Combust+1","Pommel Strike","Flame Barrier","Armaments+1","Inflame+1","Anger","Iron Wave","Immolate","Feel No Pain","Dark Embrace","Disarm","Rupture","Rupture","Clothesline","Inflame","Headbutt","Iron Wave","Disarm","Sword Boomerang","Iron Wave","Reaper","Evolve","Iron Wave","Body Slam"],"special_seed":0,"relics":["Burning Blood","NeowsBlessing","Mercury Hourglass","Mummified Hand","Letter Opener","Pear","Cursed Key","Red Mask","Darkstone Periapt","Strawberry","Busted Crown","Potion Belt"],"potions_floor_usage":[41,48],"damage_taken":[{"damage":0.0,"enemies":"Jaw Worm","floor":1.0,"turns":1.0},{"damage":0.0,"enemies":"2 Louse","floor":5.0,"turns":1.0},{"damage":0.0,"enemies":"3 Sentries","floor":6.0,"turns":1.0},{"damage":1.0,"enemies":"Small Slimes","floor":7.0,"turns":4.0},{"damage":43.0,"enemies":"Lagavulin","floor":8.0,"turns":7.0},{"damage":0.0,"enemies":"Exordium Wildlife","floor":10.0,"turns":4.0},{"damage":2.0,"enemies":"2 Fungi Beasts","floor":11.0,"turns":2.0},{"damage":4.0,"enemies":"3 Sentries","floor":12.0,"turns":4.0},{"damage":9.0,"enemies":"Red Slaver","floor":14.0,"turns":2.0},{"damage":18.0,"enemies":"Slime Boss","floor":16.0,"turns":6.0},{"damage":0.0,"enemies":"3 Byrds","floor":18.0,"turns":3.0},{"damage":22.0,"enemies":"Masked Bandits","floor":19.0,"turns":3.0},{"damage":17.0,"enemies":"Chosen","floor":21.0,"turns":5.0},{"damage":21.0,"enemies":"Snake Plant","floor":24.0,"turns":4.0},{"damage":12.0,"enemies":"Centurion and Healer","floor":25.0,"turns":5.0},{"damage":12.0,"enemies":"Chosen and Byrds","floor":27.0,"turns":5.0},{"damage":56.0,"enemies":"Champ","floor":33.0,"turns":14.0},{"damage":5.0,"enemies":"Orb Walker","floor":35.0,"turns":4.0},{"damage":23.0,"enemies":"3 Darklings","floor":37.0,"turns":4.0},{"damage":33.0,"enemies":"Jaw Worm Horde","floor":39.0,"turns":4.0},{"damage":83,"enemies":"Transient","floor":41,"turns":6},{"damage":38,"enemies":"3 Darklings","floor":46,"turns":5},{"damage":28,"enemies":"Jaw Worm Horde","floor":48,"turns":4},{"damage":75,"enemies":"Donu and Deca","floor":50,"turns":4}],"seed_played":"2246808500734492015","potions_obtained":[{"floor":1.0,"key":"Strength Potion"},{"floor":10.0,"key":"Fire Potion"},{"floor":12.0,"key":"BloodPotion"},{"floor":24.0,"key":"Ancient Potion"},{"floor":31.0,"key":"FairyPotion"},{"floor":39.0,"key":"Dexterity Potion"},{"floor":46,"key":"BloodPotion"},{"floor":48,"key":"SteroidPotion"}],"is_trial":false,"path_per_floor":["M","?","?","?","M","E","M","E","T","M","M","E","R","M","R","B",null,"M","?","$","M","?","R","M","M","T","M","$","R","?","?","R","B",null,"M","$","M","?","M","R","M","?","T","R","$","M","?","M","R","B"],"character_chosen":"IRONCLAD","items_purchased":["Darkstone Periapt","Rupture","Clothesline","Iron Wave"],"campfire_rested":6,"item_purchase_floors":[20,20,20,45],"current_hp_per_floor":[74,79,79,72,78,80,80,43,43,49,53,65,65,62,62,50,80,86,70,70,59,59,86,71,65,78,72,72,102,71,71,103,53,94,95,95,78,78,61,93,16,16,22,56,56,32,32,21,55,0],"gold":189,"neow_bonus":"THREE_ENEMY_KILL","is_prod":false,"is_daily":false,"chose_seed":false,"campfire_upgraded":2,"win_rate":0,"timestamp":1549236482,"path_taken":["M","?","?","?","M","E","M","E","T","M","M","E","R","M","R","BOSS","M","?","$","M","?","R","M","M","T","M","?","R","?","?","R","BOSS","M","?","M","?","?","R","M","?","T","R","?","M","?","?","R","BOSS"],"build_version":"2019-01-23","purchased_purges":3,"victory":false,"max_hp_per_floor":[75,80,80,80,80,80,80,80,80,80,80,90,90,90,90,90,90,90,90,90,90,90,90,90,90,103,103,103,103,108,108,108,108,108,108,108,108,108,108,108,108,108,114,114,114,114,114,114,114,114],"card_choices":[{"not_picked":["Evolve","Headbutt"],"picked":"Combust","floor":1.0},{"not_picked":["Clash","Rage"],"picked":"Pommel Strike","floor":5.0},{"not_picked":["Twin Strike","Heavy Blade"],"picked":"Flame Barrier","floor":6.0},{"not_picked":["Power Through","Flex"],"picked":"Armaments","floor":7.0},{"not_picked":["Pommel Strike","Cleave"],"picked":"Inflame","floor":8.0},{"not_picked":["Power Through","Warcry"],"picked":"Anger","floor":10.0},{"not_picked":["Headbutt","Clash"],"picked":"Iron Wave","floor":11.0},{"not_picked":["Armaments","Flex"],"picked":"Immolate","floor":12.0},{"not_picked":["Pommel Strike","Reckless Charge"],"picked":"Feel No Pain","floor":14.0},{"not_picked":["Barricade","Feed"],"picked":"Dark Embrace","floor":16.0},{"not_picked":["Dropkick","Twin Strike"],"picked":"Disarm","floor":18.0},{"not_picked":["Feel No Pain","Warcry"],"picked":"Rupture","floor":19.0},{"not_picked":["Heavy Blade","Entrench+1"],"picked":"Inflame","floor":21.0},{"not_picked":["Warcry","Pommel Strike+1"],"picked":"Disarm","floor":24.0},{"not_picked":["Havoc","Armaments"],"picked":"Sword Boomerang","floor":25.0},{"not_picked":["Pommel Strike","Anger"],"picked":"Iron Wave","floor":27.0},{"not_picked":["Fiend Fire","Immolate"],"picked":"Reaper","floor":33.0},{"not_picked":["Armaments"],"picked":"SKIP","floor":35.0},{"not_picked":["Armaments"],"picked":"SKIP","floor":37.0},{"not_picked":["Thunderclap"],"picked":"SKIP","floor":39.0},{"not_picked":["Flex+1"],"picked":"SKIP","floor":41},{"not_picked":[],"picked":"Body Slam","floor":46},{"not_picked":["Wild Strike+1"],"picked":"SKIP","floor":48}],"player_experience":632547,"relics_obtained":[{"floor":6.0,"key":"Mercury Hourglass"},{"floor":8.0,"key":"Mummified Hand"},{"floor":9.0,"key":"Letter Opener"},{"floor":12.0,"key":"Pear"},{"floor":19.0,"key":"Red Mask"},{"floor":26.0,"key":"Strawberry"},{"floor":43,"key":"Potion Belt"}],"event_choices":[{"damage_healed":0.0,"max_hp_gain":5.0,"max_hp_loss":0.0,"gold_gain":0.0,"event_name":"Big Fish","player_choice":"Donut","floor":2.0,"gold_loss":0.0,"damage_taken":0.0},{"damage_healed":0.0,"max_hp_gain":0.0,"max_hp_loss":0.0,"gold_gain":0.0,"event_name":"Living Wall","player_choice":"Grow","floor":3.0,"gold_loss":0.0,"damage_taken":0.0,"cards_upgraded":["Combust"]},{"cards_removed":["Strike_R"],"damage_healed":0.0,"max_hp_gain":0.0,"max_hp_loss":0.0,"gold_gain":0.0,"event_name":"Golden Wing","player_choice":"Card Removal","floor":4.0,"gold_loss":0.0,"damage_taken":7.0},{"damage_healed":0.0,"max_hp_gain":0.0,"max_hp_loss":0.0,"gold_gain":0.0,"event_name":"Masked Bandits","player_choice":"Fought Bandits","floor":19.0,"gold_loss":0.0,"damage_taken":0.0},{"damage_healed":0.0,"max_hp_gain":0.0,"max_hp_loss":0.0,"gold_gain":0.0,"cards_transformed":["Strike_R","Strike_R"],"event_name":"Drug Dealer","player_choice":"Became Test Subject","floor":22.0,"gold_loss":0.0,"damage_taken":0.0,"cards_obtained":["Headbutt","Iron Wave"]},{"damage_healed":0.0,"max_hp_gain":5.0,"max_hp_loss":0.0,"gold_gain":0.0,"event_name":"Forgotten Altar","player_choice":"Shed Blood","floor":30.0,"gold_loss":0.0,"damage_taken":36.0},{"damage_healed":0.0,"max_hp_gain":0.0,"max_hp_loss":0.0,"gold_gain":0.0,"event_name":"Lab","player_choice":"Got Potions","floor":31.0,"gold_loss":0.0,"damage_taken":0.0},{"damage_healed":0.0,"max_hp_gain":0.0,"max_hp_loss":0.0,"gold_gain":0.0,"cards_transformed":["Strike_R"],"event_name":"Transmorgrifier","player_choice":"Transformed","floor":38.0,"gold_loss":0.0,"damage_taken":0.0,"cards_obtained":["Evolve"]},{"damage_healed":0,"gold_gain":222,"player_choice":"Wore Mask","damage_taken":0,"max_hp_gain":0,"max_hp_loss":0,"event_name":"Tomb of Lord Red Mask","floor":42,"gold_loss":0},{"damage_healed":0,"gold_gain":0,"player_choice":"Ignored","damage_taken":0,"max_hp_gain":0,"max_hp_loss":0,"event_name":"SecretPortal","floor":47,"gold_loss":0}],"is_beta":false,"boss_relics":[{"not_picked":["Coffee Dripper","Snecko Eye"],"picked":"Cursed Key"},{"not_picked":["Runic Dome","Runic Pyramid"],"picked":"Busted Crown"}],"items_purged_floors":[28,36,45],"is_endless":false,"potions_floor_spawned":[1,10,12,14,24,25,39,46,48],"killed_by":"Donu and Deca","ascension_level":20}