{"gold_per_floor":[11,26,26,41,64,95,95,245,245,112,137,137,137,137],"floor_reached":14,"playtime":351,"items_purged":["Doubt"],"score":167,"play_id":"d94b2c61-798c-4f99-a724-3a0836df684b","local_time":"20190718034621","is_ascension_mode":true,"campfire_choices":[{"data":"Armaments","floor":7,"key":"SMITH"},{"data":"Infernal Blade","floor":12,"key":"SMITH"}],"neow_cost":"NO_GOLD","seed_source_timestamp":457661246405300,"circlet_count":0,"master_deck":["AscendersBane","Strike_R+1","Strike_R+1","Strike_R","Strike_R","Strike_R","Defend_R+1","Defend_R","Defend_R","Defend_R+1","Bash","Body Slam","Infernal Blade+1","Injury","Inflame","Barricade","Armaments+1","Shrug It Off","Evolve"],"relics":["Burning Blood","Golden Idol","Whetstone","Art of War"],"potions_floor_usage":[5,6],"damage_taken":[{"damage":8,"enemies":"2 Louse","floor":1,"turns":4},{"damage":12,"enemies":"Small Slimes","floor":2,"turns":5},{"damage":9,"enemies":"Cultist","floor":4,"turns":3},{"damage":6,"enemies":"Looter","floor":5,"turns":2},{"damage":43,"enemies":"3 Sentries","floor":6,"turns":11},{"damage":7,"enemies":"3 Louse","floor":11,"turns":4},{"damage":10,"enemies":"Lots of Slimes","floor":14,"turns":1}],"seed_played":"-4676978542236497663","potions_obtained":[{"floor":1,"key":"Fire Potion"},{"floor":5,"key":"EssenceOfSteel"},{"floor":6,"key":"LiquidBronze"}],"is_trial":false,"path_per_floor":["M","M","?","M","M","E","R","?","T","$","M","R","?","M"],"character_chosen":"IRONCLAD","items_purchased":["Shrug It Off"],"campfire_rested":0,"item_purchase_floors":[10],"current_hp_per_floor":[80,74,74,71,71,34,34,34,34,34,33,33,6,0],"gold":137,"neow_bonus":"TWENTY_PERCENT_HP_BONUS","is_prod":false,"is_daily":false,"chose_seed":false,"campfire_upgraded":2,"win_rate":0,"timestamp":1563414381,"path_taken":["M","M","?","M","M","E","R","?","T","$","M","R","?","M"],"build_version":"2019-07-17","purchased_purges":1,"victory":false,"max_hp_per_floor":[89,89,89,89,89,89,89,89,89,89,89,89,89,89],"card_choices":[{"not_picked":["Evolve","Warcry"],"picked":"Body Slam","floor":1},{"not_picked":["Sword Boomerang","Twin Strike"],"picked":"Infernal Blade","floor":2},{"not_picked":["Fire Breathing","Thunderclap"],"picked":"Inflame","floor":4},{"not_picked":["Wild Strike","Flex"],"picked":"Barricade","floor":5},{"not_picked":["Clash","Second Wind"],"picked":"Armaments","floor":6},{"not_picked":["Havoc","Wild Strike"],"picked":"Evolve","floor":11}],"player_experience":1669753,"relics_obtained":[{"floor":6,"key":"Whetstone"},{"floor":9,"key":"Art of War"}],"event_choices":[{"damage_healed":0,"gold_gain":0,"player_choice":"Take Wound","damage_taken":0,"relics_obtained":["Golden Idol"],"max_hp_gain":0,"max_hp_loss":0,"event_name":"Golden Idol","floor":3,"gold_loss":0,"cards_obtained":["Injury"]},{"damage_healed":0,"gold_gain":150,"player_choice":"AGREE","damage_taken":0,"max_hp_gain":0,"max_hp_loss":0,"event_name":"Liars Game","floor":8,"gold_loss":0,"cards_obtained":["Doubt"]},{"damage_healed":0,"gold_gain":0,"player_choice":"Entered Light","damage_taken":27,"max_hp_gain":0,"max_hp_loss":0,"event_name":"Shining Light","floor":13,"gold_loss":0,"cards_upgraded":["Defend_R","Defend_R"]}],"is_beta":false,"boss_relics":[],"items_purged_floors":[10],"is_endless":false,"potions_floor_spawned":[1,5,6],"killed_by":"Lots of Slimes","ascension_level":17}