{"gold_per_floor":[117,117,117,267,27,71,71,96,122,161,161,224,224,248,248,248],"floor_reached":16,"playtime":257,"items_purged":["Doubt"],"score":272,"play_id":"d4ea4f2e-8035-40e3-8c2c-3ced9badc1c9","local_time":"20190520045929","is_ascension_mode":true,"campfire_choices":[{"data":"Zap","floor":7,"key":"SMITH"},{"data":"Gash","floor":11,"key":"SMITH"},{"data":"Gash","floor":15,"key":"SMITH"}],"neow_cost":"NONE","seed_source_timestamp":539531845219200,"circlet_count":0,"master_deck":["AscendersBane","Strike_B","Strike_B","Strike_B","Defend_B","Defend_B","Defend_B","Defend_B+1","Zap+1","Dualcast","Gash+1","Injury","Gash+1","Beam Cell","Trip","Gash+1","BootSequence","Stack","Gash","Gash"],"relics":["Cracked Core","NeowsBlessing","Golden Idol","Art of War","Boot","Mercury Hourglass","Tiny Chest"],"potions_floor_usage":[10,16,16],"damage_taken":[{"damage":0,"enemies":"Jaw Worm","floor":1,"turns":1},{"damage":0,"enemies":"Lagavulin","floor":6,"turns":1},{"damage":0,"enemies":"2 Louse","floor":8,"turns":1},{"damage":28,"enemies":"Gremlin Nob","floor":10,"turns":4},{"damage":15,"enemies":"3 Sentries","floor":12,"turns":5},{"damage":0,"enemies":"Small Slimes","floor":14,"turns":3},{"damage":5,"enemies":"Hexaghost","floor":16,"turns":2}],"seed_played":"-3076981096949608192","potions_obtained":[{"floor":6,"key":"Dexterity Potion"},{"floor":8,"key":"Regen Potion"},{"floor":12,"key":"Dexterity Potion"},{"floor":14,"key":"FocusPotion"}],"is_trial":false,"path_per_floor":["M","?","?","?","$","E","R","M","T","E","R","E","?","M","R","B"],"character_chosen":"DEFECT","items_purchased":["Gash","Beam Cell","Trip"],"campfire_rested":0,"item_purchase_floors":[5,5,5],"current_hp_per_floor":[64,57,57,57,57,57,57,57,57,41,41,26,5,5,5,0],"gold":248,"neow_bonus":"THREE_ENEMY_KILL","is_prod":false,"is_daily":false,"chose_seed":false,"campfire_upgraded":3,"win_rate":0,"timestamp":1558321169,"path_taken":["M","?","?","?","?","E","R","?","T","E","R","E","?","M","R","BOSS"],"build_version":"2019-01-23","purchased_purges":1,"victory":false,"max_hp_per_floor":[71,71,71,71,71,71,71,71,71,71,71,71,71,71,71,71],"card_choices":[{"not_picked":["Redo","Glacier"],"picked":"Gash","floor":1},{"not_picked":["FTL","Sunder"],"picked":"Gash","floor":6},{"not_picked":["Go for the Eyes","Rebound"],"picked":"BootSequence","floor":8},{"not_picked":["Turbo","Barrage"],"picked":"Stack","floor":10},{"not_picked":["Electrodynamics","Sweeping Beam"],"picked":"Gash","floor":12},{"not_picked":["Rebound","Cold Snap"],"picked":"Gash","floor":14}],"player_experience":1173707,"relics_obtained":[{"floor":6,"key":"Art of War"},{"floor":9,"key":"Boot"},{"floor":10,"key":"Mercury Hourglass"},{"floor":12,"key":"Tiny Chest"}],"event_choices":[{"cards_removed":["Strike_B"],"damage_healed":0,"gold_gain":0,"player_choice":"Card Removal","damage_taken":7,"max_hp_gain":0,"max_hp_loss":0,"event_name":"Golden Wing","floor":2,"gold_loss":0},{"damage_healed":0,"gold_gain":0,"player_choice":"Take Wound","damage_taken":0,"relics_obtained":["Golden Idol"],"max_hp_gain":0,"max_hp_loss":0,"event_name":"Golden Idol","floor":3,"gold_loss":0,"cards_obtained":["Injury"]},{"damage_healed":0,"gold_gain":150,"player_choice":"AGREE","damage_taken":0,"max_hp_gain":0,"max_hp_loss":0,"event_name":"Liars Game","floor":4,"gold_loss":0,"cards_obtained":["Doubt"]},{"damage_healed":0,"gold_gain":0,"player_choice":"Entered Light","damage_taken":21,"max_hp_gain":0,"max_hp_loss":0,"event_name":"Shining Light","floor":13,"gold_loss":0,"cards_upgraded":["Defend_B","Gash"]}],"is_beta":false,"boss_relics":[],"items_purged_floors":[5],"is_endless":false,"potions_floor_spawned":[6,8,12,14],"killed_by":"Hexaghost","ascension_level":15}