{"gold_per_floor":[117,117,134,151,169,169,183,183,206,206,231,244,279,290,290,393,393,360,207,227,243,17,17,0,0,0,18,36,54,54,54,54,159,159,170,170,183,193,211,211,229,243,243,261,261,281,36,56,56,56],"floor_reached":51,"playtime":2606,"items_purged":["Strike_G","Strike_G"],"score":669,"play_id":"beca52d6-a34d-4f3e-be04-f894b339ccdc","local_time":"20191010181247","is_ascension_mode":false,"campfire_choices":[{"data":"Neutralize","floor":6.0,"key":"SMITH"},{"data":"Poisoned Stab","floor":8.0,"key":"SMITH"},{"data":"Dagger Spray","floor":10.0,"key":"SMITH"},{"data":"Caltrops","floor":15.0,"key":"SMITH"},{"data":"Envenom","floor":23,"key":"SMITH"},{"floor":30,"key":"REST"},{"data":"Well Laid Plans","floor":32,"key":"SMITH"},{"data":"Burst","floor":40,"key":"SMITH"},{"floor":45,"key":"REST"},{"data":"Footwork","floor":49,"key":"SMITH"}],"neow_cost":"NONE","seed_source_timestamp":0,"circlet_count":0,"master_deck":["Strike_G+1","Strike_G+1","Defend_G+1","Defend_G+1","Defend_G+1","Defend_G+1","Defend_G+1","Survivor","Neutralize+1","Dodge and Roll","Dagger Spray+1","Deflect","Endless Agony+1","Poisoned Stab+1","Flying Knee+1","Backflip","Caltrops+1","Envenom+1","Dodge and Roll+1","Well Laid Plans+1","Acrobatics","Endless Agony","Infinite Blades","Deadly Poison","Blade Dance","Burst+1","Quick Slash+1","Dagger Throw+1","Noxious Fumes+1","Blade Dance","Caltrops","Footwork+1","Flying Knee","Backstab"],"special_seed":0,"relics":["Ring of the Snake","Snake Skull","Regal Pillow","Happy Flower","Busted Crown","Whetstone","Tough Bandages","Question Card","Lee\u0027s Waffle"],"potions_floor_usage":[27,33,33,38,44,50,50,50],"damage_taken":[{"damage":0.0,"enemies":"Small Slimes","floor":1.0,"turns":5.0},{"damage":0.0,"enemies":"Cultist","floor":3.0,"turns":5.0},{"damage":0.0,"enemies":"2 Louse","floor":4.0,"turns":2.0},{"damage":0.0,"enemies":"Large Slime","floor":5.0,"turns":9.0},{"damage":0.0,"enemies":"Red Slaver","floor":7.0,"turns":4.0},{"damage":2.0,"enemies":"3 Sentries","floor":11.0,"turns":7.0},{"damage":0.0,"enemies":"Blue Slaver","floor":12.0,"turns":3.0},{"damage":5.0,"enemies":"Lagavulin","floor":13.0,"turns":7.0},{"damage":2.0,"enemies":"Looter","floor":14.0,"turns":3.0},{"damage":31.0,"enemies":"Hexaghost","floor":16.0,"turns":9.0},{"damage":18,"enemies":"2 Thieves","floor":18,"turns":5},{"damage":4,"enemies":"Spheric Guardian","floor":20,"turns":5},{"damage":2,"enemies":"Cultist and Chosen","floor":21,"turns":5},{"damage":5,"enemies":"Snake Plant","floor":27,"turns":4},{"damage":19,"enemies":"Sentry and Sphere","floor":28,"turns":7},{"damage":15,"enemies":"3 Cultists","floor":29,"turns":4},{"damage":33,"enemies":"Automaton","floor":33,"turns":8},{"damage":2,"enemies":"3 Darklings","floor":35,"turns":4},{"damage":0,"enemies":"Orb Walker","floor":37,"turns":4},{"damage":20,"enemies":"Sphere and 2 Shapes","floor":38,"turns":7},{"damage":12,"enemies":"4 Shapes","floor":39,"turns":8},{"damage":15,"enemies":"3 Darklings","floor":41,"turns":5},{"damage":6,"enemies":"Writhing Mass","floor":42,"turns":7},{"damage":18,"enemies":"Jaw Worm Horde","floor":44,"turns":4},{"damage":0,"enemies":"Transient","floor":46,"turns":5},{"damage":13,"enemies":"4 Shapes","floor":48,"turns":5},{"damage":58,"enemies":"Donu and Deca","floor":50,"turns":9}],"seed_played":"3388935889352350710","potions_obtained":[{"floor":3.0,"key":"Dexterity Potion"},{"floor":5.0,"key":"PowerPotion"},{"floor":12.0,"key":"FearPotion"},{"floor":13.0,"key":"Strength Potion"},{"floor":20,"key":"Dexterity Potion"},{"floor":27,"key":"DuplicationPotion"},{"floor":37,"key":"CunningPotion"},{"floor":41,"key":"PowerPotion"},{"floor":44,"key":"Dexterity Potion"},{"floor":46,"key":"Strength Potion"}],"is_trial":false,"path_per_floor":["M","?","M","M","M","R","M","R","T","R","E","M","E","M","R","B",null,"M","$","M","M","$","R","?","?","T","M","M","M","R","?","R","B",null,"M","?","M","M","M","R","M","M","T","M","R","M","$","M","R","B",null],"character_chosen":"THE_SILENT","items_purchased":["Well Laid Plans","Infinite Blades","Deadly Poison","Lee\u0027s Waffle","Footwork","Flying Knee"],"campfire_rested":2,"item_purchase_floors":[19,22,22,47,47,47],"current_hp_per_floor":[77,70,70,70,70,70,70,70,70,70,68,68,63,61,61,30,77,59,59,55,53,53,53,53,53,53,48,29,14,52,52,52,19,77,75,75,75,55,43,43,28,22,22,4,42,42,84,71,71,13],"gold":56,"neow_bonus":"TEN_PERCENT_HP_BONUS","is_prod":false,"is_daily":false,"chose_seed":false,"campfire_upgraded":8,"win_rate":0.0,"timestamp":1570723967,"path_taken":["M","?","M","?","?","R","M","R","T","R","E","M","E","M","R","BOSS","M","$","M","M","$","R","?","?","T","M","M","M","R","?","R","BOSS","M","?","M","?","M","R","M","M","T","M","R","M","$","M","R","BOSS"],"build_version":"2019-10-09","purchased_purges":2,"victory":true,"max_hp_per_floor":[77,77,77,77,77,77,77,77,77,77,77,77,77,77,77,77,77,77,77,77,77,77,77,77,77,77,77,77,77,77,77,77,77,77,77,77,77,77,77,77,77,77,77,77,77,77,84,84,84,84],"card_choices":[{"not_picked":["PiercingWail","Underhanded Strike"],"picked":"Dodge and Roll","floor":1.0},{"not_picked":["Sucker Punch","Masterful Stab"],"picked":"Dagger Spray","floor":3.0},{"not_picked":["Sucker Punch","Prepared"],"picked":"Deflect","floor":4.0},{"not_picked":["Acrobatics","Terror"],"picked":"Endless Agony","floor":5.0},{"not_picked":["Backflip","Predator"],"picked":"Poisoned Stab","floor":7.0},{"not_picked":["Outmaneuver","Quick Slash"],"picked":"Flying Knee","floor":11.0},{"not_picked":["PiercingWail","Outmaneuver"],"picked":"Backflip","floor":12.0},{"not_picked":["All Out Attack","Phantasmal Killer","Sucker Punch"],"picked":"SKIP","floor":13.0},{"not_picked":["Dodge and Roll","Slice"],"picked":"Caltrops","floor":14.0},{"not_picked":["Malaise","Glass Knife"],"picked":"Envenom","floor":16.0},{"not_picked":[],"picked":"Dodge and Roll+1","floor":18},{"not_picked":[],"picked":"Acrobatics","floor":20},{"not_picked":[],"picked":"Endless Agony","floor":21},{"not_picked":["Sucker Punch"],"picked":"SKIP","floor":27},{"not_picked":["Dodge and Roll"],"picked":"SKIP","floor":28},{"not_picked":[],"picked":"Blade Dance","floor":29},{"not_picked":[],"picked":"Burst","floor":33},{"not_picked":["Outmaneuver"],"picked":"SKIP","floor":35},{"not_picked":[],"picked":"Quick Slash+1","floor":37},{"not_picked":["Dodge and Roll+1"],"picked":"SKIP","floor":38},{"not_picked":[],"picked":"Dagger Throw+1","floor":39},{"not_picked":[],"picked":"Noxious Fumes+1","floor":41},{"not_picked":["Dagger Throw"],"picked":"SKIP","floor":42},{"not_picked":["Dagger Spray"],"picked":"Blade Dance","floor":44},{"not_picked":["PiercingWail"],"picked":"Caltrops","floor":46},{"not_picked":["Heel Hook"],"picked":"Backstab","floor":48}],"player_experience":2665,"relics_obtained":[{"floor":9.0,"key":"Snake Skull"},{"floor":11.0,"key":"Regal Pillow"},{"floor":13.0,"key":"Happy Flower"},{"floor":26,"key":"Whetstone"},{"floor":43,"key":"Question Card"}],"event_choices":[{"damage_healed":0.0,"max_hp_gain":0.0,"max_hp_loss":0.0,"gold_gain":0.0,"event_name":"Wheel of Change","player_choice":"Damaged","floor":2.0,"gold_loss":0.0,"damage_taken":7.0},{"damage_healed":0,"gold_gain":0,"player_choice":"Paid Fearfully","damage_taken":0,"max_hp_gain":0,"max_hp_loss":0,"event_name":"Masked Bandits","floor":24,"gold_loss":17},{"damage_healed":0,"gold_gain":0,"player_choice":"Simplicity","damage_taken":0,"max_hp_gain":0,"max_hp_loss":0,"event_name":"Back to Basics","floor":25,"gold_loss":0,"cards_upgraded":["Strike_G","Strike_G","Strike_G","Defend_G","Defend_G","Defend_G","Defend_G","Defend_G"]},{"damage_healed":0,"gold_gain":0,"player_choice":"Opened","damage_taken":0,"relics_obtained":["Tough Bandages"],"max_hp_gain":0,"max_hp_loss":0,"event_name":"The Mausoleum","floor":31,"gold_loss":0},{"cards_removed":["Strike_G"],"damage_healed":0,"gold_gain":0,"player_choice":"Offered Basic","damage_taken":0,"max_hp_gain":0,"max_hp_loss":0,"event_name":"Bonfire Elementals","floor":36,"gold_loss":0}],"is_beta":true,"boss_relics":[{"not_picked":["Fusion Hammer","HoveringKite"],"picked":"Busted Crown"},{"not_picked":["Philosopher\u0027s Stone","Snecko Eye","Coffee Dripper"]}],"items_purged_floors":[19,22],"is_endless":false,"potions_floor_spawned":[3,5,12,13,20,27,37,41,44,46],"ascension_level":0}