{"gold_per_floor":[214,214,214,231,10,10,21,21,21,21,36,36,61,61,61,162,162,176,176,176,189,200,200,235,235,235,254,286,302,331,356,356,356],"floor_reached":33,"playtime":1676,"items_purged":["Strike_R"],"score":452,"play_id":"6c18a934-689b-47ee-9992-157da5fc3da9","local_time":"20190912224511","is_ascension_mode":true,"campfire_choices":[{"data":"Uppercut","floor":6,"key":"SMITH"},{"data":"Havoc","floor":8,"key":"SMITH"},{"data":"Battle Trance","floor":10,"key":"SMITH"},{"data":"Bash","floor":12,"key":"SMITH"},{"floor":15,"key":"REST"},{"floor":23,"key":"REST"},{"data":"Havoc","floor":32,"key":"SMITH"}],"neow_cost":"NONE","seed_source_timestamp":134307416028704,"circlet_count":0,"master_deck":["Strike_R+1","Strike_R+1","Defend_R+1","Defend_R+1","Defend_R+1","Defend_R+1","Bash+1","Uppercut+1","Battle Trance+1","Uppercut+1","Havoc+1","Immolate","Impervious","Inflame","Exhume","Headbutt","Havoc","Dark Embrace","Metallicize","Inflame+1","Havoc+1","Battle Trance"],"relics":["Burning Blood","Anchor","Letter Opener","PreservedInsect","Black Star","Singing Bowl","Oddly Smooth Stone","CaptainsWheel","Gambling Chip","HornCleat","WingedGreaves","Champion Belt","Ancient Tea Set","Lantern"],"potions_floor_usage":[16,28,28,31,33],"damage_taken":[{"damage":14,"enemies":"Jaw Worm","floor":1,"turns":6},{"damage":0,"enemies":"Small Slimes","floor":4,"turns":2},{"damage":0,"enemies":"2 Louse","floor":7,"turns":2},{"damage":5,"enemies":"Large Slime","floor":11,"turns":6},{"damage":32,"enemies":"3 Sentries","floor":13,"turns":8},{"damage":24,"enemies":"Hexaghost","floor":16,"turns":8},{"damage":15,"enemies":"2 Thieves","floor":18,"turns":3},{"damage":18,"enemies":"3 Byrds","floor":21,"turns":6},{"damage":9,"enemies":"Cultist and Chosen","floor":22,"turns":6},{"damage":21,"enemies":"Slavers","floor":24,"turns":3},{"damage":12,"enemies":"Snake Plant","floor":27,"turns":4},{"damage":0,"enemies":"Book of Stabbing","floor":28,"turns":2},{"damage":0,"enemies":"3 Cultists","floor":29,"turns":4},{"damage":8,"enemies":"Gremlin Leader","floor":30,"turns":4},{"damage":19,"enemies":"Slavers","floor":31,"turns":3},{"damage":61,"enemies":"Automaton","floor":33,"turns":6}],"seed_played":"-6587232939629253964","potions_obtained":[{"floor":1,"key":"Swift Potion"},{"floor":13,"key":"PowerPotion"},{"floor":18,"key":"SteroidPotion"},{"floor":27,"key":"Energy Potion"},{"floor":29,"key":"Strength Potion"},{"floor":30,"key":"LiquidBronze"},{"floor":31,"key":"Fire Potion"}],"is_trial":false,"path_per_floor":["M","?","?","M","$","R","M","R","T","R","M","R","E","?","R","B",null,"M","?","?","M","M","R","E","?","T","M","E","M","E","E","R","B"],"character_chosen":"IRONCLAD","items_purchased":["Battle Trance","Uppercut"],"campfire_rested":2,"item_purchase_floors":[5,5],"current_hp_per_floor":[64,48,48,54,54,54,60,60,60,60,61,61,35,35,59,41,70,61,61,61,49,46,70,57,57,57,51,57,63,61,48,48,0],"gold":356,"neow_bonus":"HUNDRED_GOLD","is_prod":false,"is_daily":false,"chose_seed":false,"campfire_upgraded":5,"win_rate":0,"timestamp":1568342711,"path_taken":["M","?","?","M","?","R","?","R","T","R","M","R","E","?","R","BOSS","M","?","?","M","M","R","E","?","T","M","E","M","E","E","R","BOSS"],"build_version":"2019-09-11v2","purchased_purges":1,"victory":false,"max_hp_per_floor":[80,80,80,80,80,80,80,80,80,80,80,80,80,80,80,80,80,80,80,80,80,80,80,82,82,82,82,82,82,82,82,82,82],"card_choices":[{"not_picked":["Battle Trance","Twin Strike"],"picked":"Uppercut","floor":1},{"not_picked":["Warcry","Clothesline","Twin Strike"],"picked":"SKIP","floor":4},{"not_picked":["Twin Strike","Perfected Strike"],"picked":"Havoc","floor":7},{"not_picked":["Clothesline","Armaments","Second Wind"],"picked":"SKIP","floor":11},{"not_picked":["Clothesline","Armaments","Second Wind"],"picked":"SKIP","floor":11},{"not_picked":["Seeing Red","Flame Barrier"],"picked":"Immolate","floor":13},{"not_picked":["Feed","Immolate"],"picked":"Impervious","floor":16},{"not_picked":["Anger","Sword Boomerang"],"picked":"Inflame","floor":18},{"not_picked":["Twin Strike","Flex+1"],"picked":"Havoc","floor":21},{"not_picked":["Infernal Blade","True Grit","Body Slam"],"picked":"SKIP","floor":22},{"not_picked":["Warcry","Battle Trance","Entrench"],"picked":"Singing Bowl","floor":24},{"not_picked":["Bloodletting+1","Ghostly Armor"],"picked":"Dark Embrace","floor":27},{"not_picked":["Wild Strike+1","Searing Blow"],"picked":"Metallicize","floor":28},{"not_picked":["Rage","Rampage"],"picked":"Inflame+1","floor":29},{"not_picked":["Warcry","Heavy Blade"],"picked":"Havoc","floor":30},{"not_picked":["Flex","True Grit"],"picked":"Battle Trance","floor":31}],"player_experience":377094,"relics_obtained":[{"floor":9,"key":"Anchor"},{"floor":13,"key":"Letter Opener"},{"floor":24,"key":"Singing Bowl"},{"floor":24,"key":"Oddly Smooth Stone"},{"floor":26,"key":"CaptainsWheel"},{"floor":28,"key":"Gambling Chip"},{"floor":28,"key":"HornCleat"},{"floor":30,"key":"WingedGreaves"},{"floor":30,"key":"Champion Belt"},{"floor":31,"key":"Ancient Tea Set"},{"floor":31,"key":"Lantern"}],"event_choices":[{"damage_healed":0,"gold_gain":0,"player_choice":"Entered Light","damage_taken":16,"max_hp_gain":0,"max_hp_loss":0,"event_name":"Shining Light","floor":2,"gold_loss":0,"cards_upgraded":["Uppercut","Defend_R"]},{"damage_healed":0,"gold_gain":0,"player_choice":"Ignored","damage_taken":0,"max_hp_gain":0,"max_hp_loss":0,"event_name":"Golden Idol","floor":3,"gold_loss":0},{"damage_healed":0,"gold_gain":0,"player_choice":"Searched \u00271\u0027 times","damage_taken":0,"relics_obtained":["PreservedInsect"],"max_hp_gain":0,"max_hp_loss":0,"event_name":"Dead Adventurer","floor":14,"gold_loss":0},{"damage_healed":0,"gold_gain":0,"player_choice":"Simplicity","damage_taken":0,"max_hp_gain":0,"max_hp_loss":0,"event_name":"Back to Basics","floor":19,"gold_loss":0,"cards_upgraded":["Strike_R","Strike_R","Strike_R","Strike_R","Defend_R","Defend_R","Defend_R"]},{"damage_healed":0,"gold_gain":0,"cards_transformed":["Strike_R","Strike_R"],"player_choice":"Became Test Subject","damage_taken":0,"max_hp_gain":0,"max_hp_loss":0,"event_name":"Drug Dealer","floor":20,"gold_loss":0,"cards_obtained":["Exhume","Headbutt"]},{"damage_healed":0,"gold_gain":0,"player_choice":"Ignored","damage_taken":0,"max_hp_gain":0,"max_hp_loss":0,"event_name":"Vampires","floor":25,"gold_loss":0}],"is_beta":true,"boss_relics":[{"not_picked":["Black Blood","Runic Cube"],"picked":"Black Star"}],"items_purged_floors":[5],"is_endless":false,"potions_floor_spawned":[1,13,18,27,29,30,31],"killed_by":"Automaton","ascension_level":6}