{"gold_per_floor":[113,125,139,158,158,158,158,158,158,158,197,197,197,211,211,339,402,415,118,118,131,150,150,191,141,141,162,162,182,195,211,211,334,334,355,371,391,32,45,45,170,170,170,170],"floor_reached":44,"playtime":3219,"items_purged":["Strike_B","Strike_B","Strike_B"],"score":454,"play_id":"16603230-6bcf-47b3-ac88-ecfafda7e476","local_time":"20190326021220","is_ascension_mode":true,"campfire_choices":[{"data":"Zap","floor":6.0,"key":"SMITH"},{"data":"Dualcast","floor":8.0,"key":"SMITH"},{"data":"Conserve Battery","floor":10.0,"key":"SMITH"},{"data":"Steam","floor":13.0,"key":"SMITH"},{"data":"Turbo","floor":15.0,"key":"SMITH"},{"data":"Beam Cell","floor":23.0,"key":"SMITH"},{"data":"Reboot","floor":28.0,"key":"SMITH"},{"data":"Reboot","floor":32.0,"key":"SMITH"},{"floor":40,"key":"REST"},{"data":"Hologram","floor":42,"key":"SMITH"}],"neow_cost":"NONE","seed_source_timestamp":228263090899705,"circlet_count":0,"master_deck":["Defend_B","Defend_B+1","Defend_B+1","Defend_B","Zap+1","Dualcast+1","Glacier+1","Conserve Battery+1","Steam+1","All For One","Turbo+1","Reboot+1","Redo+1","Hologram+1","Beam Cell+1","Gash+1","Reboot+1","Go for the Eyes","Echo Form","BootSequence","Hyperbeam","Steam+1","Good Instincts+1","Thinking Ahead+1","Chill+1"],"special_seed":0,"relics":["Cracked Core","Golden Idol","War Paint","Cables","Tiny House","Membership Card","Anchor","Mercury Hourglass","Cursed Key","Toxic Egg 2","Calipers"],"potions_floor_usage":[44],"damage_taken":[{"damage":1.0,"enemies":"Cultist","floor":1.0,"turns":4.0},{"damage":6.0,"enemies":"Jaw Worm","floor":2.0,"turns":4.0},{"damage":0.0,"enemies":"Small Slimes","floor":3.0,"turns":3.0},{"damage":2.0,"enemies":"2 Fungi Beasts","floor":4.0,"turns":3.0},{"damage":55.0,"enemies":"Gremlin Nob","floor":11.0,"turns":7.0},{"damage":12.0,"enemies":"Gremlin Gang","floor":14.0,"turns":4.0},{"damage":12.0,"enemies":"The Guardian","floor":16.0,"turns":20.0},{"damage":0.0,"enemies":"Chosen","floor":18.0,"turns":7.0},{"damage":0.0,"enemies":"Spheric Guardian","floor":21.0,"turns":5.0},{"damage":0.0,"enemies":"Chosen and Byrds","floor":22.0,"turns":4.0},{"damage":3.0,"enemies":"Book of Stabbing","floor":24.0,"turns":5.0},{"damage":3.0,"enemies":"Snake Plant","floor":27.0,"turns":3.0},{"damage":0.0,"enemies":"Snecko","floor":29.0,"turns":3.0},{"damage":0.0,"enemies":"Chosen and Byrds","floor":30.0,"turns":5.0},{"damage":3.0,"enemies":"Sentry and Sphere","floor":31.0,"turns":3.0},{"damage":41.0,"enemies":"Champ","floor":33.0,"turns":13.0},{"damage":27.0,"enemies":"3 Darklings","floor":35.0,"turns":3.0},{"damage":0.0,"enemies":"3 Shapes","floor":36.0,"turns":4.0},{"damage":32.0,"enemies":"Spire Growth","floor":37.0,"turns":4.0},{"damage":0,"enemies":"Transient","floor":39,"turns":5},{"damage":11,"enemies":"Mind Bloom Boss Battle","floor":41,"turns":10},{"damage":37,"enemies":"Maw","floor":44,"turns":9}],"seed_played":"7846034168809156650","potions_obtained":[{"floor":2.0,"key":"SkillPotion"},{"floor":14.0,"key":"Dexterity Potion"},{"floor":17.0,"key":"Energy Potion"},{"floor":22.0,"key":"EssenceOfSteel"},{"floor":24.0,"key":"AttackPotion"},{"floor":33.0,"key":"EntropicBrew"},{"floor":37.0,"key":"FocusPotion"}],"is_trial":false,"path_per_floor":["M","M","M","M","?","R","?","R","T","R","E","?","R","M","R","B",null,"M","$","?","M","M","R","E","$","T","M","R","M","M","M","R","B",null,"M","M","M","$","M","R","?","R","T","M"],"character_chosen":"DEFECT","items_purchased":["Membership Card","Hologram","Beam Cell","Toxic Egg 2","Steam+1","Good Instincts+1","Thinking Ahead+1","GamblersBrew"],"campfire_rested":1,"item_purchase_floors":[19,19,19,38,38,38,38,38],"current_hp_per_floor":[74,68,68,66,66,66,66,66,66,66,11,69,69,57,57,45,74,74,74,74,74,74,74,71,71,71,68,68,68,68,65,65,24,74,47,47,15,15,15,37,26,26,26,0],"gold":170,"neow_bonus":"REMOVE_CARD","is_prod":false,"is_daily":false,"chose_seed":false,"campfire_upgraded":9,"win_rate":0,"timestamp":1553591540,"path_taken":["M","?","M","M","?","R","?","R","T","R","E","?","R","?","R","BOSS","M","$","?","M","M","R","E","$","T","M","R","M","M","M","R","BOSS","M","M","?","$","?","R","?","R","T","M"],"build_version":"2019-01-23","purchased_purges":3,"victory":false,"max_hp_per_floor":[75,75,75,75,69,69,69,69,69,69,69,69,69,69,69,69,74,74,74,74,74,74,74,74,74,74,74,74,74,74,74,74,74,74,74,74,74,74,74,74,74,74,74,74],"card_choices":[{"not_picked":["Redo","Streamline"],"picked":"Glacier","floor":1.0},{"not_picked":["Hello World","Rebound"],"picked":"Conserve Battery","floor":2.0},{"not_picked":["Leap","Streamline"],"picked":"Steam","floor":3.0},{"not_picked":["Gash","Reinforced Body","Streamline"],"picked":"SKIP","floor":4.0},{"not_picked":["Capacitor","BootSequence"],"picked":"All For One","floor":11.0},{"not_picked":["Stack","Leap"],"picked":"Turbo","floor":14.0},{"not_picked":["Creative AI","Core Surge"],"picked":"Reboot","floor":16.0},{"not_picked":["Doom and Gloom","Auto Shields"],"picked":"Redo","floor":17.0},{"not_picked":["Aggregate+1","Chill","Sweeping Beam"],"picked":"SKIP","floor":18.0},{"not_picked":["Ball Lightning","Beam Cell"],"picked":"Gash+1","floor":21.0},{"not_picked":["Redo","Beam Cell"],"picked":"Reboot","floor":22.0},{"not_picked":["Loop+1","Compile Driver","Streamline"],"picked":"SKIP","floor":24.0},{"not_picked":["Turbo","Redo","Darkness"],"picked":"SKIP","floor":27.0},{"not_picked":["Genetic Algorithm","Turbo"],"picked":"Go for the Eyes","floor":29.0},{"not_picked":["Stack","Glacier+1"],"picked":"Echo Form","floor":30.0},{"not_picked":["Steam","Auto Shields"],"picked":"BootSequence","floor":31.0},{"not_picked":["Core Surge","Machine Learning"],"picked":"Hyperbeam","floor":33.0},{"not_picked":["Barrage+1","Cold Snap","Redo"],"picked":"SKIP","floor":35.0},{"not_picked":["Leap","Ball Lightning","Beam Cell"],"picked":"SKIP","floor":36.0},{"not_picked":["Force Field+1","Redo","Defragment"],"picked":"SKIP","floor":37.0},{"not_picked":["Force Field+1","Scrape","Rebound"],"picked":"SKIP","floor":39},{"not_picked":["Turbo+1","Conserve Battery+1"],"picked":"Chill+1","floor":41}],"player_experience":43436,"relics_obtained":[{"floor":9.0,"key":"War Paint"},{"floor":11.0,"key":"Cables"},{"floor":24.0,"key":"Anchor"},{"floor":26.0,"key":"Mercury Hourglass"},{"floor":41,"key":"Calipers"}],"event_choices":[{"damage_healed":0.0,"max_hp_gain":0.0,"max_hp_loss":6.0,"gold_gain":0.0,"event_name":"Golden Idol","player_choice":"Lose Max HP","floor":5.0,"gold_loss":0.0,"damage_taken":0.0,"relics_obtained":["Golden Idol"]},{"damage_healed":0.0,"max_hp_gain":0.0,"max_hp_loss":0.0,"gold_gain":0.0,"event_name":"Liars Game","player_choice":"Ignored","floor":7.0,"gold_loss":0.0,"damage_taken":0.0},{"damage_healed":58.0,"max_hp_gain":0.0,"max_hp_loss":0.0,"gold_gain":0.0,"event_name":"Wheel of Change","player_choice":"Full Heal","floor":12.0,"gold_loss":0.0,"damage_taken":0.0},{"damage_healed":0.0,"max_hp_gain":0.0,"max_hp_loss":0.0,"gold_gain":0.0,"event_name":"Accursed Blacksmith","player_choice":"Forge","floor":20.0,"gold_loss":0.0,"damage_taken":0.0,"cards_upgraded":["Redo"]},{"damage_healed":0,"gold_gain":0,"player_choice":"Fight","damage_taken":0,"max_hp_gain":0,"max_hp_loss":0,"event_name":"MindBloom","floor":41,"gold_loss":0}],"is_beta":false,"boss_relics":[{"not_picked":["Eternal Feather","Philosopher\u0027s Stone"],"picked":"Tiny House"},{"not_picked":["Black Star","Inserter"],"picked":"Cursed Key"}],"items_purged_floors":[19,25,38],"is_endless":false,"potions_floor_spawned":[2,14,22,24,30,33,37,41],"killed_by":"Maw","ascension_level":1}