{"gold_per_floor":[119,132,307,25,25,53,53,128,155,155,182,182,182,225,225,323,323,341,354,354,479,497,497],"floor_reached":23,"playtime":853,"items_purged":["Doubt"],"score":380,"play_id":"17fc6345-2998-41fc-92d6-f8e67c3fc0c9","local_time":"20190312111700","is_ascension_mode":true,"campfire_choices":[{"data":"Apotheosis","floor":10,"key":"SMITH"},{"data":"Neutralize","floor":12,"key":"SMITH"},{"floor":15,"key":"REST"}],"neow_cost":"NONE","seed_source_timestamp":6222387472800,"circlet_count":0,"master_deck":["AscendersBane","Defend_G","Defend_G","Defend_G","Defend_G","Defend_G","Strike_G","Strike_G","Strike_G","Strike_G","Strike_G","Survivor","Neutralize+1","Finisher","Backstab","Apotheosis+1","Cloak And Dagger","Noxious Fumes","Dagger Throw","Injury","Leg Sweep","Skewer","Adrenaline","Bouncing Flask","Infinite Blades","Noxious Fumes","Footwork","Deflect"],"relics":["Ring of the Snake","NeowsBlessing","Snake Skull","Sundial","Dream Catcher","Juzu Bracelet","Golden Idol","Paper Crane","Sozu","Tingsha","The Courier"],"potions_floor_usage":[11,16],"damage_taken":[{"damage":0,"enemies":"Cultist","floor":1,"turns":1},{"damage":0,"enemies":"Jaw Worm","floor":2,"turns":1},{"damage":0,"enemies":"3 Sentries","floor":6,"turns":1},{"damage":3,"enemies":"Lagavulin","floor":11,"turns":8},{"damage":20,"enemies":"3 Sentries","floor":14,"turns":7},{"damage":10,"enemies":"Slime Boss","floor":16,"turns":5},{"damage":1,"enemies":"3 Byrds","floor":18,"turns":6},{"damage":10,"enemies":"2 Thieves","floor":19,"turns":4},{"damage":1,"enemies":"Colosseum Slavers","floor":21,"turns":4},{"damage":28,"enemies":"Colosseum Nobs","floor":21,"turns":6},{"damage":2,"enemies":"Centurion and Healer","floor":22,"turns":7},{"damage":23,"enemies":"Gremlin Leader","floor":23,"turns":2}],"seed_played":"814709032180386106","potions_obtained":[{"floor":1,"key":"EssenceOfSteel"},{"floor":11,"key":"SpeedPotion"},{"floor":14,"key":"PowerPotion"}],"is_trial":false,"path_per_floor":["M","M","?","$","?","E","T","?","T","R","E","R","?","E","R","B",null,"M","M","?","?","M","E"],"character_chosen":"THE_SILENT","items_purchased":["Apotheosis","Cloak And Dagger"],"campfire_rested":1,"item_purchase_floors":[4,4],"current_hp_per_floor":[63,63,63,63,63,63,63,56,56,56,53,53,53,33,54,44,64,63,53,53,24,22,0],"gold":497,"neow_bonus":"THREE_ENEMY_KILL","is_prod":false,"is_daily":false,"chose_seed":false,"campfire_upgraded":2,"win_rate":0,"timestamp":1552385820,"path_taken":["M","?","?","$","?","E","?","?","T","R","E","R","?","E","R","BOSS","M","M","?","?","M","E"],"build_version":"2019-01-23","purchased_purges":1,"victory":false,"max_hp_per_floor":[70,70,70,70,70,70,70,70,70,70,70,70,70,70,70,70,70,70,70,70,70,70,70],"card_choices":[{"not_picked":["Deflect","Outmaneuver"],"picked":"Finisher","floor":1},{"not_picked":["Flechettes","PiercingWail"],"picked":"Backstab","floor":2},{"not_picked":["Cloak And Dagger","Blade Dance"],"picked":"Noxious Fumes","floor":6},{"not_picked":["Accuracy","Finisher"],"picked":"Dagger Throw","floor":11},{"not_picked":["Quick Slash","Deadly Poison"],"picked":"Leg Sweep","floor":14},{"not_picked":["Deadly Poison","Backstab"],"picked":"Skewer","floor":15},{"not_picked":["Night Terror","Malaise"],"picked":"Adrenaline","floor":16},{"not_picked":["Backflip","Cloak And Dagger"],"picked":"Bouncing Flask","floor":18},{"not_picked":["Dodge and Roll","Blade Dance"],"picked":"Infinite Blades","floor":19},{"not_picked":["Underhanded Strike","Well Laid Plans"],"picked":"Footwork","floor":21},{"not_picked":["Acrobatics","Deadly Poison"],"picked":"Deflect","floor":22}],"player_experience":979471,"relics_obtained":[{"floor":6,"key":"Snake Skull"},{"floor":7,"key":"Sundial"},{"floor":9,"key":"Dream Catcher"},{"floor":11,"key":"Juzu Bracelet"},{"floor":14,"key":"Paper Crane"},{"floor":21,"key":"Tingsha"},{"floor":21,"key":"The Courier"}],"event_choices":[{"damage_healed":0,"gold_gain":175,"player_choice":"AGREE","damage_taken":0,"max_hp_gain":0,"max_hp_loss":0,"event_name":"Liars Game","floor":3,"gold_loss":0,"cards_obtained":["Doubt"]},{"damage_healed":0,"gold_gain":0,"player_choice":"Leave","damage_taken":0,"max_hp_gain":0,"max_hp_loss":0,"event_name":"The Cleric","floor":5,"gold_loss":0},{"damage_healed":0,"gold_gain":75,"player_choice":"Touch","damage_taken":7,"max_hp_gain":0,"max_hp_loss":0,"event_name":"FaceTrader","floor":8,"gold_loss":0},{"damage_healed":0,"gold_gain":0,"player_choice":"Take Wound","damage_taken":0,"relics_obtained":["Golden Idol"],"max_hp_gain":0,"max_hp_loss":0,"event_name":"Golden Idol","floor":13,"gold_loss":0,"cards_obtained":["Injury"]},{"damage_healed":0,"gold_gain":0,"player_choice":"Read","damage_taken":0,"max_hp_gain":0,"max_hp_loss":0,"event_name":"The Library","floor":20,"gold_loss":0,"cards_obtained":["Noxious Fumes"]},{"damage_healed":0,"gold_gain":0,"player_choice":"Fight","damage_taken":0,"max_hp_gain":0,"max_hp_loss":0,"event_name":"Colosseum","floor":21,"gold_loss":0},{"damage_healed":0,"gold_gain":0,"player_choice":"Fought Nobs","damage_taken":0,"max_hp_gain":0,"max_hp_loss":0,"event_name":"Colosseum","floor":21,"gold_loss":0}],"is_beta":false,"boss_relics":[{"not_picked":["Runic Dome","Runic Pyramid"],"picked":"Sozu"}],"items_purged_floors":[4],"is_endless":false,"potions_floor_spawned":[1,11,14,18,22],"killed_by":"Gremlin Leader","ascension_level":13}