{"path_per_floor":["M","M","M","?","M","R","E","R","T","E","?","M","E","$","R","B",null,"M","M","M","$","M","R"],"character_chosen":"IRONCLAD","items_purchased":["Bag of Preparation","Weak Potion","Explosive Potion","Shrug It Off"],"gold_per_floor":[117,127,137,137,149,149,179,179,254,284,311,329,358,38,38,140,140,150,168,187,60,72,72],"floor_reached":24,"campfire_rested":2,"playtime":2154,"current_hp_per_floor":[75,75,69,62,59,59,24,24,24,22,23,30,12,12,39,31,96,72,46,17,17,11,41],"items_purged":["Bash","Strike_R"],"gold":72,"play_id":"305fc4a0-f0e8-4cbd-a1b3-f6d52c3ea2e3","is_prod":false,"is_daily":false,"campfire_rituals":0,"campfire_upgraded":2,"is_hardmode":false,"path_taken":["M","?","M","?","M","R","E","R","T","E","?","M","E","$","R","BOSS","M","M","M","$","?","R","E"],"build_version":"2018-01-18-PROD4","purchased_purges":2,"victory":false,"master_deck":["Strike_R","Strike_R","Strike_R","Strike_R","Defend_R","Defend_R","Defend_R","Pommel Strike","Pommel Strike","Spot Weakness","Thunderclap","Feed","Headbutt","Double Tap","Pommel Strike","Warcry","Shrug It Off"],"max_hp_per_floor":[80,80,80,80,80,80,80,80,80,80,83,86,91,91,91,96,96,96,96,101,101,103,103],"relics":["Burning Blood","Prayer Wheel","Letter Opener","Anchor","Odd Mushroom","Singing Bowl","Bag of Preparation","Black Star"],"campfire_meditates":0,"card_choices":[{"not_picked":["Wild Strike","Inflame"],"picked":"Pommel Strike"},{"not_picked":["Rupture","Corruption"],"picked":"Pommel Strike"},{"not_picked":["Blood for Blood","Clothesline"],"picked":"Spot Weakness"},{"not_picked":["Anger","Flame Barrier"],"picked":"Thunderclap"},{"not_picked":["Thunderclap","Spot Weakness"],"picked":"Feed"},{"not_picked":["Disarm","Wild Strike"],"picked":"Headbutt"},{"not_picked":["Twin Strike","Metallicize"],"picked":"Double Tap"},{"not_picked":["Infernal Blade","Pummel"],"picked":"Pommel Strike"},{"not_picked":["Bloodletting","Cleave"],"picked":"Warcry"}],"player_experience":84003,"potions_floor_usage":[24],"damage_taken":[{"damage":11.0,"enemies":"Blue Slaver","floor":1.0,"turns":5.0},{"damage":6.0,"enemies":"Jaw Worm","floor":2.0,"turns":4.0},{"damage":12.0,"enemies":"Small Slimes","floor":3.0,"turns":3.0},{"damage":9.0,"enemies":"2 Fungi Beasts","floor":5.0,"turns":3.0},{"damage":41.0,"enemies":"3 Sentries","floor":7.0,"turns":5.0},{"damage":8.0,"enemies":"Gremlin Nob","floor":10.0,"turns":3.0},{"damage":8.0,"enemies":"The Mushroom Lair","floor":11.0,"turns":2.0},{"damage":2.0,"enemies":"Exordium Wildlife","floor":12.0,"turns":3.0},{"damage":29.0,"enemies":"Lagavulin","floor":13.0,"turns":5.0},{"damage":19.0,"enemies":"Slime Boss","floor":16.0,"turns":7.0},{"damage":30,"enemies":"Spheric Guardian","floor":18,"turns":4},{"damage":32,"enemies":"Shell Parasite","floor":19,"turns":5},{"damage":40,"enemies":"Centurion and Healer","floor":20,"turns":4},{"damage":14,"enemies":"3 Cultists","floor":22,"turns":5},{"damage":53,"enemies":"Book of Stabbing","floor":24,"turns":5}],"event_choices":[{"event_name":"Golden Wing","player_choice":"Card Removal","floor":4.0,"damage_taken":0.0},{"event_name":"Mushrooms","player_choice":"Fought Mushrooms","floor":11.0,"damage_taken":0.0}],"boss_relics":[],"potions_floor_spawned":[2,7,10,12,18,20,22],"seed_played":"1729871373515689149","killed_by":"Book of Stabbing","is_trial":false}