{"gold_per_floor":[112,122,132,132,9,9,9,22,76,76,91,91,107,107],"floor_reached":14,"playtime":308,"items_purged":["Strike_R"],"score":144,"play_id":"4f21dffd-d261-4fc1-888d-688b023bc49f","local_time":"20190424003710","is_ascension_mode":true,"campfire_choices":[{"data":"Bash","floor":6,"key":"SMITH"},{"data":"Fiend Fire","floor":10,"key":"SMITH"},{"data":"Flex","floor":12,"key":"SMITH"}],"neow_cost":"NONE","seed_source_timestamp":95091893854800,"circlet_count":0,"master_deck":["AscendersBane","Strike_R","Strike_R","Strike_R","Defend_R","Defend_R","Defend_R","Defend_R","Bash+1","Iron Wave","Pommel Strike","Fiend Fire+1","Flex+1","Clash","True Grit"],"relics":["Eternal Feather","Pen Nib","Omamori"],"potions_floor_usage":[],"damage_taken":[{"damage":9,"enemies":"Jaw Worm","floor":1,"turns":4},{"damage":11,"enemies":"Small Slimes","floor":2,"turns":4},{"damage":6,"enemies":"Cultist","floor":3,"turns":3},{"damage":9,"enemies":"3 Louse","floor":8,"turns":3},{"damage":11,"enemies":"Blue Slaver","floor":11,"turns":3},{"damage":0,"enemies":"Large Slime","floor":13,"turns":3},{"damage":30,"enemies":"Lagavulin","floor":14,"turns":3}],"seed_played":"-4536769858749796808","potions_obtained":[{"floor":1,"key":"Ancient Potion"},{"floor":11,"key":"Dexterity Potion"}],"is_trial":false,"path_per_floor":["M","M","M","?","$","R","?","M","T","R","M","R","M","E"],"character_chosen":"IRONCLAD","items_purchased":["Strength Potion"],"campfire_rested":0,"item_purchase_floors":[5],"current_hp_per_floor":[59,48,42,31,31,37,37,28,28,34,23,29,29,0],"gold":107,"neow_bonus":"BOSS_RELIC","is_prod":false,"is_daily":false,"chose_seed":false,"campfire_upgraded":3,"win_rate":0,"timestamp":1556059030,"path_taken":["M","M","M","?","$","R","?","M","T","R","?","R","M","E"],"build_version":"2019-01-23","purchased_purges":1,"victory":false,"max_hp_per_floor":[75,75,75,75,75,75,75,75,75,75,75,75,75,75],"card_choices":[{"not_picked":["Reckless Charge","Cleave"],"picked":"Iron Wave","floor":1},{"not_picked":["Body Slam","Sword Boomerang"],"picked":"Pommel Strike","floor":2},{"not_picked":["Combust","Twin Strike"],"picked":"Fiend Fire","floor":3},{"not_picked":["Warcry","Heavy Blade"],"picked":"Flex","floor":8},{"not_picked":["Infernal Blade","Body Slam"],"picked":"Clash","floor":11},{"not_picked":["Perfected Strike","Heavy Blade"],"picked":"True Grit","floor":13}],"player_experience":1059142,"relics_obtained":[{"floor":9,"key":"Omamori"}],"event_choices":[{"damage_healed":0,"gold_gain":0,"player_choice":"Success","damage_taken":11,"relics_obtained":["Pen Nib"],"max_hp_gain":0,"max_hp_loss":0,"event_name":"Scrap Ooze","floor":4,"gold_loss":0},{"cards_removed":["Strike_R"],"damage_healed":0,"gold_gain":0,"player_choice":"Purged","damage_taken":0,"max_hp_gain":0,"max_hp_loss":0,"event_name":"Purifier","floor":7,"gold_loss":0}],"is_beta":false,"boss_relics":[],"items_purged_floors":[5],"is_endless":false,"potions_floor_spawned":[1,11],"killed_by":"Lagavulin","ascension_level":15}