{"path_per_floor":["M","?","M","?","M","E","M","M","T","R","M","M","M","$","R","B",null,"M","M","?"],"character_chosen":"IRONCLAD","items_purchased":["Lee\u0027s Waffle"],"gold_per_floor":[116,116,136,136,147,176,186,202,202,202,214,233,250,47,47,145,145,159,139,64],"floor_reached":21,"campfire_rested":0,"playtime":842,"current_hp_per_floor":[72,72,75,72,69,45,38,39,39,39,45,31,27,87,87,72,83,38,26,26],"items_purged":[],"gold":64,"score":250,"play_id":"7655acde-e03a-4926-b4c1-aff66e74547b","is_prod":false,"is_daily":false,"is_ascension_mode":true,"campfire_upgraded":0,"path_taken":["M","?","M","?","M","E","M","M","T","R","M","M","?","$","R","BOSS","M","M","?","?"],"build_version":"2018-02-15-PROD1","purchased_purges":0,"victory":false,"master_deck":["Strike_R","Strike_R","Strike_R","Strike_R","Strike_R","Defend_R","Defend_R","Defend_R","Bash","Thunderclap","Offering","Perfected Strike","Shrug It Off","Whirlwind","Shrug It Off","Dark Embrace","Rampage+1"],"max_hp_per_floor":[80,80,80,80,80,80,80,80,80,80,80,80,80,87,87,87,87,87,87,87],"relics":["Burning Blood","Bag of Marbles","Regal Pillow","Shovel","Blue Candle","Lee\u0027s Waffle","Frozen Eye","Philosopher\u0027s Stone"],"card_choices":[{"not_picked":["Headbutt","Cleave"],"picked":"Thunderclap"},{"not_picked":["Entrench","Cleave"],"picked":"Offering"},{"not_picked":["Warcry","Rage"],"picked":"Perfected Strike"},{"not_picked":["Bloodletting","Clash"],"picked":"Shrug It Off"},{"not_picked":["Iron Wave","Cleave"],"picked":"Whirlwind"},{"not_picked":["Fiend Fire","Twin Strike"],"picked":"Shrug It Off"},{"not_picked":["Fiend Fire","Immolate"],"picked":"Dark Embrace"},{"not_picked":["Rupture","Blood for Blood"],"picked":"Rampage"}],"player_experience":226869,"potions_floor_usage":[16,16,19,21],"damage_taken":[{"damage":6,"enemies":"Cultist","floor":1,"turns":3},{"damage":3,"enemies":"Small Slimes","floor":3,"turns":4},{"damage":9,"enemies":"Jaw Worm","floor":5,"turns":5},{"damage":30,"enemies":"3 Sentries","floor":6,"turns":7},{"damage":13,"enemies":"Blue Slaver","floor":7,"turns":2},{"damage":5,"enemies":"Red Slaver","floor":8,"turns":2},{"damage":0,"enemies":"Large Slime","floor":11,"turns":3},{"damage":20,"enemies":"Exordium Wildlife","floor":12,"turns":3},{"damage":10,"enemies":"Red Slaver","floor":13,"turns":2},{"damage":21,"enemies":"Slime Boss","floor":16,"turns":9},{"damage":51,"enemies":"Spheric Guardian","floor":18,"turns":6},{"damage":18,"enemies":"2 Thieves","floor":19,"turns":4},{"damage":39,"enemies":"Slaver and Parasite","floor":21,"turns":3}],"event_choices":[{"event_name":"The Woman in Blue","player_choice":"Bought 0 Potions","floor":2,"damage_taken":0},{"event_name":"Scrap Ooze","player_choice":"success","floor":4,"damage_taken":3},{"event_name":"Beggar","player_choice":"Gave Gold","floor":20,"damage_taken":0}],"boss_relics":[{"not_picked":["Velvet Choker","Astrolabe"],"picked":"Philosopher\u0027s Stone"}],"potions_floor_spawned":[6,7,12,13,19],"seed_played":"-4878554308395993291","killed_by":"Slaver and Parasite","ascension_level":7,"is_trial":false}