{"gold_per_floor":[110,130,145,155,165,165,198,198,198,198,210,269,279,292,292,366,366,381,53,103,121,135,135,145,145,219,219],"floor_reached":27,"playtime":1361,"items_purged":["Reprogram"],"score":435,"play_id":"58f99858-a304-4f90-b79f-072bdce754e7","local_time":"20191009094757","is_ascension_mode":true,"campfire_choices":[{"data":"Zap","floor":6.0,"key":"SMITH"},{"floor":8.0,"key":"REST"},{"data":"Loop","floor":10.0,"key":"SMITH"},{"floor":15.0,"key":"REST"},{"floor":23.0,"key":"REST"}],"neow_cost":"NONE","seed_source_timestamp":0,"circlet_count":0,"master_deck":["AscendersBane","Zap+1","Dualcast","Glacier","Doom and Gloom","Loop+1","Storm","Go for the Eyes","Compile Driver","Multi-Cast","Conserve Battery","Auto Shields","Biased Cognition","Static Discharge","Beam Cell","Echo Form","Consume","Stack","Buffer","Static Discharge","Electrodynamics","Core Surge","Rebound","Coolheaded","Loop","Chaos","Jack Of All Trades","Redo","Ball Lightning+1","Conserve Battery","Darkness"],"special_seed":0,"relics":["Cracked Core","Bag of Preparation","Dream Catcher","Mercury Hourglass","Tiny Chest","Pandora\u0027s Box","Dodecahedron","Letter Opener"],"potions_floor_usage":[],"damage_taken":[{"damage":1.0,"enemies":"Cultist","floor":1.0,"turns":3.0},{"damage":0.0,"enemies":"2 Louse","floor":2.0,"turns":3.0},{"damage":0.0,"enemies":"Small Slimes","floor":3.0,"turns":3.0},{"damage":10.0,"enemies":"Gremlin Gang","floor":4.0,"turns":3.0},{"damage":1.0,"enemies":"2 Fungi Beasts","floor":5.0,"turns":4.0},{"damage":26.0,"enemies":"Gremlin Nob","floor":7.0,"turns":5.0},{"damage":0.0,"enemies":"Looter","floor":11.0,"turns":3.0},{"damage":11.0,"enemies":"3 Sentries","floor":12.0,"turns":5.0},{"damage":2.0,"enemies":"Blue Slaver","floor":13.0,"turns":3.0},{"damage":0.0,"enemies":"2 Fungi Beasts","floor":14.0,"turns":2.0},{"damage":50.0,"enemies":"Slime Boss","floor":16.0,"turns":8.0},{"damage":7.0,"enemies":"Chosen","floor":18.0,"turns":3.0},{"damage":25.0,"enemies":"Shell Parasite","floor":21.0,"turns":10.0},{"damage":10.0,"enemies":"Chosen and Byrds","floor":22.0,"turns":5.0},{"damage":29.0,"enemies":"Snecko","floor":24.0,"turns":5.0},{"damage":14,"enemies":"Shelled Parasite and Fungi","floor":27,"turns":1}],"seed_played":"4994545186302760776","potions_obtained":[{"floor":1.0,"key":"PowerPotion"},{"floor":2.0,"key":"Block Potion"},{"floor":4.0,"key":"SpeedPotion"},{"floor":14.0,"key":"LiquidBronze"},{"floor":16.0,"key":"FocusPotion"},{"floor":21.0,"key":"Regen Potion"},{"floor":24,"key":"Explosive Potion"}],"is_trial":false,"path_per_floor":["M","M","M","M","M","R","E","R","T","R","M","E","M","M","R","B",null,"M","$","?","M","M","R","M","T","T","M"],"character_chosen":"DEFECT","items_purchased":["Loop","Chaos","Jack Of All Trades"],"campfire_rested":3,"item_purchase_floors":[19,19,19],"current_hp_per_floor":[63,63,63,53,52,52,26,47,47,47,47,36,34,34,55,5,55,48,48,41,16,20,41,12,12,12,0],"gold":219,"neow_bonus":"RANDOM_COMMON_RELIC","is_prod":false,"is_daily":false,"chose_seed":false,"campfire_upgraded":2,"win_rate":0,"timestamp":1570607277,"path_taken":["M","M","?","M","M","R","E","R","T","R","M","E","M","M","R","BOSS","M","$","?","M","M","R","M","?","T","M"],"build_version":"2019-07-17","purchased_purges":1,"victory":false,"max_hp_per_floor":[71,71,71,71,71,71,71,71,71,71,71,71,71,71,71,71,71,71,71,71,71,71,71,71,71,71,71],"card_choices":[{"not_picked":["Ball Lightning","Undo"],"picked":"Glacier","floor":1.0},{"not_picked":["Storm","Coolheaded"],"picked":"Doom and Gloom","floor":2.0},{"not_picked":["Beam Cell","Hologram"],"picked":"Loop","floor":3.0},{"not_picked":["Go for the Eyes","Cold Snap"],"picked":"Storm","floor":4.0},{"not_picked":["Hologram","Beam Cell"],"picked":"Go for the Eyes","floor":5.0},{"not_picked":["Turbo","Steam"],"picked":"Compile Driver","floor":7.0},{"not_picked":["Steam","Rip and Tear"],"picked":"Multi-Cast","floor":8.0},{"not_picked":["Melter","Cold Snap"],"picked":"Conserve Battery","floor":11.0},{"not_picked":["Doom and Gloom","Ball Lightning"],"picked":"Auto Shields","floor":12.0},{"not_picked":["Beam Cell","White Noise"],"picked":"Biased Cognition","floor":13.0},{"not_picked":["Cold Snap","Doom and Gloom"],"picked":"Static Discharge","floor":14.0},{"not_picked":["Rebound","Sweeping Beam"],"picked":"Beam Cell","floor":15.0},{"not_picked":["Biased Cognition","Core Surge"],"picked":"Echo Form","floor":16.0},{"not_picked":["Compile Driver","Barrage"],"picked":"Coolheaded","floor":18.0},{"not_picked":["Stack","Ball Lightning"],"picked":"Redo","floor":21.0},{"not_picked":["Go for the Eyes","Cold Snap"],"picked":"Ball Lightning+1","floor":22.0},{"not_picked":["Redo","Streamline"],"picked":"Conserve Battery","floor":23.0},{"not_picked":["Stack","Gash"],"picked":"Darkness","floor":24}],"player_experience":1995666,"relics_obtained":[{"floor":7.0,"key":"Dream Catcher"},{"floor":9.0,"key":"Mercury Hourglass"},{"floor":12.0,"key":"Tiny Chest"},{"floor":25,"key":"Dodecahedron"},{"floor":26,"key":"Letter Opener"}],"event_choices":[{"damage_healed":0.0,"max_hp_gain":0.0,"max_hp_loss":0.0,"gold_gain":50.0,"event_name":"FaceTrader","player_choice":"Touch","floor":20.0,"gold_loss":0.0,"damage_taken":7.0}],"is_beta":false,"boss_relics":[{"not_picked":["Eternal Feather","Sozu"],"picked":"Pandora\u0027s Box"}],"items_purged_floors":[19],"is_endless":false,"potions_floor_spawned":[1,2,4,5,14,16,21,24],"killed_by":"Shelled Parasite and Fungi","ascension_level":18}