{"gold_per_floor":[14,14,30,50,66,66,96,96,177,195,208,208,236,256,256,256],"floor_reached":16,"playtime":585,"items_purged":[],"score":228,"play_id":"82cd3803-41f5-4a72-8afe-47115d4be3ff","local_time":"20191007201141","is_ascension_mode":true,"campfire_choices":[{"data":"Doom and Gloom","floor":6,"key":"SMITH"},{"data":"Zap","floor":8,"key":"SMITH"},{"data":"Loop","floor":12,"key":"SMITH"},{"floor":15,"key":"REST"}],"neow_cost":"NO_GOLD","seed_source_timestamp":324149790862900,"circlet_count":0,"master_deck":["AscendersBane","Strike_B","Strike_B","Strike_B","Defend_B","Defend_B","Defend_B","Zap+1","Dualcast","Go for the Eyes","Lockon","Loop+1","Self Repair","Doom and Gloom+1","Thunder Strike","Coolheaded","Genetic Algorithm","Leap","Capacitor"],"relics":["Cracked Core","Calipers","Smiling Mask","Bottled Tornado","Centennial Puzzle"],"potions_floor_usage":[7,13,16],"damage_taken":[{"damage":5,"enemies":"Small Slimes","floor":1,"turns":3},{"damage":0,"enemies":"Cultist","floor":3,"turns":2},{"damage":0,"enemies":"2 Louse","floor":4,"turns":1},{"damage":13,"enemies":"Blue Slaver","floor":5,"turns":3},{"damage":22,"enemies":"3 Sentries","floor":7,"turns":4},{"damage":12,"enemies":"3 Louse","floor":10,"turns":3},{"damage":9,"enemies":"Red Slaver","floor":11,"turns":3},{"damage":6,"enemies":"Gremlin Nob","floor":13,"turns":3},{"damage":0,"enemies":"2 Fungi Beasts","floor":14,"turns":2},{"damage":53,"enemies":"The Guardian","floor":16,"turns":6}],"seed_played":"8811050277981783179","potions_obtained":[{"floor":1,"key":"Energy Potion"},{"floor":3,"key":"PowerPotion"},{"floor":13,"key":"Swift Potion"}],"is_trial":false,"path_per_floor":["M","?","M","M","M","R","E","R","T","M","M","R","E","M","R","B"],"character_chosen":"DEFECT","items_purchased":[],"campfire_rested":1,"item_purchase_floors":[],"current_hp_per_floor":[59,59,59,59,53,53,38,38,38,26,24,24,25,32,53,0],"gold":256,"neow_bonus":"TRANSFORM_TWO_CARDS","is_prod":false,"is_daily":false,"chose_seed":false,"campfire_upgraded":3,"win_rate":0,"timestamp":1570475501,"path_taken":["M","?","M","M","M","R","E","R","T","M","?","R","E","M","R","BOSS"],"build_version":"2019-07-17","purchased_purges":0,"victory":false,"max_hp_per_floor":[71,71,71,71,71,71,71,71,71,71,71,71,71,71,71,71],"card_choices":[{"not_picked":["Reprogram","Compile Driver"],"picked":"Darkness","floor":1},{"not_picked":["Rebound","Aggregate"],"picked":"Loop","floor":3},{"not_picked":["Stack","Redo"],"picked":"Self Repair","floor":4},{"not_picked":["Consume","Reinforced Body"],"picked":"Doom and Gloom","floor":5},{"not_picked":["FTL","Double Energy"],"picked":"Thunder Strike","floor":7},{"not_picked":["Turbo","Ball Lightning"],"picked":"Coolheaded","floor":10},{"not_picked":["Reinforced Body","Steam Power"],"picked":"Genetic Algorithm","floor":11},{"not_picked":["Meteor Strike","Sweeping Beam"],"picked":"Leap","floor":13},{"not_picked":["Go for the Eyes","Streamline"],"picked":"Capacitor","floor":14}],"player_experience":1214754,"relics_obtained":[{"floor":7,"key":"Smiling Mask"},{"floor":9,"key":"Bottled Tornado"},{"floor":13,"key":"Centennial Puzzle"}],"event_choices":[{"cards_removed":["Darkness"],"damage_healed":0,"gold_gain":0,"player_choice":"Gave Card","damage_taken":0,"relics_obtained":["Calipers"],"max_hp_gain":0,"max_hp_loss":0,"event_name":"WeMeetAgain","floor":2,"gold_loss":0}],"is_beta":false,"boss_relics":[],"items_purged_floors":[],"is_endless":false,"potions_floor_spawned":[1,3,4,13],"killed_by":"The Guardian","ascension_level":20}