{"gold_per_floor":[213,225,225,150,161,161,189,189,189,189,207,157,157,157,157,254,254,265,265,265,283,152,152,181,200,200,217,217,131,131,149,149,245,245,257,257],"floor_reached":36,"playtime":1508,"items_purged":["Strike_R","Strike_R","Strike_R+1","Defend_R"],"score":430,"play_id":"844bd197-cc61-4cee-af26-323098fe1297","local_time":"20191008000245","is_ascension_mode":false,"campfire_choices":[{"data":"Body Slam","floor":6.0,"key":"SMITH"},{"data":"Flame Barrier","floor":10.0,"key":"SMITH"},{"data":"Bash","floor":13.0,"key":"SMITH"},{"data":"Defend_R","floor":15.0,"key":"SMITH"},{"data":"Limit Break","floor":23.0,"key":"SMITH"},{"data":"Shockwave","floor":32,"key":"SMITH"}],"neow_cost":"NONE","seed_source_timestamp":206324970472827,"circlet_count":0,"master_deck":["Defend_R","Defend_R+1","Defend_R+1","Bash+1","Body Slam+1","Heavy Blade","Flame Barrier+1","Impervious","Limit Break+1","Shockwave+1","Warcry+1","Zap+1"],"special_seed":0,"relics":["Burning Blood","Du-Vu Doll","Smiling Mask","Paper Frog","Sozu","Singing Bowl","Self Forming Clay","Nilry\u0027s Codex","Calling Bell","Strawberry","Sundial","Ice Cream"],"potions_floor_usage":[],"damage_taken":[{"damage":13.0,"enemies":"Jaw Worm","floor":1.0,"turns":3.0},{"damage":6.0,"enemies":"2 Louse","floor":2.0,"turns":3.0},{"damage":0.0,"enemies":"Cultist","floor":5.0,"turns":3.0},{"damage":43.0,"enemies":"Gremlin Nob","floor":7.0,"turns":6.0},{"damage":11.0,"enemies":"Large Slime","floor":11.0,"turns":5.0},{"damage":10.0,"enemies":"The Guardian","floor":16.0,"turns":10.0},{"damage":0.0,"enemies":"Chosen","floor":18.0,"turns":2.0},{"damage":0.0,"enemies":"Spheric Guardian","floor":21.0,"turns":3.0},{"damage":0.0,"enemies":"Book of Stabbing","floor":24.0,"turns":4.0},{"damage":2.0,"enemies":"Centurion and Healer","floor":25.0,"turns":8.0},{"damage":4.0,"enemies":"Cultist and Chosen","floor":27.0,"turns":7.0},{"damage":15,"enemies":"Snake Plant","floor":31,"turns":4},{"damage":58,"enemies":"Champ","floor":33,"turns":11},{"damage":7,"enemies":"3 Shapes","floor":35,"turns":6},{"damage":0,"enemies":"3 Darklings","floor":36,"turns":4}],"seed_played":"-4731129679135464674","potions_obtained":[{"floor":5.0,"key":"Energy Potion"},{"floor":14.0,"key":"Fruit Juice"},{"floor":14.0,"key":"Dexterity Potion"},{"floor":14.0,"key":"PowerPotion"},{"floor":16.0,"key":"Weak Potion"}],"is_trial":false,"path_per_floor":["M","M","?","$","M","R","E","?","T","R","M","$","R","?","R","B",null,"M","?","?","M","$","R","E","M","T","M","?","$","?","M","R","B",null,"M","M"],"character_chosen":"IRONCLAD","items_purchased":["Limit Break","Entrench"],"campfire_rested":0,"item_purchase_floors":[22,29],"current_hp_per_floor":[73,73,57,57,63,63,26,14,14,14,9,9,9,14,14,10,85,85,85,85,85,85,85,85,85,85,87,71,71,71,64,64,14,98,99,99],"gold":257,"neow_bonus":"HUNDRED_GOLD","is_prod":false,"is_daily":false,"chose_seed":false,"campfire_upgraded":6,"win_rate":0,"timestamp":1570518165,"path_taken":["M","M","?","$","M","R","E","?","T","R","M","$","R","?","R","BOSS","M","?","?","?","$","R","E","M","T","M","?","$","?","M","R","BOSS","M","M"],"build_version":"2019-07-17","purchased_purges":4,"victory":false,"max_hp_per_floor":[80,80,80,80,80,80,80,80,80,80,80,80,80,85,85,85,85,85,85,85,85,85,85,85,85,85,87,87,87,87,89,89,91,98,100,100],"card_choices":[{"not_picked":["Havoc","Sword Boomerang"],"picked":"Body Slam","floor":1.0},{"not_picked":["Body Slam","Seeing Red"],"picked":"Heavy Blade","floor":2.0},{"not_picked":["Brutality","Rupture"],"picked":"Flame Barrier","floor":5.0},{"not_picked":["Perfected Strike","Corruption","Wild Strike"],"picked":"SKIP","floor":7.0},{"not_picked":["Rupture","Body Slam","Dual Wield"],"picked":"SKIP","floor":11.0},{"not_picked":["Fiend Fire","Brutality"],"picked":"Impervious","floor":16.0},{"not_picked":["Twin Strike","Uppercut","Thunderclap+1"],"picked":"SKIP","floor":18.0},{"not_picked":["Wild Strike","Dropkick","Thunderclap"],"picked":"SKIP","floor":21.0},{"not_picked":["Impervious","Sword Boomerang+1"],"picked":"Shockwave","floor":24.0},{"not_picked":["Perfected Strike","Armaments+1"],"picked":"Warcry+1","floor":25.0},{"not_picked":["Dual Wield","Ghostly Armor+1","Havoc"],"picked":"Singing Bowl","floor":27.0},{"not_picked":["Clash","Reckless Charge+1","Corruption"],"picked":"Singing Bowl","floor":31},{"not_picked":["Limit Break","Double Tap","Feed"],"picked":"Singing Bowl","floor":33},{"not_picked":["Cleave","Iron Wave","Rage+1"],"picked":"Singing Bowl","floor":35}],"player_experience":357054,"relics_obtained":[{"floor":7.0,"key":"Du-Vu Doll"},{"floor":9.0,"key":"Paper Frog"},{"floor":24.0,"key":"Singing Bowl"},{"floor":26.0,"key":"Self Forming Clay"},{"floor":28,"key":"Nilry\u0027s Codex"},{"floor":34,"key":"Strawberry"},{"floor":34,"key":"Sundial"},{"floor":34,"key":"Ice Cream"}],"event_choices":[{"damage_healed":0.0,"max_hp_gain":0.0,"max_hp_loss":0.0,"gold_gain":0.0,"event_name":"Shining Light","player_choice":"Entered Light","floor":3.0,"gold_loss":0.0,"damage_taken":16.0,"cards_upgraded":["Defend_R","Strike_R"]},{"damage_healed":0.0,"max_hp_gain":0.0,"max_hp_loss":0.0,"gold_gain":0.0,"event_name":"Scrap Ooze","player_choice":"Success","floor":8.0,"gold_loss":0.0,"damage_taken":12.0,"relics_obtained":["Smiling Mask"]},{"damage_healed":0.0,"max_hp_gain":0.0,"max_hp_loss":0.0,"gold_gain":0.0,"event_name":"Lab","player_choice":"Got Potions","floor":14.0,"gold_loss":0.0,"damage_taken":0.0},{"cards_removed":["Strike_R"],"damage_healed":0.0,"max_hp_gain":0.0,"max_hp_loss":0.0,"gold_gain":0.0,"event_name":"Back to Basics","player_choice":"Elegance","floor":19.0,"gold_loss":0.0,"damage_taken":0.0},{"cards_removed":["Strike_R"],"damage_healed":0.0,"max_hp_gain":0.0,"max_hp_loss":0.0,"gold_gain":0.0,"event_name":"Bonfire Elementals","player_choice":"Offered Basic","floor":20.0,"gold_loss":0.0,"damage_taken":0.0},{"damage_healed":0,"gold_gain":0,"player_choice":"Obtained Book","damage_taken":16,"max_hp_gain":0,"max_hp_loss":0,"event_name":"Cursed Tome","floor":28,"gold_loss":0},{"cards_removed":["Entrench"],"damage_healed":0,"gold_gain":0,"player_choice":"Took Card","damage_taken":0,"max_hp_gain":0,"max_hp_loss":0,"event_name":"NoteForYourself","floor":30,"gold_loss":0,"cards_obtained":["Zap"]}],"is_beta":false,"boss_relics":[{"not_picked":["Snecko Eye","Philosopher\u0027s Stone"],"picked":"Sozu"},{"not_picked":["Pandora\u0027s Box","Runic Pyramid"],"picked":"Calling Bell"}],"items_purged_floors":[4,12,22,29],"is_endless":false,"potions_floor_spawned":[5,16,24,25,31,35],"killed_by":"3 Darklings","ascension_level":0}