{"gold_per_floor":[116,116,116,116,133,143,174,194,219,219,237,249,249,73,73,145,145,158,158],"floor_reached":19,"playtime":661,"items_purged":["Strike_B"],"score":405,"play_id":"23845e1d-4660-4e45-876d-f92677e4c627","local_time":"20190701071941","is_ascension_mode":true,"campfire_choices":[{"data":"Zap","floor":10,"key":"SMITH"},{"data":"Capacitor","floor":13,"key":"SMITH"},{"floor":15,"key":"REST"}],"neow_cost":"NONE","seed_source_timestamp":1148838628535600,"circlet_count":0,"master_deck":["AscendersBane","Strike_B+1","Strike_B","Defend_B","Defend_B","Defend_B+1","Defend_B","Zap+1","Dualcast","Conserve Battery","Storm","Sweeping Beam","Capacitor+1","Electrodynamics","BootSequence","Ball Lightning","Leap","Auto Shields","Thunder Strike","Cold Snap"],"relics":["Cracked Core","NeowsBlessing","Ancient Tea Set","Omamori","Inserter"],"potions_floor_usage":[7,8,12,16,18],"damage_taken":[{"damage":0,"enemies":"Jaw Worm","floor":1,"turns":1},{"damage":0,"enemies":"Small Slimes","floor":5,"turns":1},{"damage":0,"enemies":"2 Louse","floor":6,"turns":1},{"damage":28,"enemies":"Gremlin Nob","floor":7,"turns":5},{"damage":1,"enemies":"Looter","floor":8,"turns":3},{"damage":0,"enemies":"Red Slaver","floor":11,"turns":4},{"damage":0,"enemies":"Blue Slaver","floor":12,"turns":3},{"damage":0,"enemies":"Slime Boss","floor":16,"turns":7},{"damage":42,"enemies":"Chosen","floor":18,"turns":7},{"damage":25,"enemies":"3 Byrds","floor":19,"turns":2}],"seed_played":"-6411557334833160780","potions_obtained":[{"floor":1,"key":"SkillPotion"},{"floor":7,"key":"Weak Potion"},{"floor":8,"key":"Strength Potion"},{"floor":11,"key":"Energy Potion"}],"is_trial":false,"path_per_floor":["M","?","?","?","M","M","E","M","T","R","M","M","R","$","R","B",null,"M","M"],"character_chosen":"DEFECT","items_purchased":["Auto Shields","Energy Potion"],"campfire_rested":1,"item_purchase_floors":[14,14],"current_hp_per_floor":[64,69,46,46,46,46,18,17,17,17,17,17,17,17,39,39,67,25,0],"gold":158,"neow_bonus":"THREE_ENEMY_KILL","is_prod":false,"is_daily":false,"chose_seed":false,"campfire_upgraded":2,"win_rate":0,"timestamp":1561958381,"path_taken":["M","?","?","?","M","?","E","M","T","R","M","M","R","$","R","BOSS","M","M"],"build_version":"2019-01-23","purchased_purges":1,"victory":false,"max_hp_per_floor":[71,76,76,76,76,76,76,76,76,76,76,76,76,76,76,76,76,76,76],"card_choices":[{"not_picked":["Static Discharge","Melter"],"picked":"Conserve Battery","floor":1},{"not_picked":["Turbo","Reinforced Body"],"picked":"Sweeping Beam","floor":5},{"not_picked":["Leap","Compile Driver"],"picked":"Capacitor","floor":6},{"not_picked":["Beam Cell","BootSequence"],"picked":"Electrodynamics","floor":7},{"not_picked":["Undo","Tempest"],"picked":"BootSequence","floor":8},{"not_picked":["Conserve Battery","Gash"],"picked":"Ball Lightning","floor":11},{"not_picked":["Compile Driver","Conserve Battery"],"picked":"Leap","floor":12},{"not_picked":["Buffer","Electrodynamics"],"picked":"Thunder Strike","floor":16},{"not_picked":["Tempest","Steam"],"picked":"Cold Snap","floor":18}],"player_experience":1529228,"relics_obtained":[{"floor":7,"key":"Ancient Tea Set"},{"floor":9,"key":"Omamori"}],"event_choices":[{"damage_healed":0,"gold_gain":0,"player_choice":"Donut","damage_taken":0,"max_hp_gain":5,"max_hp_loss":0,"event_name":"Big Fish","floor":2,"gold_loss":0},{"damage_healed":0,"gold_gain":0,"player_choice":"Entered Light","damage_taken":23,"max_hp_gain":0,"max_hp_loss":0,"event_name":"Shining Light","floor":3,"gold_loss":0,"cards_upgraded":["Defend_B","Strike_B"]},{"damage_healed":0,"gold_gain":0,"cards_transformed":["Strike_B"],"player_choice":"Change","damage_taken":0,"max_hp_gain":0,"max_hp_loss":0,"event_name":"Living Wall","floor":4,"gold_loss":0,"cards_obtained":["Storm"]}],"is_beta":false,"boss_relics":[{"not_picked":["Empty Cage","Fusion Hammer"],"picked":"Inserter"}],"items_purged_floors":[14],"is_endless":false,"potions_floor_spawned":[1,7,8,11],"killed_by":"3 Byrds","ascension_level":17}