{"gold_per_floor":[111,36,36,50,68,95,95,127,127,127,127,142,142,142,142,213,213,213,213,213,213,213,213,213,213,213,213,213,213,213,213,213,213,213,213,213,213,213,213,213,41,41,41,0,0,0,0,0,0,0],"floor_reached":51,"playtime":2078,"items_purged":["Writhe"],"score":1344,"play_id":"3f689981-e233-4c2d-8ac2-1728ec782bcb","local_time":"20181103185226","is_ascension_mode":true,"campfire_choices":[{"floor":7.0,"key":"REST"},{"data":"Neutralize","floor":11.0,"key":"SMITH"},{"data":"Crippling Poison","floor":13.0,"key":"SMITH"},{"data":"Deadly Poison","floor":15.0,"key":"SMITH"},{"data":"Catalyst","floor":23.0,"key":"SMITH"},{"floor":25.0,"key":"REST"},{"floor":32.0,"key":"REST"},{"floor":40.0,"key":"DIG"},{"floor":42.0,"key":"DIG"},{"data":"Catalyst","floor":49.0,"key":"SMITH"}],"neow_cost":"NONE","seed_source_timestamp":0,"circlet_count":0,"master_deck":["AscendersBane","Defend_G","Defend_G","Defend_G+1","Defend_G+1","Strike_G","Survivor","Neutralize+1","Deadly Poison+1","Backflip","Crippling Poison+1","Bouncing Flask","Poisoned Stab","Dagger Spray","After Image","Catalyst+1","Catalyst+1","Distraction+1","Dash","Backflip","Infinite Blades","Blur","Bane+1","Noxious Fumes","Adrenaline","Doubt","Shame","Shame","Dodge and Roll+1","Leg Sweep","Dodge and Roll+1","Deep Breath","Parasite"],"special_seed":0,"relics":["Ring of the Snake","NeowsBlessing","Question Card","Torii","Pantograph","Ectoplasm","Incense Burner","Matryoshka","Calling Bell","Singing Bowl","Turnip","PreservedInsect","Shovel","Paper Crane","Potion Belt","Juzu Bracelet","Centennial Puzzle","Red Mask"],"potions_floor_usage":[],"damage_taken":[{"damage":0.0,"enemies":"Jaw Worm","floor":1.0,"turns":1.0},{"damage":0.0,"enemies":"Small Slimes","floor":4.0,"turns":1.0},{"damage":0.0,"enemies":"2 Louse","floor":5.0,"turns":1.0},{"damage":19.0,"enemies":"Lagavulin","floor":6.0,"turns":8.0},{"damage":16.0,"enemies":"Gremlin Nob","floor":8.0,"turns":4.0},{"damage":1.0,"enemies":"2 Fungi Beasts","floor":12.0,"turns":3.0},{"damage":20.0,"enemies":"The Guardian","floor":16.0,"turns":8.0},{"damage":9.0,"enemies":"Chosen","floor":18.0,"turns":4.0},{"damage":4.0,"enemies":"3 Byrds","floor":19.0,"turns":3.0},{"damage":11.0,"enemies":"Colosseum Slavers","floor":22.0,"turns":5.0},{"damage":2.0,"enemies":"Sentry and Sphere","floor":24.0,"turns":5.0},{"damage":13.0,"enemies":"Shelled Parasite and Fungi","floor":27.0,"turns":3.0},{"damage":1.0,"enemies":"Centurion and Healer","floor":28.0,"turns":5.0},{"damage":1.0,"enemies":"Snecko","floor":30.0,"turns":4.0},{"damage":19.0,"enemies":"Sentry and Sphere","floor":31.0,"turns":5.0},{"damage":23.0,"enemies":"Collector","floor":33.0,"turns":7.0},{"damage":0.0,"enemies":"3 Darklings","floor":35.0,"turns":1.0},{"damage":1.0,"enemies":"Mind Bloom Boss Battle","floor":36.0,"turns":7.0},{"damage":1.0,"enemies":"3 Shapes","floor":39.0,"turns":3.0},{"damage":2.0,"enemies":"Sphere and 2 Shapes","floor":45.0,"turns":5.0},{"damage":18.0,"enemies":"Jaw Worm Horde","floor":46.0,"turns":5.0},{"damage":1.0,"enemies":"Writhing Mass","floor":48.0,"turns":6.0},{"damage":67,"enemies":"Donu and Deca","floor":50,"turns":14}],"seed_played":"-5243113959483337827","potions_obtained":[{"floor":4.0,"key":"Swift Potion"},{"floor":16.0,"key":"FearPotion"},{"floor":31.0,"key":"FearPotion"},{"floor":33.0,"key":"AttackPotion"},{"floor":36.0,"key":"GhostInAJar"}],"is_trial":false,"path_per_floor":["M","?","?","M","M","E","R","E","T","?","R","M","R","?","R","B",null,"M","M","?","?","?","R","M","R","T","M","M","?","M","M","R","B",null,"M","?","?","?","M","R","$","R","T","?","M","M","?","M","R","B",null],"character_chosen":"THE_SILENT","items_purchased":["Deep Breath"],"campfire_rested":3,"item_purchase_floors":[41],"current_hp_per_floor":[59,59,39,39,39,20,39,23,23,23,23,22,22,15,15,20,55,46,42,42,42,31,31,29,48,48,35,34,34,33,14,33,35,58,58,65,65,65,64,64,64,64,64,64,64,48,48,49,49,1],"gold":0,"neow_bonus":"THREE_ENEMY_KILL","is_prod":false,"is_daily":false,"chose_seed":false,"campfire_upgraded":5,"win_rate":0,"timestamp":1541267546,"path_taken":["M","?","?","?","M","E","R","E","T","?","R","M","R","?","R","BOSS","M","M","?","?","?","R","M","R","T","?","M","?","M","M","R","BOSS","M","?","?","?","M","R","$","R","T","?","M","M","?","M","R","BOSS"],"build_version":"2018-11-01","purchased_purges":1,"victory":true,"max_hp_per_floor":[66,66,66,66,66,66,66,66,66,66,66,66,66,66,66,66,66,66,66,66,66,66,66,66,66,66,66,66,66,66,66,66,66,66,66,66,66,66,66,66,66,66,66,66,68,70,66,68,68,68],"card_choices":[{"not_picked":["Cloak And Dagger","Prepared"],"picked":"Deadly Poison","floor":1.0},{"not_picked":["Dagger Throw","Sucker Punch"],"picked":"Backflip","floor":4.0},{"not_picked":["Bane","Blur"],"picked":"Crippling Poison","floor":5.0},{"not_picked":["Eviscerate","Infinite Blades"],"picked":"Bouncing Flask","floor":6.0},{"not_picked":["Flechettes","Masterful Stab","Crippling Poison"],"picked":"Poisoned Stab","floor":8.0},{"not_picked":["Infinite Blades","Caltrops","Finisher"],"picked":"Dagger Spray","floor":12.0},{"not_picked":["Glass Knife","Unload","A Thousand Cuts"],"picked":"After Image","floor":16.0},{"not_picked":["Slice","Dodge and Roll","Eviscerate"],"picked":"Catalyst","floor":18.0},{"not_picked":["Outmaneuver","Quick Slash","Poisoned Stab"],"picked":"Dash","floor":19.0},{"not_picked":["Outmaneuver+1","Deadly Poison","Dodge and Roll"],"picked":"Distraction+1","floor":24.0},{"not_picked":["Riddle With Holes+1","Terror","Bane"],"picked":"Dash","floor":27.0},{"not_picked":["Tactician+1","Riddle With Holes","Prepared"],"picked":"Backflip","floor":28.0},{"not_picked":["Masterful Stab","Acrobatics","Choke"],"picked":"Bane+1","floor":30.0},{"not_picked":["Concentrate","Distraction","Backflip"],"picked":"Noxious Fumes","floor":31.0},{"not_picked":["Venomology","Grand Finale","Glass Knife"],"picked":"Adrenaline","floor":33.0},{"not_picked":["Acrobatics+1","Bane","Quick Slash"],"picked":"Dodge and Roll+1","floor":35.0},{"not_picked":["Blur","Blade Dance","Poisoned Stab"],"picked":"Leg Sweep","floor":36.0},{"not_picked":["Endless Agony","Infinite Blades","Acrobatics"],"picked":"Dodge and Roll+1","floor":39.0},{"not_picked":["Underhanded Strike+1","Blade Dance","Backflip","Dodge and Roll"],"picked":"Singing Bowl","floor":45.0},{"not_picked":["Tactician","Doppelganger","Backstab","Deflect"],"picked":"Singing Bowl","floor":46.0},{"not_picked":["Setup","Acrobatics","Finisher","Slice+1"],"picked":"Singing Bowl","floor":48.0}],"player_experience":477220,"relics_obtained":[{"floor":6.0,"key":"Question Card"},{"floor":8.0,"key":"Torii"},{"floor":9.0,"key":"Pantograph"},{"floor":26.0,"key":"Matryoshka"},{"floor":34.0,"key":"Singing Bowl"},{"floor":34.0,"key":"Turnip"},{"floor":34.0,"key":"PreservedInsect"},{"floor":36.0,"key":"Shovel"},{"floor":40.0,"key":"Paper Crane"},{"floor":42.0,"key":"Potion Belt"},{"floor":43.0,"key":"Juzu Bracelet"},{"floor":43.0,"key":"Centennial Puzzle"}],"event_choices":[{"cards_removed":["Defend_G"],"damage_healed":0.0,"max_hp_gain":0.0,"max_hp_loss":0.0,"gold_gain":0.0,"event_name":"The Cleric","player_choice":"Card Removal","floor":2.0,"gold_loss":75.0,"damage_taken":0.0},{"damage_healed":0.0,"max_hp_gain":0.0,"max_hp_loss":0.0,"gold_gain":0.0,"event_name":"Shining Light","player_choice":"Entered Light","floor":3.0,"gold_loss":0.0,"damage_taken":20.0,"cards_upgraded":["Defend_G","Defend_G"]},{"cards_removed":["Strike_G"],"damage_healed":0.0,"max_hp_gain":0.0,"max_hp_loss":0.0,"gold_gain":0.0,"event_name":"Living Wall","player_choice":"Forget","floor":10.0,"gold_loss":0.0,"damage_taken":0.0},{"cards_removed":["Strike_G"],"damage_healed":0.0,"max_hp_gain":0.0,"max_hp_loss":0.0,"gold_gain":0.0,"event_name":"Golden Wing","player_choice":"Card Removal","floor":14.0,"gold_loss":0.0,"damage_taken":7.0},{"damage_healed":0.0,"max_hp_gain":0.0,"max_hp_loss":0.0,"gold_gain":0.0,"event_name":"The Library","player_choice":"Read","floor":20.0,"gold_loss":0.0,"damage_taken":0.0,"cards_obtained":["Catalyst"]},{"damage_healed":0.0,"max_hp_gain":0.0,"max_hp_loss":0.0,"gold_gain":0.0,"event_name":"The Mausoleum","player_choice":"Opened","floor":21.0,"gold_loss":0.0,"damage_taken":0.0,"relics_obtained":["Incense Burner"],"cards_obtained":["Writhe"]},{"damage_healed":0.0,"max_hp_gain":0.0,"max_hp_loss":0.0,"gold_gain":0.0,"event_name":"Colosseum","player_choice":"Fight","floor":22.0,"gold_loss":0.0,"damage_taken":0.0},{"damage_healed":0.0,"max_hp_gain":0.0,"max_hp_loss":0.0,"gold_gain":0.0,"event_name":"Colosseum","player_choice":"Fled From Nobs","floor":22.0,"gold_loss":0.0,"damage_taken":0.0},{"damage_healed":0.0,"max_hp_gain":0.0,"max_hp_loss":0.0,"gold_gain":0.0,"cards_transformed":["Strike_G","Strike_G"],"event_name":"Drug Dealer","player_choice":"Became Test Subject","floor":29.0,"gold_loss":0.0,"damage_taken":0.0,"cards_obtained":["Infinite Blades","Blur"]},{"damage_healed":0.0,"max_hp_gain":0.0,"max_hp_loss":0.0,"gold_gain":0.0,"event_name":"MindBloom","player_choice":"Fight","floor":36.0,"gold_loss":0.0,"damage_taken":0.0},{"cards_removed":["Dash"],"damage_healed":0.0,"max_hp_gain":0.0,"max_hp_loss":0.0,"gold_gain":0.0,"event_name":"Falling","player_choice":"Removed Attack","floor":37.0,"gold_loss":0.0,"damage_taken":0.0},{"damage_healed":0.0,"max_hp_gain":0.0,"max_hp_loss":0.0,"gold_gain":0.0,"event_name":"SecretPortal","player_choice":"Ignored","floor":38.0,"gold_loss":0.0,"damage_taken":0.0},{"damage_healed":0.0,"max_hp_gain":0.0,"max_hp_loss":0.0,"gold_gain":0.0,"event_name":"Tomb of Lord Red Mask","player_choice":"Paid","floor":44.0,"gold_loss":41.0,"damage_taken":0.0,"relics_obtained":["Red Mask"]},{"damage_healed":0.0,"max_hp_gain":0.0,"max_hp_loss":4.0,"gold_gain":0.0,"event_name":"Winding Halls","player_choice":"Max HP","floor":47.0,"gold_loss":0.0,"damage_taken":0.0}],"is_beta":false,"boss_relics":[{"not_picked":["WristBlade","Cursed Key"],"picked":"Ectoplasm"},{"not_picked":["Pandora\u0027s Box","Coffee Dripper"],"picked":"Calling Bell"}],"items_purged_floors":[41],"is_endless":false,"potions_floor_spawned":[4,16,18,22,31,33,36],"ascension_level":17}