{"path_per_floor":["M","M","?","M","M","R","E","R","T","$","M","M","?","M","R","B",null,"M","?","?","$","M","E","M"],"character_chosen":"IRONCLAD","items_purchased":["Vajra","Lantern","Shrug It Off"],"gold_per_floor":[213,224,224,234,250,250,285,285,285,132,152,171,171,183,183,288,288,306,306,306,138,152,179,193],"floor_reached":25,"campfire_rested":0,"playtime":1267,"current_hp_per_floor":[77,75,63,67,72,72,42,42,42,42,45,25,25,31,31,19,65,56,41,41,41,48,27,13],"items_purged":[],"gold":193,"score":319,"play_id":"99f42bf2-ef88-47ba-96cf-6c62f460b335","is_prod":false,"is_daily":false,"is_ascension_mode":true,"campfire_upgraded":3,"path_taken":["M","M","?","M","M","R","E","R","T","$","M","M","?","?","R","BOSS","M","?","?","$","M","E","M","M"],"build_version":"2018-02-12-PROD1","purchased_purges":1,"victory":false,"master_deck":["Defend_R","Defend_R","Defend_R","Defend_R","Bash","Rampage+1","Shrug It Off","Thunderclap","Burning Pact","Flex+1","Flex+1","Demon Form+1","Impervious","Dropkick","Bite","Bite","Bite","Bite","Bite","Shrug It Off","Heavy Blade+1","Feel No Pain"],"max_hp_per_floor":[80,80,80,80,80,80,80,80,80,80,80,80,80,80,80,80,80,80,85,59,59,59,59,59],"relics":["Burning Blood","Anchor","Dream Catcher","Dead Branch","Vajra","Runic Cube","Lantern","Molten Egg 2"],"card_choices":[{"not_picked":["Havoc","Thunderclap"],"picked":"Rampage"},{"not_picked":["Heavy Blade","Clash"],"picked":"Shrug It Off"},{"not_picked":["Clash","Armaments"],"picked":"Thunderclap"},{"not_picked":["Anger","True Grit"],"picked":"Burning Pact"},{"not_picked":["Headbutt","True Grit"],"picked":"Flex"},{"not_picked":["Twin Strike","Heavy Blade"],"picked":"Flex"},{"not_picked":["Iron Wave","Sword Boomerang"],"picked":"Demon Form"},{"not_picked":["Dark Embrace","Barricade"],"picked":"Impervious"},{"not_picked":["Heavy Blade","Twin Strike"],"picked":"Dropkick"},{"not_picked":["Reckless Charge","Sword Boomerang"],"picked":"Heavy Blade"},{"not_picked":["Body Slam","Havoc"],"picked":"Feel No Pain"}],"player_experience":204228,"potions_floor_usage":[23,25],"damage_taken":[{"damage":1,"enemies":"Cultist","floor":1,"turns":3},{"damage":8,"enemies":"2 Louse","floor":2,"turns":3},{"damage":2,"enemies":"Jaw Worm","floor":4,"turns":3},{"damage":1,"enemies":"Looter","floor":5,"turns":2},{"damage":36,"enemies":"3 Sentries","floor":7,"turns":8},{"damage":3,"enemies":"Exordium Wildlife","floor":11,"turns":4},{"damage":26,"enemies":"Exordium Thugs","floor":12,"turns":4},{"damage":0,"enemies":"Large Slime","floor":14,"turns":4},{"damage":18,"enemies":"Slime Boss","floor":16,"turns":6},{"damage":15,"enemies":"Chosen","floor":18,"turns":5},{"damage":3,"enemies":"Spheric Guardian","floor":22,"turns":4},{"damage":43,"enemies":"Slavers","floor":23,"turns":6},{"damage":26,"enemies":"Snake Plant","floor":24,"turns":4},{"damage":19,"enemies":"3 Cultists","floor":25,"turns":4}],"event_choices":[{"event_name":"Scrap Ooze","player_choice":"success","floor":3,"damage_taken":12},{"event_name":"Living Wall","player_choice":"Grow","floor":13,"damage_taken":0},{"event_name":"Forgotten Altar","player_choice":"Shed Blood","floor":19,"damage_taken":0},{"event_name":"Vampires","player_choice":"Became a vampire","floor":20,"damage_taken":0}],"boss_relics":[{"not_picked":["Runic Pyramid","Eternal Feather"],"picked":"Runic Cube"}],"potions_floor_spawned":[7,11,12,16,22],"seed_played":"7880620889102374064","killed_by":"3 Cultists","ascension_level":6,"is_trial":false}