{"gold_per_floor":[110,110,110,110,130,130,162,176,257,36,36,36,54,74,74,151,151,165,175,21,36,36,36,66,78,117,129,141,153,183,26,26,26],"floor_reached":33,"playtime":925,"items_purged":["Strike_G"],"score":518,"play_id":"761dc807-b91d-4f58-9843-181c6b586883","local_time":"20190624140558","is_ascension_mode":true,"campfire_choices":[{"data":"Neutralize","floor":6,"key":"SMITH"},{"data":"Noxious Fumes","floor":11,"key":"SMITH"},{"data":"Blade Dance","floor":15,"key":"SMITH"},{"data":"Adrenaline","floor":23,"key":"SMITH"},{"data":"Envenom","floor":27,"key":"SMITH"},{"floor":29,"key":"REST"},{"floor":32,"key":"REST"}],"neow_cost":"NONE","seed_source_timestamp":568109880892000,"circlet_count":0,"master_deck":["AscendersBane","Defend_G","Defend_G","Defend_G","Defend_G+1","Defend_G","Survivor","Neutralize+1","Backflip+1","Blade Dance+1","Backstab","Adrenaline+1","Noxious Fumes+1","Flying Knee","Flying Knee+1","Corpse Explosion","Dagger Throw+1","Caltrops+1","Slice+1","PiercingWail","Envenom+1","Blade Dance","Skewer","Deflect"],"special_seed":0,"relics":["Ring of the Snake","NeowsBlessing","Anchor","Ornamental Fan","Lee\u0027s Waffle","Busted Crown","MawBank","Whetstone"],"potions_floor_usage":[16,16,24,33],"damage_taken":[{"damage":0.0,"enemies":"2 Louse","floor":1.0,"turns":1.0},{"damage":0,"enemies":"Small Slimes","floor":5,"turns":1},{"damage":0,"enemies":"Lagavulin","floor":7,"turns":1},{"damage":0,"enemies":"Cultist","floor":8,"turns":3},{"damage":0,"enemies":"Lots of Slimes","floor":13,"turns":3},{"damage":3,"enemies":"2 Fungi Beasts","floor":14,"turns":4},{"damage":17,"enemies":"Slime Boss","floor":16,"turns":13},{"damage":17,"enemies":"Spheric Guardian","floor":18,"turns":6},{"damage":0,"enemies":"Chosen","floor":19,"turns":4},{"damage":5,"enemies":"Shelled Parasite and Fungi","floor":21,"turns":5},{"damage":17,"enemies":"Book of Stabbing","floor":24,"turns":5},{"damage":17,"enemies":"Snake Plant","floor":30,"turns":4},{"damage":70,"enemies":"Automaton","floor":33,"turns":6}],"seed_played":"7472568296053732605","potions_obtained":[{"floor":7,"key":"Weak Potion"},{"floor":8,"key":"Dexterity Potion"},{"floor":21,"key":"Strength Potion"}],"is_trial":false,"path_per_floor":["M","$","?","?","M","R","E","M","T","$","R","?","M","M","R","B",null,"M","M","$","M","$","R","E","?","T","R","?","R","M","$","R","B"],"character_chosen":"THE_SILENT","items_purchased":["Lee\u0027s Waffle","Caltrops","PowerPotion","Skewer","Deflect"],"campfire_rested":2,"item_purchase_floors":[10,20,31,31,31],"current_hp_per_floor":[59,59,39,39,39,39,39,39,39,73,73,73,73,70,70,53,68,51,51,51,46,46,46,29,29,29,29,29,50,33,33,54,0],"gold":26,"neow_bonus":"THREE_ENEMY_KILL","is_prod":false,"is_daily":false,"chose_seed":false,"campfire_upgraded":5,"win_rate":0,"timestamp":1561377958,"path_taken":["M","$","?","?","?","R","E","?","T","$","R","?","M","M","R","BOSS","M","M","$","M","$","R","E","?","T","R","?","R","?","$","R","BOSS"],"build_version":"2019-01-23","purchased_purges":1,"victory":false,"max_hp_per_floor":[66,66,66,66,66,66,66,66,66,73,73,73,73,73,73,73,73,73,73,73,73,73,73,73,73,73,73,73,73,73,73,73,73],"card_choices":[{"not_picked":["Blade Dance","Deflect"],"picked":"Backflip","floor":1.0},{"not_picked":["Reflex","PiercingWail"],"picked":"Backstab","floor":5},{"not_picked":["Cloak And Dagger","Deadly Poison"],"picked":"Adrenaline","floor":7},{"not_picked":["Catalyst","Flechettes"],"picked":"Noxious Fumes","floor":8},{"not_picked":["Acrobatics","Slice"],"picked":"Flying Knee","floor":13},{"not_picked":["Tactician","Masterful Stab"],"picked":"Flying Knee","floor":14},{"not_picked":["Phantasmal Killer","Adrenaline"],"picked":"Corpse Explosion","floor":16},{"not_picked":[],"picked":"Dagger Throw","floor":18},{"not_picked":["Prepared"],"picked":"SKIP","floor":19},{"not_picked":["Outmaneuver"],"picked":"SKIP","floor":21},{"not_picked":[],"picked":"Slice+1","floor":24},{"not_picked":[],"picked":"Blade Dance","floor":30}],"player_experience":1471470,"relics_obtained":[{"floor":7,"key":"Anchor"},{"floor":9,"key":"Ornamental Fan"},{"floor":24,"key":"MawBank"},{"floor":26,"key":"Whetstone"}],"event_choices":[{"damage_healed":0.0,"max_hp_gain":0.0,"max_hp_loss":0.0,"gold_gain":0.0,"event_name":"Shining Light","player_choice":"Entered Light","floor":3.0,"gold_loss":0.0,"damage_taken":20.0,"cards_upgraded":["Defend_G","Backflip"]},{"damage_healed":0,"gold_gain":0,"cards_transformed":["Strike_G"],"player_choice":"Transformed","damage_taken":0,"max_hp_gain":0,"max_hp_loss":0,"event_name":"Transmorgrifier","floor":4,"gold_loss":0,"cards_obtained":["Blade Dance"]},{"cards_removed":["Strike_G"],"damage_healed":0,"gold_gain":0,"player_choice":"Offered Basic","damage_taken":0,"max_hp_gain":0,"max_hp_loss":0,"event_name":"Bonfire Elementals","floor":12,"gold_loss":0},{"damage_healed":0,"gold_gain":0,"cards_transformed":["Strike_G","Strike_G"],"player_choice":"Became Test Subject","damage_taken":0,"max_hp_gain":0,"max_hp_loss":0,"event_name":"Drug Dealer","floor":25,"gold_loss":0,"cards_obtained":["PiercingWail","Envenom"]},{"damage_healed":0,"gold_gain":0,"player_choice":"Upgraded","damage_taken":0,"max_hp_gain":0,"max_hp_loss":0,"event_name":"Upgrade Shrine","floor":28,"gold_loss":0,"cards_upgraded":["Caltrops"]}],"is_beta":false,"boss_relics":[{"not_picked":["Orrery","Fusion Hammer"],"picked":"Busted Crown"}],"items_purged_floors":[20],"is_endless":false,"potions_floor_spawned":[7,8,21],"killed_by":"Automaton","ascension_level":16}