{"gold_per_floor":[114,129,129,145,145,145,8,8,8,37,37,54,54,70,70,146,146,164,177,102,5,25,25,25,45,45,45,45,58,58,70,82,94],"floor_reached":33,"playtime":1197,"items_purged":[],"score":466,"play_id":"c8cf4cfd-fecc-4160-92c3-41943da6c70b","local_time":"20190623043018","is_ascension_mode":true,"campfire_choices":[{"data":"Neutralize","floor":6,"key":"SMITH"},{"floor":8,"key":"REST"},{"data":"Footwork","floor":11,"key":"SMITH"},{"data":"Glass Knife","floor":13,"key":"SMITH"},{"data":"Caltrops","floor":15,"key":"SMITH"},{"data":"Adrenaline","floor":23,"key":"SMITH"},{"floor":28,"key":"REST"},{"data":"Accuracy","floor":32,"key":"SMITH"}],"neow_cost":"PERCENT_DAMAGE","seed_source_timestamp":446921447354700,"circlet_count":0,"master_deck":["AscendersBane","Defend_G","Defend_G+1","Defend_G","Defend_G","Survivor","Neutralize+1","Glass Knife+1","Endless Agony","Distraction","Footwork+1","Caltrops+1","Infinite Blades","Cloak And Dagger","Dash","Adrenaline+1","Terror","PiercingWail","Choke","Accuracy+1","Backflip","Bite","Bite","Bite","Bite","Bite","Blade Dance+1","RitualDagger","Acrobatics+1","Clumsy","Heel Hook"],"relics":["Ring of the Snake","The Courier","Smiling Mask","WristBlade","Kunai","MawBank"],"potions_floor_usage":[10,10,16,16,25,33],"damage_taken":[{"damage":1,"enemies":"Small Slimes","floor":1,"turns":4},{"damage":2,"enemies":"Jaw Worm","floor":2,"turns":3},{"damage":0,"enemies":"Cultist","floor":4,"turns":3},{"damage":22,"enemies":"3 Sentries","floor":10,"turns":13},{"damage":5,"enemies":"Blue Slaver","floor":12,"turns":4},{"damage":1,"enemies":"2 Fungi Beasts","floor":14,"turns":5},{"damage":6,"enemies":"Hexaghost","floor":16,"turns":9},{"damage":9,"enemies":"Chosen","floor":18,"turns":5},{"damage":14,"enemies":"2 Thieves","floor":19,"turns":4},{"damage":0,"enemies":"Snecko","floor":22,"turns":3},{"damage":19,"enemies":"Snake Plant","floor":25,"turns":4},{"damage":0,"enemies":"Centurion and Healer","floor":29,"turns":2},{"damage":76,"enemies":"Automaton","floor":33,"turns":6}],"seed_played":"6093183175698870681","potions_obtained":[{"floor":4,"key":"Energy Potion"},{"floor":12,"key":"Strength Potion"},{"floor":14,"key":"Regen Potion"},{"floor":19,"key":"Swift Potion"},{"floor":25,"key":"EssenceOfSteel"}],"is_trial":false,"path_per_floor":["M","M","?","M","?","R","$","R","T","E","R","M","R","M","R","B",null,"M","M","?","$","M","R","?","M","T","?","R","M","?","?","R","B"],"character_chosen":"THE_SILENT","items_purchased":["Caltrops","Dexterity Potion","Choke","Accuracy"],"campfire_rested":2,"item_purchase_floors":[7,7,21,21],"current_hp_per_floor":[43,41,46,46,25,25,25,46,46,24,24,19,19,18,18,27,60,51,37,37,37,37,37,37,26,26,20,34,42,42,42,42,0],"gold":94,"neow_bonus":"THREE_RARE_CARDS","is_prod":false,"is_daily":false,"chose_seed":false,"campfire_upgraded":6,"win_rate":0,"timestamp":1561257018,"path_taken":["M","M","?","M","?","R","?","R","T","E","R","?","R","M","R","BOSS","M","M","?","$","M","R","?","M","T","?","R","M","?","?","R","BOSS"],"build_version":"2019-01-23","purchased_purges":0,"victory":false,"max_hp_per_floor":[66,66,71,71,71,71,71,71,71,71,71,71,71,71,71,71,71,71,71,71,71,71,71,49,49,49,49,49,49,49,49,49,49],"card_choices":[{"not_picked":["Grand Finale","Wraith Form v2"],"picked":"Glass Knife","floor":0},{"not_picked":["PiercingWail","Bane"],"picked":"Endless Agony","floor":1},{"not_picked":["Acrobatics","Cloak And Dagger"],"picked":"Distraction","floor":2},{"not_picked":["Burst","Backflip"],"picked":"Footwork","floor":4},{"not_picked":["Concentrate","Heel Hook"],"picked":"Infinite Blades","floor":10},{"not_picked":["Poisoned Stab","Slice"],"picked":"Cloak And Dagger","floor":12},{"not_picked":["Poisoned Stab","Deflect"],"picked":"Dash","floor":14},{"not_picked":["Burst","Die Die Die"],"picked":"Adrenaline","floor":16},{"not_picked":["Dodge and Roll","Deadly Poison"],"picked":"Terror","floor":18},{"not_picked":["Blade Dance","Outmaneuver"],"picked":"PiercingWail","floor":19},{"not_picked":["Acrobatics","Sucker Punch"],"picked":"Backflip","floor":22},{"not_picked":["Prepared","Flying Knee"],"picked":"Blade Dance+1","floor":25},{"not_picked":["Setup","Eviscerate"],"picked":"Acrobatics+1","floor":29}],"player_experience":1455353,"relics_obtained":[{"floor":9,"key":"The Courier"},{"floor":10,"key":"Smiling Mask"},{"floor":26,"key":"Kunai"}],"event_choices":[{"damage_healed":0,"gold_gain":0,"player_choice":"Donut","damage_taken":0,"max_hp_gain":5,"max_hp_loss":0,"event_name":"Big Fish","floor":3,"gold_loss":0},{"damage_healed":0,"gold_gain":0,"player_choice":"Entered Light","damage_taken":21,"max_hp_gain":0,"max_hp_loss":0,"event_name":"Shining Light","floor":5,"gold_loss":0,"cards_upgraded":["Strike_G","Defend_G"]},{"cards_removed":["Strike_G"],"damage_healed":0,"gold_gain":0,"player_choice":"Gave Gold","damage_taken":0,"max_hp_gain":0,"max_hp_loss":0,"event_name":"Beggar","floor":20,"gold_loss":75},{"damage_healed":0,"gold_gain":0,"player_choice":"Became a vampire","damage_taken":0,"max_hp_gain":0,"max_hp_loss":22,"event_name":"Vampires","floor":24,"gold_loss":0,"cards_obtained":["Bite","Bite","Bite","Bite","Bite"]},{"damage_healed":0,"gold_gain":0,"player_choice":"Joined the Cult","damage_taken":6,"max_hp_gain":0,"max_hp_loss":0,"event_name":"Nest","floor":27,"gold_loss":0,"cards_obtained":["RitualDagger"]},{"damage_healed":0,"gold_gain":0,"player_choice":"Stole Relic","damage_taken":0,"relics_obtained":["MawBank"],"max_hp_gain":0,"max_hp_loss":0,"event_name":"Addict","floor":30,"gold_loss":0,"cards_obtained":["Shame"]},{"damage_healed":0,"gold_gain":0,"cards_transformed":["Shame","Defend_G"],"player_choice":"Became Test Subject","damage_taken":0,"max_hp_gain":0,"max_hp_loss":0,"event_name":"Drug Dealer","floor":31,"gold_loss":0,"cards_obtained":["Clumsy","Heel Hook"]}],"is_beta":false,"boss_relics":[{"not_picked":["Runic Dome","Snecko Eye"],"picked":"WristBlade"}],"items_purged_floors":[],"is_endless":false,"potions_floor_spawned":[4,12,14,19,25],"killed_by":"Automaton","ascension_level":16}