{"gold_per_floor":[213,19,19,19,35,35,55,68,68,98,117,117,117,130,130,130],"floor_reached":16,"playtime":533,"items_purged":[],"score":194,"play_id":"2f61fd7b-6d4f-441d-ade6-9fd0cc4edc86","local_time":"20181022193938","is_ascension_mode":true,"campfire_choices":[{"data":"True Grit","floor":6,"key":"SMITH"},{"data":"Inflame","floor":15,"key":"SMITH"}],"neow_cost":"NONE","seed_source_timestamp":56815433487200,"circlet_count":0,"master_deck":["Strike_R","Strike_R","Strike_R","Strike_R","Strike_R","Defend_R","Defend_R+1","Defend_R","Defend_R+1","Bash","AscendersBane","Clothesline","Feed","True Grit+1","Sentinel","Anger","Inflame+1","Havoc","Sword Boomerang","Wild Strike"],"relics":["Burning Blood","Dream Catcher","Pantograph","Lantern"],"potions_floor_usage":[10,16,16],"damage_taken":[{"damage":17,"enemies":"Small Slimes","floor":1,"turns":4},{"damage":9,"enemies":"Jaw Worm","floor":5,"turns":5},{"damage":5,"enemies":"Cultist","floor":7,"turns":6},{"damage":9,"enemies":"Blue Slaver","floor":8,"turns":5},{"damage":8,"enemies":"Gremlin Nob","floor":10,"turns":3},{"damage":3,"enemies":"Looter","floor":11,"turns":3},{"damage":15,"enemies":"Red Slaver","floor":14,"turns":3},{"damage":56,"enemies":"Hexaghost","floor":16,"turns":10}],"seed_played":"-7757544659544710086","potions_obtained":[{"floor":5,"key":"BloodPotion"},{"floor":10,"key":"AttackPotion"},{"floor":11,"key":"SpeedPotion"}],"is_trial":false,"path_per_floor":["M","$","?","$","M","R","M","M","T","E","M","?","?","M","R"],"character_chosen":"IRONCLAD","items_purchased":["Feed","Fire Potion","True Grit"],"campfire_rested":0,"item_purchase_floors":[2,2,2],"current_hp_per_floor":[57,57,34,34,34,34,38,35,35,33,39,44,39,30,30,0],"gold":130,"neow_bonus":"HUNDRED_GOLD","is_prod":false,"is_daily":false,"chose_seed":false,"campfire_upgraded":2,"win_rate":0,"timestamp":1540233578,"path_taken":["M","$","?","?","M","R","M","M","T","E","M","?","?","M","R","BOSS"],"build_version":"2018-10-18","purchased_purges":0,"victory":false,"max_hp_per_floor":[75,75,75,75,78,78,81,81,81,81,84,89,89,89,89,89],"card_choices":[{"not_picked":["Havoc","Seeing Red"],"picked":"Clothesline","floor":1},{"not_picked":["Seeing Red","Clash"],"picked":"Sentinel","floor":5},{"not_picked":["Rage","Shrug It Off"],"picked":"Anger","floor":7},{"not_picked":["Sever Soul","Sword Boomerang"],"picked":"Inflame","floor":8},{"not_picked":["Carnage","Rage"],"picked":"Havoc","floor":10},{"not_picked":["Anger","Iron Wave"],"picked":"Sword Boomerang","floor":11},{"not_picked":["Evolve","Warcry"],"picked":"Wild Strike","floor":14}],"player_experience":905128,"relics_obtained":[{"floor":9,"key":"Dream Catcher"},{"floor":10,"key":"Pantograph"}],"event_choices":[{"damage_healed":0,"gold_gain":0,"player_choice":"Entered Light","damage_taken":23,"max_hp_gain":0,"max_hp_loss":0,"event_name":"Shining Light","floor":3,"gold_loss":0,"cards_upgraded":["Defend_R","Defend_R"]},{"damage_healed":0,"gold_gain":0,"player_choice":"Donut","damage_taken":0,"max_hp_gain":5,"max_hp_loss":0,"event_name":"Big Fish","floor":12,"gold_loss":0},{"damage_healed":0,"gold_gain":0,"player_choice":"Success","damage_taken":5,"relics_obtained":["Lantern"],"max_hp_gain":0,"max_hp_loss":0,"event_name":"Scrap Ooze","floor":13,"gold_loss":0}],"is_beta":false,"boss_relics":[],"items_purged_floors":[],"is_endless":false,"potions_floor_spawned":[5,10,11],"killed_by":"Hexaghost","ascension_level":18}