{"gold_per_floor":[116,134,153,171,191,191,208,223,269,26,26,41,41,61,61,61],"floor_reached":16,"playtime":602,"items_purged":["Strike_G"],"score":176,"play_id":"59372adb-1adf-47e5-a61c-6823ab7bcd79","local_time":"20190627193955","is_ascension_mode":true,"campfire_choices":[{"data":"Neutralize","floor":6,"key":"SMITH"},{"floor":11,"key":"REST"},{"data":"Envenom","floor":13,"key":"SMITH"},{"data":"Crippling Poison","floor":15,"key":"SMITH"}],"neow_cost":"PERCENT_DAMAGE","seed_source_timestamp":847702862200600,"circlet_count":0,"master_deck":["AscendersBane","Defend_G","Defend_G","Defend_G","Defend_G","Defend_G","Strike_G","Strike_G","Strike_G","Strike_G","Survivor","Neutralize+1","Dagger Spray","Poisoned Stab","Backflip","Blur","Sucker Punch","Crippling Poison+1","Endless Agony","Envenom+1","Flying Knee","Finisher"],"relics":["Ring of the Snake","Omamori"],"potions_floor_usage":[8,16,16],"damage_taken":[{"damage":28,"enemies":"Cultist","floor":1,"turns":9},{"damage":1,"enemies":"Jaw Worm","floor":2,"turns":4},{"damage":0,"enemies":"2 Louse","floor":3,"turns":3},{"damage":3,"enemies":"Blue Slaver","floor":4,"turns":5},{"damage":0,"enemies":"2 Fungi Beasts","floor":5,"turns":4},{"damage":0,"enemies":"Looter","floor":7,"turns":4},{"damage":9,"enemies":"Lots of Slimes","floor":8,"turns":3},{"damage":3,"enemies":"3 Louse","floor":12,"turns":3},{"damage":4,"enemies":"Exordium Thugs","floor":14,"turns":5},{"damage":31,"enemies":"Hexaghost","floor":16,"turns":9}],"seed_played":"-6441906312954497546","potions_obtained":[{"floor":1,"key":"GhostInAJar"},{"floor":4,"key":"PowerPotion"},{"floor":14,"key":"SkillPotion"}],"is_trial":false,"path_per_floor":["M","M","M","M","M","R","M","M","T","$","R","M","R","M","R","B"],"character_chosen":"THE_SILENT","items_purchased":["Envenom"],"campfire_rested":1,"item_purchase_floors":[10],"current_hp_per_floor":[28,27,27,24,24,24,24,15,15,15,38,35,35,31,31,0],"gold":61,"neow_bonus":"TWENTY_PERCENT_HP_BONUS","is_prod":false,"is_daily":false,"chose_seed":false,"campfire_upgraded":3,"win_rate":0,"timestamp":1561657195,"path_taken":["M","?","M","M","M","R","?","M","T","$","R","M","R","M","R","BOSS"],"build_version":"2019-01-23","purchased_purges":1,"victory":false,"max_hp_per_floor":[78,78,78,78,78,78,78,78,78,78,78,78,78,78,78,78],"card_choices":[{"not_picked":["Setup","Underhanded Strike"],"picked":"Dagger Spray","floor":1},{"not_picked":["Blade Dance","Dagger Throw"],"picked":"Poisoned Stab","floor":2},{"not_picked":["Outmaneuver","Underhanded Strike"],"picked":"Backflip","floor":3},{"not_picked":["Sucker Punch","Distraction"],"picked":"Blur","floor":4},{"not_picked":["Riddle With Holes","Underhanded Strike"],"picked":"Sucker Punch","floor":5},{"not_picked":["Tactician","Dagger Throw"],"picked":"Crippling Poison","floor":7},{"not_picked":["Flying Knee","Blur"],"picked":"Endless Agony","floor":8},{"not_picked":["Outmaneuver","Crippling Poison"],"picked":"Flying Knee","floor":12},{"not_picked":["Cloak And Dagger","Riddle With Holes"],"picked":"Finisher","floor":14}],"player_experience":1503581,"relics_obtained":[{"floor":9,"key":"Omamori"}],"event_choices":[],"is_beta":false,"boss_relics":[],"items_purged_floors":[10],"is_endless":false,"potions_floor_spawned":[1,4,5,14],"killed_by":"Hexaghost","ascension_level":16}