{"gold_per_floor":[109,109,125,125,200,232,243,256,281,294,309,309,18,35,35,135,185,201,42,42,52,72,72,83,100,127,127,127,127,52,70,70,167,167,187,197,208,0,0],"floor_reached":39,"playtime":1726,"items_purged":["Strike_B"],"score":412,"play_id":"c49e0cef-c1d3-4e42-89d0-15a4c0c401e4","local_time":"20181121202035","is_ascension_mode":false,"campfire_choices":[{"floor":12.0,"key":"REST"},{"floor":15.0,"key":"REST"},{"floor":23.0,"key":"RECALL"},{"data":"Fusion","floor":27.0,"key":"SMITH"},{"floor":29.0,"key":"REST"},{"floor":32.0,"key":"REST"}],"neow_cost":"NONE","seed_source_timestamp":609346037575163,"circlet_count":0,"master_deck":["Defend_B","Defend_B","Defend_B","Defend_B","Melter","Cold Snap","Compile Driver","Barrage","Darkness+1","Ball Lightning","Genetic Algorithm","Creative AI","Reinforced Body","Conserve Battery","Cold Snap","Ball Lightning","Capacitor","Stack","BootSequence","Fission+1","Leap","Conserve Battery+1","Flash of Steel","Coolheaded+1","Sunder","Rebound+1","Fusion+1","Double Energy+1","Rainbow","Force Field+1","Reprogram+1","Buffer+1","Chill","White Noise+1","Blizzard+1"],"special_seed":0,"relics":["Orrery","Vajra","DataDisk","Tiny House","Art of War","Astrolabe","Red Mask"],"potions_floor_usage":[],"damage_taken":[{"damage":1.0,"enemies":"Jaw Worm","floor":1.0,"turns":4.0},{"damage":5.0,"enemies":"2 Louse","floor":3.0,"turns":2.0},{"damage":38.0,"enemies":"Gremlin Nob","floor":6.0,"turns":4.0},{"damage":0.0,"enemies":"Small Slimes","floor":7.0,"turns":3.0},{"damage":10.0,"enemies":"Blue Slaver","floor":8.0,"turns":4.0},{"damage":0.0,"enemies":"Red Slaver","floor":10.0,"turns":3.0},{"damage":0.0,"enemies":"Looter","floor":11.0,"turns":2.0},{"damage":8.0,"enemies":"Exordium Wildlife","floor":14.0,"turns":4.0},{"damage":18.0,"enemies":"Slime Boss","floor":16.0,"turns":4.0},{"damage":11.0,"enemies":"Spheric Guardian","floor":18.0,"turns":4.0},{"damage":6.0,"enemies":"3 Byrds","floor":21.0,"turns":6.0},{"damage":7.0,"enemies":"Centurion and Healer","floor":22.0,"turns":6.0},{"damage":0.0,"enemies":"Chosen and Byrds","floor":24.0,"turns":6.0},{"damage":12.0,"enemies":"Sentry and Sphere","floor":25.0,"turns":5.0},{"damage":12.0,"enemies":"Snake Plant","floor":31.0,"turns":3.0},{"damage":52,"enemies":"Collector","floor":33,"turns":13},{"damage":41,"enemies":"3 Darklings","floor":35,"turns":6},{"damage":0,"enemies":"3 Shapes","floor":36,"turns":9},{"damage":26,"enemies":"3 Darklings","floor":37,"turns":8},{"damage":18,"enemies":"Writhing Mass","floor":39,"turns":3}],"seed_played":"6569535248559663256","potions_obtained":[{"floor":1.0,"key":"Energy Potion"},{"floor":7.0,"key":"Strength Potion"},{"floor":8.0,"key":"EssenceOfSteel"},{"floor":17.0,"key":"Ancient Potion"},{"floor":18.0,"key":"Ancient Potion"},{"floor":24.0,"key":"Poison Potion"},{"floor":25.0,"key":"SpeedPotion"}],"is_trial":false,"path_per_floor":["M","?","M","?","?","E","M","M","T","M","M","R","$","M","R","B",null,"M","$","?","M","M","R","M","M","T","R","?","R","?","M","R","B",null,"M","M","M","?","M"],"character_chosen":"DEFECT","items_purchased":["DataDisk","Capacitor","FearPotion","Stack","Flash of Steel"],"campfire_rested":4,"item_purchase_floors":[13,13,13,13,19],"current_hp_per_floor":[74,74,69,62,51,13,13,3,3,3,3,25,25,17,39,21,80,69,69,69,63,56,56,56,44,44,44,29,54,54,42,67,15,85,44,44,18,18,0],"gold":0,"neow_bonus":"BOSS_RELIC","is_prod":false,"is_daily":false,"chose_seed":false,"campfire_upgraded":1,"win_rate":0,"timestamp":1542828035,"path_taken":["M","?","M","?","?","E","M","M","T","M","M","R","$","M","R","BOSS","M","$","?","M","M","R","M","?","T","R","?","R","?","M","R","BOSS","M","M","M","?","M"],"build_version":"2018-11-15","purchased_purges":1,"victory":false,"max_hp_per_floor":[75,75,75,75,75,75,75,75,75,75,75,75,75,75,75,75,80,80,80,80,80,80,80,80,80,80,80,85,85,85,85,85,85,85,85,85,85,85,85],"card_choices":[{"not_picked":["Rebound","Stack"],"picked":"Melter","floor":0.0},{"not_picked":["Rebound","Steam"],"picked":"Cold Snap","floor":0.0},{"not_picked":["Beam Cell","Steam"],"picked":"Compile Driver","floor":0.0},{"not_picked":["Rip and Tear","Aggregate"],"picked":"Barrage","floor":0.0},{"not_picked":["Turbo","Consume"],"picked":"Darkness","floor":0.0},{"not_picked":["Recycle","Reinforced Body"],"picked":"Ball Lightning","floor":1.0},{"not_picked":["Amplify","Steam"],"picked":"Genetic Algorithm","floor":3.0},{"not_picked":["Sweeping Beam","Heatsinks"],"picked":"Creative AI","floor":6.0},{"not_picked":["Hello World","Heatsinks"],"picked":"Reinforced Body","floor":7.0},{"not_picked":["Aggregate","Storm"],"picked":"Conserve Battery","floor":8.0},{"not_picked":["Hologram","Beam Cell"],"picked":"Cold Snap","floor":10.0},{"not_picked":["Static Discharge","Go for the Eyes"],"picked":"Ball Lightning","floor":11.0},{"not_picked":["Go for the Eyes","Reprogram"],"picked":"BootSequence","floor":14.0},{"not_picked":["Reboot","Electrodynamics"],"picked":"Fission","floor":16.0},{"not_picked":["Streamline","Stack"],"picked":"Leap","floor":17.0},{"not_picked":["Double Energy","White Noise"],"picked":"Conserve Battery+1","floor":18.0},{"not_picked":["Force Field","Genetic Algorithm"],"picked":"Coolheaded+1","floor":21.0},{"not_picked":["Darkness","Rebound"],"picked":"Sunder","floor":22.0},{"not_picked":["Force Field+1","Gash"],"picked":"Rebound+1","floor":24.0},{"not_picked":["Rebound","Skim"],"picked":"Fusion","floor":25.0},{"not_picked":["Rebound","Leap"],"picked":"Double Energy+1","floor":31.0},{"not_picked":["Core Surge","Hyperbeam"],"picked":"Rainbow","floor":33},{"not_picked":["Scrape","Beam Cell"],"picked":"Chill","floor":35},{"not_picked":["Cold Snap+1","Auto Shields+1"],"picked":"White Noise+1","floor":36},{"not_picked":["Chaos+1","Barrage"],"picked":"Blizzard+1","floor":37}],"player_experience":503618,"relics_obtained":[{"floor":6.0,"key":"Vajra"},{"floor":26.0,"key":"Art of War"}],"event_choices":[{"damage_healed":0.0,"max_hp_gain":0.0,"max_hp_loss":0.0,"gold_gain":0.0,"event_name":"Living Wall","player_choice":"Grow","floor":2.0,"gold_loss":0.0,"damage_taken":0.0,"cards_upgraded":["Darkness"]},{"cards_removed":["Strike_B"],"damage_healed":0.0,"max_hp_gain":0.0,"max_hp_loss":0.0,"gold_gain":0.0,"event_name":"Golden Wing","player_choice":"Card Removal","floor":4.0,"gold_loss":0.0,"damage_taken":7.0},{"damage_healed":0.0,"max_hp_gain":0.0,"max_hp_loss":0.0,"gold_gain":75.0,"event_name":"World of Goop","player_choice":"Gather Gold","floor":5.0,"gold_loss":0.0,"damage_taken":11.0},{"damage_healed":0.0,"max_hp_gain":0.0,"max_hp_loss":0.0,"gold_gain":0.0,"event_name":"Accursed Blacksmith","player_choice":"Forge","floor":20.0,"gold_loss":0.0,"damage_taken":0.0,"cards_upgraded":["Fission"]},{"damage_healed":0.0,"max_hp_gain":5.0,"max_hp_loss":0.0,"gold_gain":0.0,"event_name":"Forgotten Altar","player_choice":"Shed Blood","floor":28.0,"gold_loss":0.0,"damage_taken":20.0},{"cards_removed":["Strike_B"],"damage_healed":0.0,"max_hp_gain":0.0,"max_hp_loss":0.0,"gold_gain":0.0,"event_name":"Beggar","player_choice":"Gave Gold","floor":30.0,"gold_loss":75.0,"damage_taken":0.0},{"damage_healed":0,"gold_gain":0,"player_choice":"Paid","damage_taken":0,"relics_obtained":["Red Mask"],"max_hp_gain":0,"max_hp_loss":0,"event_name":"Tomb of Lord Red Mask","floor":38,"gold_loss":208}],"is_beta":false,"boss_relics":[{"not_picked":["Lizard Tail","Runic Dome"],"picked":"Tiny House"},{"not_picked":["Nuclear Battery","Empty Cage"],"picked":"Astrolabe"}],"items_purged_floors":[19],"is_endless":false,"potions_floor_spawned":[1,7,8,18,24,25,33,36],"killed_by":"Writhing Mass","ascension_level":0}