{"gold_per_floor":[10,10,10,20,32,32,60,72,96,165,165,182,182,198,198,295,295,295,220,12,12,31,31,31,44,44,44,64,64,99,110,110,110],"floor_reached":33,"playtime":1276,"items_purged":["Defend_B"],"score":427,"play_id":"6f536e28-8d79-4a4d-b7d4-f588288a05e8","local_time":"20190227195737","is_ascension_mode":true,"campfire_choices":[{"data":"Zap","floor":6,"key":"SMITH"},{"data":"Capacitor","floor":11,"key":"SMITH"},{"data":"Cold Snap","floor":13,"key":"SMITH"},{"floor":15,"key":"REST"},{"data":"RitualDagger","floor":23,"key":"SMITH"},{"data":"Sunder","floor":27,"key":"SMITH"},{"data":"Seek","floor":29,"key":"SMITH"},{"floor":32,"key":"REST"}],"neow_cost":"NO_GOLD","seed_source_timestamp":662657124062400,"circlet_count":0,"master_deck":["AscendersBane","Strike_B+1","Defend_B+1","Zap+1","Dualcast","Redo","Beam Cell","Stack","Capacitor+1","Cold Snap+1","Steam","Seek+1","Sunder+1","Ball Lightning","Leap","Barrage","RitualDagger+1","Go for the Eyes","Capacitor","Glacier","Compile Driver+1","Self Repair"],"relics":["Cracked Core","Omamori","DataDisk","The Courier","Runic Pyramid","Shuriken","Boot"],"potions_floor_usage":[7,16,16,18,25,28,33],"damage_taken":[{"damage":2,"enemies":"2 Louse","floor":1,"turns":3},{"damage":0,"enemies":"Small Slimes","floor":4,"turns":2},{"damage":1,"enemies":"Cultist","floor":5,"turns":3},{"damage":27,"enemies":"Lagavulin","floor":7,"turns":6},{"damage":0,"enemies":"Exordium Thugs","floor":8,"turns":4},{"damage":1,"enemies":"2 Fungi Beasts","floor":12,"turns":3},{"damage":0,"enemies":"Exordium Wildlife","floor":14,"turns":3},{"damage":7,"enemies":"The Guardian","floor":16,"turns":8},{"damage":0,"enemies":"3 Byrds","floor":18,"turns":2},{"damage":0,"enemies":"Chosen","floor":22,"turns":4},{"damage":10,"enemies":"Snecko","floor":25,"turns":5},{"damage":8,"enemies":"3 Cultists","floor":28,"turns":4},{"damage":29,"enemies":"Gremlin Leader","floor":30,"turns":7},{"damage":11,"enemies":"Shelled Parasite and Fungi","floor":31,"turns":4},{"damage":33,"enemies":"Collector","floor":33,"turns":7}],"seed_played":"8108662892620852076","potions_obtained":[{"floor":5,"key":"LiquidBronze"},{"floor":8,"key":"AttackPotion"},{"floor":12,"key":"FocusPotion"},{"floor":16,"key":"SmokeBomb"},{"floor":22,"key":"Energy Potion"},{"floor":25,"key":"Strength Potion"},{"floor":31,"key":"Fire Potion"}],"is_trial":false,"path_per_floor":["M","?","?","M","M","R","E","M","T","T","R","M","R","M","R","B",null,"M","?","$","?","M","R","?","M","T","R","M","R","E","M","R","B"],"character_chosen":"DEFECT","items_purchased":["Sunder","Ball Lightning","Leap","Barrage"],"campfire_rested":2,"item_purchase_floors":[20,20,20,20],"current_hp_per_floor":[66,51,51,51,50,50,23,23,23,23,23,22,22,22,44,37,66,66,66,66,60,60,60,60,50,50,50,42,42,13,2,24,0],"gold":110,"neow_bonus":"REMOVE_TWO","is_prod":false,"is_daily":false,"chose_seed":false,"campfire_upgraded":6,"win_rate":0,"timestamp":1551293857,"path_taken":["M","?","?","M","M","R","E","?","T","?","R","M","R","M","R","BOSS","M","?","$","?","M","R","?","M","T","R","M","R","E","M","R","BOSS"],"build_version":"2019-01-23","purchased_purges":1,"victory":false,"max_hp_per_floor":[75,75,75,75,75,75,75,75,75,75,75,75,75,75,75,75,75,75,75,75,75,75,75,75,75,75,75,75,75,75,75,75,75],"card_choices":[{"not_picked":["Rebound","Tempest"],"picked":"Redo","floor":1},{"not_picked":["Tempest","Reprogram"],"picked":"Beam Cell","floor":4},{"not_picked":["Beam Cell","Lockon"],"picked":"Stack","floor":5},{"not_picked":["Blizzard","Rebound","Turbo"],"picked":"SKIP","floor":7},{"not_picked":["Sweeping Beam","Glacier"],"picked":"Capacitor","floor":8},{"not_picked":["Seek","Rebound"],"picked":"Cold Snap","floor":12},{"not_picked":["Aggregate","Stack"],"picked":"Steam","floor":14},{"not_picked":["Amplify","Multi-Cast"],"picked":"Seek","floor":16},{"not_picked":["Redo+1","Beam Cell"],"picked":"Go for the Eyes","floor":22},{"not_picked":["Hologram","Ball Lightning"],"picked":"Capacitor","floor":25},{"not_picked":["Steam","Coolheaded"],"picked":"Glacier","floor":28},{"not_picked":["Leap","Redo+1"],"picked":"Compile Driver+1","floor":30},{"not_picked":["Coolheaded","Gash"],"picked":"Self Repair","floor":31}],"player_experience":872729,"relics_obtained":[{"floor":7,"key":"Omamori"},{"floor":9,"key":"DataDisk"},{"floor":10,"key":"The Courier"},{"floor":26,"key":"Shuriken"},{"floor":30,"key":"Boot"}],"event_choices":[{"damage_healed":0,"gold_gain":0,"player_choice":"Entered Light","damage_taken":15,"max_hp_gain":0,"max_hp_loss":0,"event_name":"Shining Light","floor":2,"gold_loss":0,"cards_upgraded":["Defend_B","Strike_B"]},{"cards_removed":["Strike_B"],"damage_healed":0,"gold_gain":0,"player_choice":"Purged","damage_taken":0,"max_hp_gain":0,"max_hp_loss":0,"event_name":"Purifier","floor":3,"gold_loss":0},{"cards_removed":["Defend_B"],"damage_healed":0,"gold_gain":0,"player_choice":"Gave Gold","damage_taken":0,"max_hp_gain":0,"max_hp_loss":0,"event_name":"Beggar","floor":19,"gold_loss":75},{"damage_healed":0,"gold_gain":0,"player_choice":"Joined the Cult","damage_taken":6,"max_hp_gain":0,"max_hp_loss":0,"event_name":"Nest","floor":21,"gold_loss":0,"cards_obtained":["RitualDagger"]},{"cards_removed":["Defend_B"],"damage_healed":0,"gold_gain":0,"player_choice":"Offered Basic","damage_taken":0,"max_hp_gain":0,"max_hp_loss":0,"event_name":"Bonfire Elementals","floor":24,"gold_loss":0}],"is_beta":false,"boss_relics":[{"not_picked":["Fusion Hammer","Eternal Feather"],"picked":"Runic Pyramid"}],"items_purged_floors":[20],"is_endless":false,"potions_floor_spawned":[5,8,12,16,22,25,31],"killed_by":"Collector","ascension_level":12}