{"gold_per_floor":[115,125,141,154,79,79,104,124,124,150,167,167,183,195,195,195],"floor_reached":16,"playtime":866,"items_purged":["Strike_B"],"score":204,"play_id":"06b357e1-83fa-4a76-b44a-a2f0f9b29c9c","local_time":"20180905222210","is_ascension_mode":true,"campfire_choices":[{"data":"Streamline","floor":6,"key":"SMITH"},{"data":"White Noise","floor":12,"key":"SMITH"},{"data":"Zap","floor":15,"key":"SMITH"}],"neow_cost":"NONE","seed_source_timestamp":1596345333991080,"circlet_count":0,"master_deck":["Strike_B","Strike_B","Strike_B","Defend_B","Defend_B","Defend_B","Defend_B","Zap+1","Dualcast","Sweeping Beam","Go for the Eyes","Streamline+1","Conserve Battery","BootSequence","Steam","Barrage","White Noise+1"],"relics":["Cracked Core","Bottled Flame","Letter Opener","Turnip"],"potions_floor_usage":[10,14],"damage_taken":[{"damage":0,"enemies":"Cultist","floor":1,"turns":3},{"damage":0,"enemies":"2 Louse","floor":2,"turns":1},{"damage":2,"enemies":"Jaw Worm","floor":3,"turns":3},{"damage":7,"enemies":"2 Fungi Beasts","floor":4,"turns":3},{"damage":19,"enemies":"Gremlin Nob","floor":7,"turns":4},{"damage":2,"enemies":"Large Slime","floor":8,"turns":5},{"damage":0,"enemies":"3 Sentries","floor":10,"turns":5},{"damage":0,"enemies":"Exordium Thugs","floor":11,"turns":3},{"damage":0,"enemies":"Looter","floor":13,"turns":2},{"damage":0,"enemies":"Gremlin Gang","floor":14,"turns":3},{"damage":51,"enemies":"Hexaghost","floor":16,"turns":10}],"seed_played":"3576713007798987735","potions_obtained":[{"floor":3,"key":"Regen Potion"},{"floor":7,"key":"Strength Potion"},{"floor":8,"key":"AttackPotion"},{"floor":11,"key":"Strength Potion"}],"is_trial":false,"path_per_floor":["M","M","M","M","$","R","E","M","T","E","M","R","M","M","R"],"character_chosen":"DEFECT","items_purchased":[],"campfire_rested":0,"item_purchase_floors":[],"current_hp_per_floor":[68,68,66,59,59,59,40,38,38,50,50,50,50,50,50,0],"gold":195,"neow_bonus":"THREE_CARDS","is_prod":false,"is_daily":false,"chose_seed":false,"campfire_upgraded":3,"win_rate":0,"timestamp":1536182530,"path_taken":["M","?","M","?","$","R","E","M","T","E","M","R","?","?","R","BOSS"],"build_version":"2018-08-30","purchased_purges":1,"victory":false,"max_hp_per_floor":[75,75,75,75,75,75,75,75,75,75,75,75,75,75,75,75],"card_choices":[{"not_picked":["Beam Cell","Compile Driver"],"picked":"Sweeping Beam","floor":0},{"not_picked":["Cold Snap","Loop"],"picked":"Go for the Eyes","floor":1},{"not_picked":["Compile Driver","Beam Cell"],"picked":"Streamline","floor":2},{"not_picked":["Lockon","Turbo","Redo"],"picked":"SKIP","floor":3},{"not_picked":["Fusion","Recycle"],"picked":"Conserve Battery","floor":4},{"not_picked":["Ball Lightning","Amplify"],"picked":"BootSequence","floor":7},{"not_picked":["Chill","Gash"],"picked":"Steam","floor":8},{"not_picked":["Conserve Battery","Scrape"],"picked":"Barrage","floor":10},{"not_picked":["Compile Driver","Tempest"],"picked":"White Noise","floor":11},{"not_picked":["Redo","BootSequence","Go for the Eyes"],"picked":"SKIP","floor":13},{"not_picked":["Conserve Battery","Skim","Barrage"],"picked":"SKIP","floor":14}],"player_experience":644521,"relics_obtained":[{"floor":7,"key":"Bottled Flame"},{"floor":9,"key":"Letter Opener"},{"floor":10,"key":"Turnip"}],"event_choices":[],"is_beta":false,"boss_relics":[],"items_purged_floors":[5],"is_endless":false,"potions_floor_spawned":[3,7,8,11],"killed_by":"Hexaghost","ascension_level":9}