{"gold_per_floor":[119,119,29,44,44,44,44,60,109,109,5,5,39,58,58,131,131,51,51,51,51,0,0,0,0,0,0,0,0,0,0,0,0,0,0,0,0,0,0,0,0,0,0,0,0,0,0,0,0,0],"floor_reached":50,"playtime":4078,"items_purged":[],"score":948,"play_id":"450b0086-83f7-43be-86a3-4c0d1f784e7c","local_time":"20191013132502","is_ascension_mode":true,"campfire_choices":[{"data":"Defragment","floor":6.0,"key":"SMITH"},{"data":"Glacier","floor":10.0,"key":"SMITH"},{"floor":12.0,"key":"REST"},{"data":"Biased Cognition","floor":15.0,"key":"SMITH"},{"data":"Go for the Eyes","floor":23.0,"key":"SMITH"},{"floor":28.0,"key":"REST"},{"data":"Capacitor","floor":32.0,"key":"SMITH"},{"data":"Barrage","floor":40.0,"key":"SMITH"},{"data":"Defragment","floor":42.0,"key":"SMITH"},{"data":"Dualcast","floor":47.0,"key":"SMITH"},{"data":"Cold Snap","floor":49.0,"key":"SMITH"}],"neow_cost":"NONE","seed_source_timestamp":0,"circlet_count":0,"master_deck":["AscendersBane","Strike_B","Strike_B","Strike_B","Defend_B","Defend_B","Zap","Dualcast+1","FTL","Defragment+1","Glacier+1","Coolheaded","Cold Snap+1","Go for the Eyes+1","Cold Snap","Biased Cognition+1","Machine Learning","Self Repair","Writhe","Hologram+1","Capacitor+1","Defragment+1","Sunder+1","Steam+1","Fission+1","Barrage+1","Ball Lightning","Ball Lightning+1","Seek+1","Panacea+1"],"special_seed":0,"relics":["Cracked Core","Orichalcum","Centennial Puzzle","Dream Catcher","Mercury Hourglass","Ectoplasm","Pantograph","Toxic Egg 2","Turnip","Juzu Bracelet","Nuclear Battery","Incense Burner","MawBank","Whetstone"],"potions_floor_usage":[50,50],"damage_taken":[{"damage":0.0,"enemies":"Cultist","floor":1.0,"turns":3.0},{"damage":2.0,"enemies":"Jaw Worm","floor":4.0,"turns":4.0},{"damage":8.0,"enemies":"Small Slimes","floor":8.0,"turns":2.0},{"damage":6.0,"enemies":"3 Sentries","floor":13.0,"turns":7.0},{"damage":3.0,"enemies":"Exordium Wildlife","floor":14.0,"turns":5.0},{"damage":4.0,"enemies":"Slime Boss","floor":16.0,"turns":7.0},{"damage":11.0,"enemies":"2 Thieves","floor":18.0,"turns":5.0},{"damage":0.0,"enemies":"Spheric Guardian","floor":20.0,"turns":5.0},{"damage":10.0,"enemies":"Snake Plant","floor":24.0,"turns":7.0},{"damage":29.0,"enemies":"Gremlin Leader","floor":25.0,"turns":9.0},{"damage":4.0,"enemies":"Snecko","floor":30.0,"turns":8.0},{"damage":15.0,"enemies":"Collector","floor":33.0,"turns":19.0},{"damage":19.0,"enemies":"3 Darklings","floor":35.0,"turns":7.0},{"damage":0.0,"enemies":"3 Shapes","floor":36.0,"turns":6.0},{"damage":34.0,"enemies":"3 Darklings","floor":37.0,"turns":9.0},{"damage":0.0,"enemies":"Mind Bloom Boss Battle","floor":38.0,"turns":6.0},{"damage":6.0,"enemies":"Spire Growth","floor":39.0,"turns":4.0},{"damage":1.0,"enemies":"Jaw Worm Horde","floor":41.0,"turns":5.0},{"damage":3.0,"enemies":"Reptomancer","floor":44.0,"turns":7.0},{"damage":87,"enemies":"Awakened One","floor":50,"turns":11}],"seed_played":"-2323394110411520365","potions_obtained":[{"floor":4.0,"key":"AttackPotion"},{"floor":13.0,"key":"Weak Potion"},{"floor":16.0,"key":"Energy Potion"},{"floor":30.0,"key":"EssenceOfSteel"},{"floor":38.0,"key":"FearPotion"},{"floor":39.0,"key":"Regen Potion"}],"is_trial":false,"path_per_floor":["M","?","$","M","?","R","$","M","T","R","$","R","E","M","R","B",null,"M","$","M","?","?","R","M","E","T","T","R","?","M","?","R","B",null,"M","M","M","?","M","R","M","R","T","E","?","$","R","?","R","B"],"character_chosen":"DEFECT","items_purchased":["Defragment","Cold Snap","Go for the Eyes"],"campfire_rested":2,"item_purchase_floors":[3,11,11],"current_hp_per_floor":[64,53,53,51,51,51,51,43,43,43,43,64,58,55,55,51,66,55,55,55,55,55,55,52,30,30,30,51,51,54,54,54,63,69,57,64,37,69,70,70,71,71,71,71,71,71,71,71,71,0],"gold":0,"neow_bonus":"RANDOM_COMMON_RELIC","is_prod":false,"is_daily":false,"chose_seed":false,"campfire_upgraded":9,"win_rate":0,"timestamp":1570998302,"path_taken":["M","?","$","M","?","R","?","M","T","R","$","R","E","M","R","BOSS","M","$","?","?","?","R","M","E","T","?","R","?","M","?","R","BOSS","M","M","M","?","M","R","M","R","T","E","?","$","R","?","R","BOSS"],"build_version":"2019-07-17","purchased_purges":0,"victory":false,"max_hp_per_floor":[71,71,71,71,71,71,71,71,71,71,71,71,71,71,71,71,71,71,71,71,71,71,71,71,71,71,71,71,71,71,71,71,71,71,71,71,71,71,71,71,71,71,71,71,71,71,71,71,71,71],"card_choices":[{"not_picked":["Conserve Battery","Blizzard"],"picked":"FTL","floor":1.0},{"not_picked":["Double Energy","Coolheaded"],"picked":"Glacier","floor":4.0},{"not_picked":["Fusion","Ball Lightning"],"picked":"Coolheaded","floor":8.0},{"not_picked":["Rebound","Streamline"],"picked":"Cold Snap","floor":12.0},{"not_picked":["Lockon","Rebound","Heatsinks"],"picked":"SKIP","floor":13.0},{"not_picked":["Static Discharge","Tempest"],"picked":"Biased Cognition","floor":14.0},{"not_picked":["Reboot","Biased Cognition"],"picked":"Machine Learning","floor":16.0},{"not_picked":["Sweeping Beam","Cold Snap","Beam Cell"],"picked":"SKIP","floor":18.0},{"not_picked":["Conserve Battery","Force Field"],"picked":"Self Repair","floor":20.0},{"not_picked":["Steam Power+1","Glacier+1","Go for the Eyes"],"picked":"SKIP","floor":24.0},{"not_picked":["Fusion","Static Discharge","Cold Snap"],"picked":"SKIP","floor":25.0},{"not_picked":["Recycle+1","Barrage"],"picked":"Hologram+1","floor":28.0},{"not_picked":["Turbo+1","Cold Snap+1"],"picked":"Defragment","floor":30.0},{"not_picked":["Reboot+1","Biased Cognition"],"picked":"Fission+1","floor":33.0},{"not_picked":["Loop","Force Field+1"],"picked":"Barrage","floor":35.0},{"not_picked":["Steam+1","Static Discharge+1","Chaos+1"],"picked":"SKIP","floor":36.0},{"not_picked":["Coolheaded+1","Steam Power+1"],"picked":"Ball Lightning","floor":37.0},{"not_picked":["Redo+1","Steam+1"],"picked":"Ball Lightning","floor":38.0},{"not_picked":["Aggregate+1","Double Energy+1","Reprogram+1"],"picked":"SKIP","floor":39.0},{"not_picked":["Turbo+1","Undo+1"],"picked":"Seek+1","floor":41.0},{"not_picked":["Ball Lightning","Turbo+1","Go for the Eyes"],"picked":"SKIP","floor":44.0},{"not_picked":["Thinking Ahead+1","Apotheosis+1"],"picked":"Panacea+1","floor":45.0}],"player_experience":692304,"relics_obtained":[{"floor":9.0,"key":"Dream Catcher"},{"floor":13.0,"key":"Mercury Hourglass"},{"floor":25.0,"key":"Toxic Egg 2"},{"floor":26.0,"key":"Turnip"},{"floor":27.0,"key":"Juzu Bracelet"},{"floor":38.0,"key":"Incense Burner"},{"floor":43.0,"key":"MawBank"},{"floor":44.0,"key":"Whetstone"}],"event_choices":[{"damage_healed":0.0,"max_hp_gain":0.0,"max_hp_loss":0.0,"gold_gain":0.0,"event_name":"Scrap Ooze","player_choice":"Success","floor":2.0,"gold_loss":0.0,"damage_taken":11.0,"relics_obtained":["Centennial Puzzle"]},{"damage_healed":0.0,"max_hp_gain":0.0,"max_hp_loss":0.0,"gold_gain":0.0,"event_name":"Liars Game","player_choice":"Ignored","floor":5.0,"gold_loss":0.0,"damage_taken":0.0},{"damage_healed":0.0,"max_hp_gain":0.0,"max_hp_loss":0.0,"gold_gain":0.0,"event_name":"The Mausoleum","player_choice":"Opened","floor":21.0,"gold_loss":0.0,"damage_taken":0.0,"relics_obtained":["Pantograph"],"cards_obtained":["Writhe"]},{"damage_healed":0.0,"max_hp_gain":0.0,"max_hp_loss":0.0,"gold_gain":0.0,"event_name":"Masked Bandits","player_choice":"Paid Fearfully","floor":22.0,"gold_loss":51.0,"damage_taken":0.0},{"damage_healed":0.0,"max_hp_gain":0.0,"max_hp_loss":0.0,"gold_gain":0.0,"event_name":"The Library","player_choice":"Read","floor":29.0,"gold_loss":0.0,"damage_taken":0.0,"cards_obtained":["Capacitor"]},{"damage_healed":0.0,"max_hp_gain":0.0,"max_hp_loss":0.0,"gold_gain":0.0,"cards_transformed":["Defend_B","Strike_B"],"event_name":"Drug Dealer","player_choice":"Became Test Subject","floor":31.0,"gold_loss":0.0,"damage_taken":0.0,"cards_obtained":["Sunder","Steam"]},{"damage_healed":0.0,"max_hp_gain":0.0,"max_hp_loss":0.0,"gold_gain":0.0,"event_name":"MindBloom","player_choice":"Fight","floor":38.0,"gold_loss":0.0,"damage_taken":0.0},{"damage_healed":0.0,"max_hp_gain":0.0,"max_hp_loss":0.0,"gold_gain":0.0,"event_name":"SensoryStone","player_choice":"Memory 1","floor":45.0,"gold_loss":0.0,"damage_taken":0.0},{"cards_removed":["Defend_B"],"damage_healed":0.0,"max_hp_gain":0.0,"max_hp_loss":0.0,"gold_gain":0.0,"event_name":"Falling","player_choice":"Removed Skill","floor":48.0,"gold_loss":0.0,"damage_taken":0.0}],"is_beta":false,"boss_relics":[{"not_picked":["Black Star","Orrery"],"picked":"Ectoplasm"},{"not_picked":["Snecko Eye","Philosopher\u0027s Stone"],"picked":"Nuclear Battery"}],"items_purged_floors":[],"is_endless":false,"potions_floor_spawned":[4,13,14,16,24,30,38,39,44],"killed_by":"Awakened One","ascension_level":19}