{"gold_per_floor":[119,66,77,96,46,79,79,108,162,182,202,202,202,220,220,319,319,332,247,263,263,273,273,308,308,308,319,16,45,57,57],"floor_reached":31,"playtime":1575,"items_purged":[],"score":287,"play_id":"e272c8be-123a-47aa-9e4a-5ccba914d797","local_time":"20190906002517","is_ascension_mode":false,"campfire_choices":[{"data":"Armaments","floor":7,"key":"SMITH"},{"data":"Flex","floor":12,"key":"SMITH"},{"floor":15,"key":"REST"},{"data":"Clothesline","floor":23,"key":"SMITH"},{"data":"Cleave","floor":25,"key":"SMITH"}],"neow_cost":"NONE","seed_source_timestamp":541496623384502,"circlet_count":0,"master_deck":["Strike_R","Strike_R","Strike_R","Defend_R","Defend_R","Defend_R","Defend_R","Bash","Clothesline+1","Armaments+1","Flex+1","Twin Strike","Iron Wave","True Grit+1","Pommel Strike+1","Armaments+1","Cleave+1","Perfected Strike","Havoc+1","Perfected Strike","Havoc+1","Thunderclap","Anger"],"relics":["Burning Blood","Toxic Egg 2","Bronze Scales","Orichalcum","Philosopher\u0027s Stone","Shuriken","Unceasing Top","Prayer Wheel","DollysMirror","Smiling Mask"],"potions_floor_usage":[20,24,29,30,30,31],"damage_taken":[{"damage":0,"enemies":"2 Louse","floor":1,"turns":3},{"damage":3,"enemies":"Jaw Worm","floor":3,"turns":4},{"damage":4,"enemies":"Cultist","floor":4,"turns":3},{"damage":8,"enemies":"Lagavulin","floor":6,"turns":7},{"damage":45,"enemies":"3 Sentries","floor":8,"turns":9},{"damage":1,"enemies":"3 Louse","floor":10,"turns":3},{"damage":9,"enemies":"Exordium Thugs","floor":11,"turns":5},{"damage":6,"enemies":"Blue Slaver","floor":14,"turns":3},{"damage":30,"enemies":"Slime Boss","floor":16,"turns":11},{"damage":0,"enemies":"Chosen","floor":18,"turns":4},{"damage":0,"enemies":"3 Byrds","floor":20,"turns":3},{"damage":30,"enemies":"Sentry and Sphere","floor":22,"turns":6},{"damage":13,"enemies":"Gremlin Leader","floor":24,"turns":6},{"damage":1,"enemies":"Snecko","floor":27,"turns":4},{"damage":55,"enemies":"Slavers","floor":29,"turns":5},{"damage":11,"enemies":"Snake Plant","floor":30,"turns":4},{"damage":20,"enemies":"Colosseum Slavers","floor":31,"turns":2}],"seed_played":"-8402914278632871901","potions_obtained":[{"floor":3,"key":"Regen Potion"},{"floor":10,"key":"LiquidBronze"},{"floor":11,"key":"Explosive Potion"},{"floor":22,"key":"Explosive Potion"},{"floor":27,"key":"EssenceOfSteel"},{"floor":29,"key":"SpeedPotion"}],"is_trial":false,"path_per_floor":["M","$","M","M","?","E","R","E","T","M","M","R","?","M","R","B",null,"M","?","M","?","M","R","E","R","T","M","$","E","M","?"],"character_chosen":"IRONCLAD","items_purchased":["Armaments","DollysMirror","Havoc+1","Thunderclap"],"campfire_rested":1,"item_purchase_floors":[2,28,28,28],"current_hp_per_floor":[80,80,80,80,80,78,78,39,39,44,41,41,41,41,65,41,80,80,80,80,80,56,56,49,49,49,54,54,19,14,0],"gold":57,"neow_bonus":"REMOVE_CARD","is_prod":false,"is_daily":false,"chose_seed":false,"campfire_upgraded":4,"win_rate":0,"timestamp":1567743917,"path_taken":["M","$","M","M","?","E","R","E","T","M","M","R","?","M","R","BOSS","M","?","M","?","M","R","E","R","T","M","$","E","?","?"],"build_version":"2019-07-17","purchased_purges":0,"victory":false,"max_hp_per_floor":[80,80,80,80,80,80,80,80,80,80,80,80,80,80,80,80,80,80,80,80,80,80,80,80,80,80,80,80,80,80,80],"card_choices":[{"not_picked":["True Grit","Wild Strike"],"picked":"Clothesline","floor":1},{"not_picked":["Twin Strike","Armaments"],"picked":"Flex","floor":3},{"not_picked":["Dropkick","Bloodletting"],"picked":"Twin Strike","floor":4},{"not_picked":["Shockwave","Intimidate","Pummel"],"picked":"SKIP","floor":6},{"not_picked":["Intimidate+1","Entrench+1","Uppercut"],"picked":"SKIP","floor":8},{"not_picked":["Clothesline","Shockwave+1","Wild Strike"],"picked":"SKIP","floor":10},{"not_picked":["Reckless Charge","Shockwave+1","Twin Strike"],"picked":"SKIP","floor":11},{"not_picked":["Fiend Fire","Twin Strike"],"picked":"Iron Wave","floor":14},{"not_picked":["Clash","Power Through+1"],"picked":"True Grit+1","floor":18},{"not_picked":["Clothesline","Bloodletting+1"],"picked":"Pommel Strike+1","floor":20},{"not_picked":["Entrench+1","Heavy Blade"],"picked":"Armaments+1","floor":22},{"not_picked":["Rupture","Ghostly Armor+1"],"picked":"Cleave","floor":24},{"not_picked":["Flex+1","Cleave"],"picked":"Perfected Strike","floor":27},{"not_picked":["Bludgeon","Twin Strike"],"picked":"Havoc+1","floor":27},{"not_picked":["Thunderclap","Pommel Strike"],"picked":"Anger","floor":29},{"not_picked":["Intimidate+1","Clothesline+1","Hemokinesis"],"picked":"SKIP","floor":30},{"not_picked":["Heavy Blade","Exhume+1","Sword Boomerang"],"picked":"SKIP","floor":30}],"player_experience":348273,"relics_obtained":[{"floor":6,"key":"Toxic Egg 2"},{"floor":8,"key":"Bronze Scales"},{"floor":9,"key":"Orichalcum"},{"floor":24,"key":"Unceasing Top"},{"floor":26,"key":"Prayer Wheel"},{"floor":29,"key":"Smiling Mask"}],"event_choices":[{"cards_removed":["Strike_R"],"damage_healed":0,"gold_gain":0,"player_choice":"Card Removal","damage_taken":0,"max_hp_gain":0,"max_hp_loss":0,"event_name":"The Cleric","floor":5,"gold_loss":50},{"damage_healed":0,"gold_gain":0,"player_choice":"Bought 0 Potions","damage_taken":0,"max_hp_gain":0,"max_hp_loss":0,"event_name":"The Woman in Blue","floor":13,"gold_loss":0},{"damage_healed":0,"gold_gain":0,"player_choice":"Obtained Relic","damage_taken":0,"relics_obtained":["Shuriken"],"max_hp_gain":0,"max_hp_loss":0,"event_name":"Addict","floor":19,"gold_loss":85},{"damage_healed":0,"gold_gain":0,"player_choice":"0 cards matched","damage_taken":0,"max_hp_gain":0,"max_hp_loss":0,"event_name":"Match and Keep!","floor":21,"gold_loss":0,"cards_obtained":[]},{"damage_healed":0,"gold_gain":0,"player_choice":"Fight","damage_taken":0,"max_hp_gain":0,"max_hp_loss":0,"event_name":"Colosseum","floor":31,"gold_loss":0}],"is_beta":false,"boss_relics":[{"not_picked":["Eternal Feather","Astrolabe"],"picked":"Philosopher\u0027s Stone"}],"items_purged_floors":[],"is_endless":false,"potions_floor_spawned":[3,10,11,14,18,22,27,29],"killed_by":"Colosseum Slavers","ascension_level":0}