{"path_per_floor":["M","$","?","M","?","R","$","M","T","?","R","$","R","?","R","B",null,"M","?","M","M","M","R","M","?","T","R","M","M","$","M","R"],"character_chosen":"IRONCLAD","items_purchased":["Happy Flower","Bag of Preparation","Du-Vu Doll"],"gold_per_floor":[210,60,60,73,73,73,73,93,170,170,170,24,24,199,199,302,302,319,234,251,262,279,279,289,289,289,289,302,317,18,29,29,29],"floor_reached":33,"campfire_rested":0,"playtime":1396,"current_hp_per_floor":[80,80,73,78,78,78,78,80,80,73,73,73,73,79,79,14,86,86,86,86,81,83,83,81,65,65,65,63,72,72,83,83,0],"items_purged":[],"gold":29,"score":237,"play_id":"b67ad6f0-b90d-4655-b51d-4dd42b39c3aa","local_time":"20180512130728","is_prod":false,"is_daily":false,"chose_seed":false,"is_ascension_mode":false,"campfire_upgraded":1,"timestamp":1526126848,"path_taken":["M","$","?","M","?","R","?","M","T","?","R","$","R","?","R","BOSS","M","?","?","M","M","R","M","?","T","R","M","M","$","M","R","BOSS"],"build_version":"2018-05-10","seed_source_timestamp":230104471970902,"purchased_purges":0,"victory":false,"master_deck":["Strike_R","Strike_R","Strike_R","Strike_R","Defend_R","Defend_R","Defend_R","Defend_R","Bash+1","Shrug It Off+1","Pommel Strike","Doubt","Immolate","Carnage","Shockwave+1","Seeing Red+1","Armaments+1"],"max_hp_per_floor":[80,80,80,80,80,80,80,80,80,80,80,80,80,86,86,86,86,86,86,86,86,86,86,86,86,86,86,88,88,88,90,90,90],"relics":["Burning Blood","Happy Flower","Kunai","Shovel","Toxic Egg 2","Bag of Preparation","Darkstone Periapt","Mercury Hourglass","Snecko Eye","Question Card","Magic Flower","Nilry\u0027s Codex","Singing Bowl","Vajra","Du-Vu Doll","Ornamental Fan"],"card_choices":[{"not_picked":["Iron Wave","Infernal Blade"],"picked":"Shrug It Off","floor":1},{"not_picked":["Bludgeon","True Grit"],"picked":"Pommel Strike","floor":8},{"not_picked":["Brutality","Barricade"],"picked":"Immolate","floor":16},{"not_picked":["True Grit","Entrench","Clash"],"picked":"Carnage","floor":20},{"not_picked":["Fire Breathing","Headbutt","Reckless Charge"],"picked":"Shockwave","floor":22},{"not_picked":["Clothesline","Body Slam","Disarm"],"picked":"Seeing Red","floor":24},{"not_picked":["Warcry","Burning Pact","Pommel Strike"],"picked":"Armaments","floor":29}],"player_experience":283888,"potions_floor_usage":[16,21,24,33],"damage_taken":[{"damage":0,"enemies":"Small Slimes","floor":1,"turns":3},{"damage":1,"enemies":"Cultist","floor":4,"turns":3},{"damage":0,"enemies":"Jaw Worm","floor":8,"turns":3},{"damage":71,"enemies":"Slime Boss","floor":16,"turns":13},{"damage":4,"enemies":"3 Byrds","floor":18,"turns":3},{"damage":0,"enemies":"Chosen","floor":20,"turns":4},{"damage":11,"enemies":"Centurion and Healer","floor":21,"turns":5},{"damage":4,"enemies":"Snecko","floor":22,"turns":3},{"damage":11,"enemies":"Slaver and Parasite","floor":24,"turns":5},{"damage":13,"enemies":"Snake Plant","floor":28,"turns":3},{"damage":0,"enemies":"Cultist and Chosen","floor":29,"turns":4},{"damage":0,"enemies":"3 Cultists","floor":31,"turns":3},{"damage":91,"enemies":"Champ","floor":33,"turns":8}],"event_choices":[{"event_name":"Golden Wing","player_choice":"Card Removal","floor":3,"damage_taken":0},{"event_name":"Living Wall","player_choice":"Grow","floor":5,"damage_taken":0},{"event_name":"Scrap Ooze","player_choice":"success","floor":10,"damage_taken":7},{"event_name":"Liars Game","player_choice":"agreed","floor":14,"damage_taken":0},{"event_name":"Addict","player_choice":"Obtained Relic","floor":19,"damage_taken":0},{"event_name":"Cursed Tome","player_choice":"Obtained Book","floor":25,"damage_taken":0}],"boss_relics":[{"not_picked":["Sozu","Orrery"],"picked":"Snecko Eye"}],"potions_floor_spawned":[4,16,21,28],"seed_played":"-1190625668823286705","killed_by":"Champ","ascension_level":0,"is_trial":false}