{"gold_per_floor":[116,129,143,156,81,81,81,122,146,166,166,191,74,97,97,97],"floor_reached":16,"playtime":657,"items_purged":["Injury"],"score":187,"play_id":"5fa660c8-63f8-456f-98be-beaccfa50cff","local_time":"20190613044659","is_ascension_mode":true,"campfire_choices":[{"data":"Neutralize","floor":6,"key":"SMITH"},{"floor":11,"key":"REST"},{"floor":15,"key":"REST"}],"neow_cost":"NONE","seed_source_timestamp":102377846279000,"circlet_count":0,"master_deck":["AscendersBane","Defend_G","Defend_G","Defend_G","Defend_G","Defend_G","Strike_G","Strike_G","Strike_G","Strike_G","Survivor","Neutralize+1","Storm of Steel","Dagger Spray","Endless Agony","Noxious Fumes","Dagger Throw","Deadly Poison","Escape Plan","Dodge and Roll","Accuracy","Dash"],"relics":["Ring of the Snake","Golden Idol","Orichalcum","Oddly Smooth Stone"],"potions_floor_usage":[3,14,14,16],"damage_taken":[{"damage":0,"enemies":"Cultist","floor":1,"turns":3},{"damage":8,"enemies":"Small Slimes","floor":2,"turns":5},{"damage":6,"enemies":"Jaw Worm","floor":3,"turns":5},{"damage":10,"enemies":"Exordium Wildlife","floor":4,"turns":5},{"damage":24,"enemies":"3 Sentries","floor":8,"turns":7},{"damage":0,"enemies":"Large Slime","floor":10,"turns":5},{"damage":5,"enemies":"Looter","floor":12,"turns":3},{"damage":1,"enemies":"Exordium Wildlife","floor":14,"turns":6},{"damage":48,"enemies":"Slime Boss","floor":16,"turns":10}],"seed_played":"1479880401951676996","potions_obtained":[{"floor":2,"key":"SpeedPotion"},{"floor":8,"key":"Ancient Potion"},{"floor":10,"key":"GamblersBrew"},{"floor":12,"key":"EssenceOfSteel"},{"floor":14,"key":"SteroidPotion"}],"is_trial":false,"path_per_floor":["M","M","M","M","?","R","?","E","T","M","R","M","$","M","R","B"],"character_chosen":"THE_SILENT","items_purchased":["Accuracy"],"campfire_rested":2,"item_purchase_floors":[13],"current_hp_per_floor":[59,51,45,35,35,35,35,11,11,11,30,25,25,24,43,0],"gold":97,"neow_bonus":"ONE_RANDOM_RARE_CARD","is_prod":false,"is_daily":false,"chose_seed":false,"campfire_upgraded":1,"win_rate":0,"timestamp":1560394019,"path_taken":["M","?","M","M","?","R","?","E","T","M","R","M","$","M","R","BOSS"],"build_version":"2019-01-23","purchased_purges":1,"victory":false,"max_hp_per_floor":[66,66,66,66,66,66,66,66,66,66,66,66,66,66,66,66],"card_choices":[{"not_picked":["Outmaneuver","Concentrate"],"picked":"Dagger Spray","floor":1},{"not_picked":["Infinite Blades","Deflect"],"picked":"Endless Agony","floor":2},{"not_picked":["Calculated Gamble","All Out Attack"],"picked":"Noxious Fumes","floor":3},{"not_picked":["Blade Dance","PiercingWail"],"picked":"Dagger Throw","floor":4},{"not_picked":["Prepared","Dagger Throw"],"picked":"Deadly Poison","floor":8},{"not_picked":["Outmaneuver","Night Terror"],"picked":"Escape Plan","floor":10},{"not_picked":["Sucker Punch","Riddle With Holes"],"picked":"Dodge and Roll","floor":12},{"not_picked":["Deflect","Dodge and Roll"],"picked":"Dash","floor":14}],"player_experience":1319126,"relics_obtained":[{"floor":8,"key":"Orichalcum"},{"floor":9,"key":"Oddly Smooth Stone"}],"event_choices":[{"cards_removed":["Strike_G"],"damage_healed":0,"gold_gain":0,"player_choice":"Card Removal","damage_taken":0,"max_hp_gain":0,"max_hp_loss":0,"event_name":"The Cleric","floor":5,"gold_loss":75},{"damage_healed":0,"gold_gain":0,"player_choice":"Take Wound","damage_taken":0,"relics_obtained":["Golden Idol"],"max_hp_gain":0,"max_hp_loss":0,"event_name":"Golden Idol","floor":7,"gold_loss":0,"cards_obtained":["Injury"]}],"is_beta":false,"boss_relics":[],"items_purged_floors":[13],"is_endless":false,"potions_floor_spawned":[2,8,10,12,14],"killed_by":"Slime Boss","ascension_level":16}