{"gold_per_floor":[362,437,387,169,344,363,363,375,398,409,409,409,409,424,424,527,527,545,224,235,87,99,99,111,21,48,68,68,99,99,112,112,214,214,224,241,241,260,271,271,290,290,314,314,326,326,342,389,389,389],"floor_reached":51,"playtime":771,"items_purged":["Defend_R","Doubt"],"score":736,"play_id":"67abc51d-7675-4d15-b6ef-bc8d2d16e563","local_time":"20190921214311","is_ascension_mode":false,"campfire_choices":[{"data":"Bash","floor":7,"key":"SMITH"},{"data":"Twin Strike","floor":11,"key":"SMITH"},{"data":"Thunderclap","floor":13,"key":"SMITH"},{"data":"Strike_R","floor":15,"key":"SMITH"},{"data":"Feed","floor":23,"key":"SMITH"},{"data":"Heavy Blade","floor":32,"key":"SMITH"},{"data":"Double Tap","floor":40,"key":"SMITH"},{"data":"Heavy Blade","floor":44,"key":"SMITH"},{"data":"Pummel","floor":46,"key":"SMITH"},{"data":"Sword Boomerang","floor":49,"key":"SMITH"}],"neow_cost":"CURSE","seed_source_timestamp":934530566589,"circlet_count":0,"master_deck":["Strike_R","Strike_R","Strike_R+1","Strike_R+1","Defend_R","Defend_R","Defend_R","Bash+1","Thunderclap+1","Twin Strike+1","Feed+1","Pummel","Pummel+1","Twin Strike","Cleave+1","Shame","Heavy Blade+1","Double Tap+1","Sword Boomerang+1","Headbutt+1","Heavy Blade+1","Thunderclap+1"],"relics":["Burning Blood","Brimstone","Regal Pillow","Shuriken","Velvet Choker","Bag of Marbles","Chemical X","Akabeko","PreservedInsect","Vajra","Philosopher\u0027s Stone","Smiling Mask","Magic Flower"],"potions_floor_usage":[14,16,16,31,50,50,50],"damage_taken":[{"damage":0,"enemies":"Small Slimes","floor":1,"turns":4},{"damage":2,"enemies":"2 Louse","floor":6,"turns":2},{"damage":12,"enemies":"Jaw Worm","floor":8,"turns":3},{"damage":18,"enemies":"Lots of Slimes","floor":10,"turns":3},{"damage":12,"enemies":"Large Slime","floor":14,"turns":3},{"damage":49,"enemies":"The Guardian","floor":16,"turns":6},{"damage":7,"enemies":"Chosen","floor":18,"turns":3},{"damage":6,"enemies":"2 Thieves","floor":20,"turns":2},{"damage":7,"enemies":"Chosen and Byrds","floor":22,"turns":2},{"damage":15,"enemies":"Shelled Parasite and Fungi","floor":24,"turns":3},{"damage":0,"enemies":"Snecko","floor":27,"turns":2},{"damage":9,"enemies":"Book of Stabbing","floor":29,"turns":2},{"damage":0,"enemies":"Cultist and Chosen","floor":31,"turns":2},{"damage":46,"enemies":"Automaton","floor":33,"turns":5},{"damage":0,"enemies":"Orb Walker","floor":35,"turns":1},{"damage":0,"enemies":"3 Darklings","floor":36,"turns":1},{"damage":5,"enemies":"Maw","floor":38,"turns":4},{"damage":32,"enemies":"4 Shapes","floor":39,"turns":3},{"damage":0,"enemies":"Transient","floor":41,"turns":5},{"damage":0,"enemies":"Jaw Worm Horde","floor":45,"turns":1},{"damage":7,"enemies":"Sphere and 2 Shapes","floor":47,"turns":2},{"damage":7,"enemies":"2 Orb Walkers","floor":48,"turns":2},{"damage":24,"enemies":"Donu and Deca","floor":50,"turns":3}],"seed_played":"-3545713028944848850","potions_obtained":[{"floor":6,"key":"BloodPotion"},{"floor":10,"key":"GamblersBrew"},{"floor":14,"key":"SkillPotion"},{"floor":18,"key":"SteroidPotion"},{"floor":20,"key":"FearPotion"},{"floor":27,"key":"Fire Potion"},{"floor":31,"key":"LiquidBronze"},{"floor":42,"key":"SteroidPotion"},{"floor":42,"key":"FairyPotion"},{"floor":48,"key":"Ancient Potion"}],"is_trial":false,"path_per_floor":["M","?","?","$","?","M","R","M","T","M","R","?","R","M","R","B",null,"M","$","M","$","M","R","M","?","T","M","?","E","?","M","R","B",null,"M","M","?","M","M","R","M","?","T","R","M","R","M","?","R","B",null],"character_chosen":"IRONCLAD","items_purchased":["Brimstone","Bag of Marbles","Pummel","Chemical X"],"campfire_rested":0,"item_purchase_floors":[4,19,19,21],"current_hp_per_floor":[80,69,69,69,69,73,73,67,67,55,55,52,52,61,61,18,77,76,76,79,79,81,81,76,76,76,86,86,83,83,93,93,57,99,103,103,103,103,81,81,87,87,87,87,93,93,92,91,91,76],"gold":389,"neow_bonus":"TWO_FIFTY_GOLD","is_prod":false,"is_daily":false,"chose_seed":false,"campfire_upgraded":10,"win_rate":0,"timestamp":1569123791,"path_taken":["M","?","?","$","?","M","R","M","T","M","R","?","R","?","R","BOSS","M","$","M","?","M","R","M","?","T","?","?","E","?","M","R","BOSS","M","M","?","M","M","R","M","?","T","R","M","R","?","?","R","BOSS"],"build_version":"2019-09-20","purchased_purges":2,"victory":true,"max_hp_per_floor":[80,80,77,77,77,77,77,77,77,77,77,77,77,77,77,77,77,77,77,80,80,83,83,87,87,87,91,91,91,91,95,95,99,99,103,103,103,103,107,107,107,107,107,107,107,107,107,107,107,107],"card_choices":[{"not_picked":["Havoc","Combust","Pommel Strike"],"picked":"SKIP","floor":1},{"not_picked":["Iron Wave","Havoc","True Grit"],"picked":"SKIP","floor":6},{"not_picked":["Intimidate","Perfected Strike"],"picked":"Thunderclap","floor":8},{"not_picked":["Flame Barrier","Dark Embrace"],"picked":"Twin Strike","floor":10},{"not_picked":["Perfected Strike","Spot Weakness","Flame Barrier"],"picked":"SKIP","floor":14},{"not_picked":["Bludgeon","Barricade"],"picked":"Feed","floor":16},{"not_picked":["Pommel Strike+1","Headbutt+1"],"picked":"Pummel","floor":18},{"not_picked":["Corruption","Perfected Strike","True Grit+1"],"picked":"SKIP","floor":20},{"not_picked":["Fire Breathing","Sever Soul","Pommel Strike"],"picked":"SKIP","floor":22},{"not_picked":["Flex+1","Dual Wield"],"picked":"Twin Strike","floor":24},{"not_picked":["Perfected Strike","Pommel Strike"],"picked":"Cleave+1","floor":27},{"not_picked":["Barricade","Disarm","Havoc"],"picked":"SKIP","floor":29},{"not_picked":["Cleave+1","Warcry"],"picked":"Heavy Blade","floor":31},{"not_picked":["Juggernaut","Bludgeon"],"picked":"Double Tap","floor":33},{"not_picked":["Corruption","Reckless Charge"],"picked":"Sword Boomerang","floor":35},{"not_picked":["Body Slam+1","Armaments","Second Wind+1"],"picked":"SKIP","floor":36},{"not_picked":["Searing Blow","Combust"],"picked":"Headbutt+1","floor":38},{"not_picked":["Rupture","Headbutt"],"picked":"Heavy Blade","floor":39},{"not_picked":["Intimidate","Rampage+1","Iron Wave"],"picked":"SKIP","floor":41},{"not_picked":["Power Through+1","Havoc","Metallicize+1"],"picked":"SKIP","floor":45},{"not_picked":["True Grit","Shrug It Off","Bludgeon"],"picked":"SKIP","floor":47},{"not_picked":["Cleave+1","Havoc"],"picked":"Thunderclap+1","floor":48}],"player_experience":1563658,"relics_obtained":[{"floor":9,"key":"Regal Pillow"},{"floor":26,"key":"Akabeko"},{"floor":29,"key":"Vajra"},{"floor":43,"key":"Smiling Mask"},{"floor":48,"key":"Magic Flower"}],"event_choices":[{"damage_healed":0,"gold_gain":75,"player_choice":"Gather Gold","damage_taken":11,"max_hp_gain":0,"max_hp_loss":0,"event_name":"World of Goop","floor":2,"gold_loss":0},{"cards_removed":["Parasite"],"damage_healed":0,"gold_gain":0,"player_choice":"Card Removal","damage_taken":0,"max_hp_gain":0,"max_hp_loss":0,"event_name":"The Cleric","floor":3,"gold_loss":50},{"damage_healed":0,"gold_gain":175,"player_choice":"AGREE","damage_taken":0,"max_hp_gain":0,"max_hp_loss":0,"event_name":"Liars Game","floor":5,"gold_loss":0,"cards_obtained":["Doubt"]},{"damage_healed":0,"gold_gain":0,"player_choice":"Success","damage_taken":3,"relics_obtained":["Shuriken"],"max_hp_gain":0,"max_hp_loss":0,"event_name":"Scrap Ooze","floor":12,"gold_loss":0},{"cards_removed":["Strike_R"],"damage_healed":0,"gold_gain":0,"player_choice":"Upgrade and Remove","damage_taken":0,"max_hp_gain":0,"max_hp_loss":0,"event_name":"Designer","floor":25,"gold_loss":90,"cards_upgraded":["Strike_R"]},{"damage_healed":0,"gold_gain":0,"player_choice":"Stole Relic","damage_taken":0,"relics_obtained":["PreservedInsect"],"max_hp_gain":0,"max_hp_loss":0,"event_name":"Addict","floor":28,"gold_loss":0,"cards_obtained":["Shame"]},{"damage_healed":0,"gold_gain":0,"player_choice":"Ignored","damage_taken":0,"max_hp_gain":0,"max_hp_loss":0,"event_name":"Vampires","floor":30,"gold_loss":0},{"damage_healed":0,"gold_gain":0,"player_choice":"Ignored","damage_taken":0,"max_hp_gain":0,"max_hp_loss":0,"event_name":"Tomb of Lord Red Mask","floor":37,"gold_loss":0},{"damage_healed":0,"gold_gain":0,"player_choice":"Got Potions","damage_taken":0,"max_hp_gain":0,"max_hp_loss":0,"event_name":"Lab","floor":42,"gold_loss":0},{"damage_healed":0,"gold_gain":0,"player_choice":"Fight","damage_taken":0,"max_hp_gain":0,"max_hp_loss":0,"event_name":"Mysterious Sphere","floor":48,"gold_loss":0}],"is_beta":true,"boss_relics":[{"not_picked":["Coffee Dripper","Runic Dome"],"picked":"Velvet Choker"},{"not_picked":["Snecko Eye","Cursed Key"],"picked":"Philosopher\u0027s Stone"}],"items_purged_floors":[4,19],"is_endless":false,"potions_floor_spawned":[6,10,14,18,20,27,31,35,38,48],"ascension_level":0}