{"path_per_floor":["M","M","?","M","?","R","?","M","T","M","R","?","?","M","R","B",null,"M","M","$","M","M","R","E","R","T","$","M","E","?","?","R","B",null,"M","?","$","?","$","R","?","M","T","R","$","R","?","M","R","B"],"character_chosen":"IRONCLAD","items_purchased":["Bandage Up","Mercury Hourglass","Orichalcum","PowerPotion"],"gold_per_floor":[118,130,130,150,150,150,225,240,240,256,256,277,277,295,295,391,391,377,387,39,49,65,65,100,100,100,100,115,145,145,145,145,243,243,255,304,86,86,6,6,6,20,20,20,20,20,20,33,33,33],"floor_reached":51,"campfire_rested":3,"playtime":2087,"item_purchase_floors":[20,20,37,37],"current_hp_per_floor":[80,80,80,80,68,68,57,54,54,60,60,52,36,40,79,30,80,80,64,64,34,44,80,72,80,80,80,80,74,74,74,74,38,80,80,71,71,71,71,71,71,78,78,78,78,78,78,85,85,37],"items_purged":["Clumsy","Clumsy"],"gold":33,"score":673,"play_id":"5ce0925c-815e-4cce-9a84-dd07b349ef51","local_time":"20180616190630","is_prod":false,"is_daily":false,"chose_seed":false,"is_ascension_mode":false,"campfire_upgraded":2,"win_rate":0,"timestamp":1529172390,"campfire_choices":[{"data":"Pommel Strike","floor":6,"key":"SMITH"},{"data":"Body Slam","floor":11,"key":"SMITH"},{"floor":15,"key":"REST"},{"floor":23,"key":"REST"},{"floor":25,"key":"REST"},{"data":"Strike_R","floor":32,"key":"PURGE"},{"data":"Strike_R","floor":40,"key":"PURGE"},{"data":"Defend_R","floor":44,"key":"PURGE"},{"data":"Defend_R","floor":46,"key":"PURGE"},{"data":"Defend_R","floor":49,"key":"PURGE"}],"path_taken":["M","M","?","M","?","R","?","?","T","M","R","?","?","?","R","BOSS","M","M","$","?","M","R","E","R","T","$","M","E","?","?","R","BOSS","M","?","$","?","$","R","?","M","T","R","$","R","?","M","R","BOSS"],"build_version":"2018-06-14v2","seed_source_timestamp":174555499178029,"purchased_purges":2,"victory":true,"master_deck":["Strike_R","Strike_R+1","Defend_R","Bash","Shrug It Off+1","Pommel Strike+1","Metallicize","Body Slam+1","Inflame","Whirlwind","Impervious","Thunderclap+1","Spot Weakness","Bandage Up","Iron Wave+1","Inflame+1","Immolate","Sword Boomerang","Shrug It Off+1","Panache","Metallicize+1"],"max_hp_per_floor":[80,80,80,80,80,80,80,80,80,80,80,80,80,80,80,80,80,80,80,80,80,80,80,80,80,80,80,80,80,80,80,80,80,80,80,80,80,80,80,80,80,80,80,80,80,80,80,85,85,85],"special_seed":17698,"relics":["Burning Blood","Omamori","Regal Pillow","Question Card","Odd Mushroom","Fusion Hammer","Mercury Hourglass","Dodecahedron","The Courier","Peace Pipe","Vajra","Calling Bell","Potion Belt","Meat on the Bone","Bird Faced Urn","Ice Cream","Orichalcum","Shuriken"],"card_choices":[{"not_picked":["Flame Barrier","Body Slam"],"picked":"Shrug It Off","floor":1},{"not_picked":["True Grit","Perfected Strike"],"picked":"Pommel Strike","floor":2},{"not_picked":["Sword Boomerang","Havoc"],"picked":"Metallicize","floor":4},{"not_picked":["Searing Blow","Warcry"],"picked":"Body Slam","floor":8},{"not_picked":["Rampage","Cleave","Sword Boomerang","Clash"],"picked":"SKIP","floor":10},{"not_picked":["Pommel Strike","Perfected Strike","Reckless Charge"],"picked":"Inflame","floor":12},{"not_picked":["Wild Strike","Body Slam","Bludgeon"],"picked":"Whirlwind","floor":14},{"not_picked":["Dark Embrace","Brutality","Berserk"],"picked":"Impervious","floor":16},{"not_picked":["Twin Strike","Anger+1","Entrench"],"picked":"Thunderclap+1","floor":18},{"not_picked":["Cleave","Carnage","Pummel"],"picked":"Spot Weakness","floor":19},{"not_picked":["Body Slam","Sword Boomerang","Limit Break"],"picked":"Iron Wave+1","floor":21},{"not_picked":["Uppercut","Clash+1","Dual Wield"],"picked":"Inflame+1","floor":22},{"not_picked":["Headbutt","Blood for Blood","Body Slam","Clash"],"picked":"SKIP","floor":24},{"not_picked":["Carnage","Sever Soul+1","Power Through","Wild Strike+1"],"picked":"SKIP","floor":28},{"not_picked":["Dual Wield","Wild Strike","Perfected Strike","Corruption"],"picked":"SKIP","floor":29},{"not_picked":["Demon Form","Exhume","Impervious"],"picked":"Immolate","floor":33},{"not_picked":["Limit Break","Shrug It Off","Ghostly Armor"],"picked":"Sword Boomerang","floor":35},{"not_picked":["Thunderclap+1","Corruption","Dropkick"],"picked":"Shrug It Off+1","floor":36},{"not_picked":["Master of Strategy","Finesse","Trip"],"picked":"Panache","floor":38},{"not_picked":["Uppercut+1","Rupture","Cleave"],"picked":"Metallicize+1","floor":42},{"not_picked":["Clash","Spot Weakness","Burning Pact+1","Rage"],"picked":"SKIP","floor":48}],"player_experience":449174,"potions_floor_usage":[16,16,16,22,33,33,48,50,50,50,50,50,50,50,50,50,50],"damage_taken":[{"damage":6,"enemies":"Cultist","floor":1,"turns":3},{"damage":0,"enemies":"Small Slimes","floor":2,"turns":3},{"damage":2,"enemies":"2 Louse","floor":4,"turns":3},{"damage":9,"enemies":"Looter","floor":8,"turns":3},{"damage":0,"enemies":"3 Louse","floor":10,"turns":3},{"damage":14,"floor":12,"turns":5},{"damage":2,"enemies":"2 Fungi Beasts","floor":14,"turns":4},{"damage":55,"enemies":"Hexaghost","floor":16,"turns":15},{"damage":5,"enemies":"2 Thieves","floor":18,"turns":4},{"damage":22,"enemies":"Shell Parasite","floor":19,"turns":5},{"damage":36,"enemies":"Snake Plant","floor":21,"turns":4},{"damage":0,"enemies":"Centurion and Healer","floor":22,"turns":5},{"damage":18,"enemies":"Gremlin Leader","floor":24,"turns":4},{"damage":0,"enemies":"Cultist and Chosen","floor":28,"turns":4},{"damage":12,"enemies":"Slavers","floor":29,"turns":5},{"damage":46,"enemies":"Automaton","floor":33,"turns":8},{"damage":0,"enemies":"3 Shapes","floor":35,"turns":2},{"damage":18,"floor":36,"turns":3},{"damage":5,"enemies":"Orb Walker","floor":42,"turns":2},{"damage":15,"enemies":"Sphere and 2 Shapes","floor":48,"turns":4},{"damage":70,"enemies":"Awakened One","floor":50,"turns":8}],"relics_obtained":[{"floor":9,"key":"Question Card"},{"floor":12,"key":"Odd Mushroom"},{"floor":24,"key":"Dodecahedron"},{"floor":26,"key":"The Courier"},{"floor":29,"key":"Peace Pipe"},{"floor":34,"key":"Potion Belt"},{"floor":34,"key":"Meat on the Bone"},{"floor":34,"key":"Bird Faced Urn"},{"floor":36,"key":"Ice Cream"},{"floor":43,"key":"Shuriken"}],"event_choices":[{"event_name":"The Woman in Blue","player_choice":"Bought 0 Potions","floor":3,"damage_taken":0},{"event_name":"Scrap Ooze","player_choice":"success","floor":5,"damage_taken":12},{"event_name":"World of Goop","player_choice":"Gather Gold","floor":7,"damage_taken":0},{"event_name":"Mushrooms","player_choice":"Fought Mushrooms","floor":12,"damage_taken":0},{"event_name":"Shining Light","player_choice":"Entered Light","floor":13,"damage_taken":0},{"event_name":"The Mausoleum","player_choice":"Yes","floor":30,"damage_taken":0},{"event_name":"Drug Dealer","player_choice":"Ignored","floor":31,"damage_taken":0},{"event_name":"Mysterious Sphere","player_choice":"Fight","floor":36,"damage_taken":0},{"event_name":"SensoryStone","player_choice":"Memory 1","floor":38,"damage_taken":0},{"event_name":"The Lab","player_choice":"Got Potions","floor":41,"damage_taken":0},{"event_name":"Falling","player_choice":"Removed Attack","floor":47,"damage_taken":0}],"boss_relics":[{"not_picked":["Empty Cage","Lizard Tail"],"picked":"Fusion Hammer"},{"not_picked":["Mark of Pain","White Beast Statue"],"picked":"Calling Bell"}],"items_purged_floors":[37,39],"is_endless":false,"potions_floor_spawned":[1,10,12,21,24,29,42,48],"seed_played":"-2958703926484229606","ascension_level":0,"potions_obtained":[{"floor":1,"key":"Weak Potion"},{"floor":10,"key":"EssenceOfSteel"},{"floor":12,"key":"GamblersBrew"},{"floor":21,"key":"Poison Potion"},{"floor":24,"key":"Swift Potion"},{"floor":29,"key":"SteroidPotion"},{"floor":41,"key":"EntropicBrew"},{"floor":41,"key":"Energy Potion"},{"floor":41,"key":"Fruit Juice"},{"floor":42,"key":"PowerPotion"},{"floor":48,"key":"GamblersBrew"}],"is_trial":false}