{"gold_per_floor":[15,15,26,44,62,62,91,107,107,72,87,87,107,257,257,328,328,346,29,43,43,43],"floor_reached":22,"playtime":1951,"items_purged":["Doubt"],"score":357,"play_id":"de4e8a72-36ce-43cf-99ba-482facaeef9f","local_time":"20190720021059","is_ascension_mode":true,"campfire_choices":[{"data":"Neutralize","floor":6.0,"key":"SMITH"},{"data":"Riddle With Holes","floor":12.0,"key":"SMITH"},{"data":"Caltrops","floor":15.0,"key":"SMITH"}],"neow_cost":"NO_GOLD","seed_source_timestamp":0,"circlet_count":0,"master_deck":["AscendersBane","Strike_G","Defend_G","Defend_G","Defend_G","Defend_G","Defend_G","Survivor","Neutralize+1","Trip","Blind","Heel Hook","Escape Plan","Riddle With Holes+1","Finisher","Tactician","Endless Agony","Dash","Caltrops+1","A Thousand Cuts","Well Laid Plans+1","Riddle With Holes+1","Leg Sweep+1","Blur","Magnetism+1","Noxious Fumes","Flying Knee"],"special_seed":0,"relics":["Ring of the Snake","Ginger","Turnip","Astrolabe"],"potions_floor_usage":[],"damage_taken":[{"damage":2.0,"enemies":"Jaw Worm","floor":1.0,"turns":4.0},{"damage":0.0,"enemies":"Small Slimes","floor":3.0,"turns":4.0},{"damage":1.0,"enemies":"2 Louse","floor":4.0,"turns":3.0},{"damage":1.0,"enemies":"Red Slaver","floor":5.0,"turns":4.0},{"damage":22.0,"enemies":"Gremlin Nob","floor":7.0,"turns":4.0},{"damage":9.0,"enemies":"3 Louse","floor":8.0,"turns":3.0},{"damage":4.0,"enemies":"Large Slime","floor":11.0,"turns":5.0},{"damage":0.0,"enemies":"Red Slaver","floor":13.0,"turns":3.0},{"damage":27.0,"enemies":"The Guardian","floor":16.0,"turns":10.0},{"damage":6,"enemies":"3 Byrds","floor":18,"turns":5},{"damage":28,"enemies":"Spheric Guardian","floor":20,"turns":5},{"damage":19,"enemies":"Snake Plant","floor":22,"turns":2}],"seed_played":"7229224157496782584","potions_obtained":[{"floor":1.0,"key":"Block Potion"},{"floor":3.0,"key":"Ancient Potion"},{"floor":5.0,"key":"GamblersBrew"},{"floor":8.0,"key":"SpeedPotion"}],"is_trial":false,"path_per_floor":["M","?","M","M","M","R","E","M","T","?","M","R","M","?","R","B",null,"M","$","M","?","M"],"character_chosen":"THE_SILENT","items_purchased":["Magnetism","Noxious Fumes"],"campfire_rested":0,"item_purchase_floors":[19,19],"current_hp_per_floor":[57,57,57,56,55,55,33,24,24,40,36,36,36,36,36,9,52,46,46,18,18,0],"gold":43,"neow_bonus":"RANDOM_COLORLESS_2","is_prod":false,"is_daily":false,"chose_seed":false,"campfire_upgraded":3,"win_rate":0,"timestamp":1563581459,"path_taken":["M","?","M","M","M","R","E","M","T","?","M","R","M","?","R","BOSS","M","$","M","?","?"],"build_version":"2019-07-17","purchased_purges":1,"victory":false,"max_hp_per_floor":[66,66,66,66,66,66,66,66,66,66,66,66,66,66,66,66,66,66,66,66,66,66],"card_choices":[{"not_picked":["Bane","Prepared"],"picked":"Heel Hook","floor":1.0},{"not_picked":["Cloak And Dagger","Slice"],"picked":"Escape Plan","floor":3.0},{"not_picked":["Prepared","All Out Attack"],"picked":"Riddle With Holes","floor":4.0},{"not_picked":["Dagger Spray","Outmaneuver"],"picked":"Finisher","floor":5.0},{"not_picked":["Dagger Throw","Finisher"],"picked":"Tactician","floor":7.0},{"not_picked":["Poisoned Stab","Quick Slash"],"picked":"Endless Agony","floor":8.0},{"not_picked":["Acrobatics","All Out Attack"],"picked":"Dash","floor":11.0},{"not_picked":["Predator","Heel Hook"],"picked":"Caltrops","floor":13.0},{"not_picked":["Night Terror","Doppelganger"],"picked":"A Thousand Cuts","floor":16.0},{"not_picked":["Sucker Punch","Acrobatics"],"picked":"Blur","floor":18},{"not_picked":["Backflip","PiercingWail"],"picked":"Flying Knee","floor":20}],"player_experience":1700863,"relics_obtained":[{"floor":7.0,"key":"Ginger"},{"floor":9.0,"key":"Turnip"}],"event_choices":[{"cards_removed":["Strike_G"],"damage_healed":0.0,"max_hp_gain":0.0,"max_hp_loss":0.0,"gold_gain":0.0,"event_name":"Living Wall","player_choice":"Forget","floor":2.0,"gold_loss":0.0,"damage_taken":0.0},{"damage_healed":16.0,"max_hp_gain":0.0,"max_hp_loss":0.0,"gold_gain":0.0,"event_name":"The Cleric","player_choice":"Healed","floor":10.0,"gold_loss":35.0,"damage_taken":0.0},{"damage_healed":0.0,"max_hp_gain":0.0,"max_hp_loss":0.0,"gold_gain":150.0,"event_name":"Liars Game","player_choice":"AGREE","floor":14.0,"gold_loss":0.0,"damage_taken":0.0,"cards_obtained":["Doubt"]},{"damage_healed":0,"gold_gain":0,"player_choice":"Upgraded","damage_taken":0,"max_hp_gain":0,"max_hp_loss":0,"event_name":"Upgrade Shrine","floor":21,"gold_loss":0,"cards_upgraded":["Magnetism"]}],"is_beta":false,"boss_relics":[{"not_picked":["Pandora\u0027s Box","Tiny House"],"picked":"Astrolabe"}],"items_purged_floors":[19],"is_endless":false,"potions_floor_spawned":[1,3,5,8],"killed_by":"Snake Plant","ascension_level":18}