{"gold_per_floor":[118,193,204,204,204,204,220,282,307,335,34,67,67,82,82,153,203,220,33,50,50,50,50],"floor_reached":23,"playtime":1143,"items_purged":["Strike_G","Strike_G"],"score":355,"play_id":"d93f191d-f790-4498-a3f7-877564555e65","local_time":"20190608213946","is_ascension_mode":true,"campfire_choices":[{"data":"Venomology","floor":6,"key":"SMITH"},{"floor":13,"key":"REST"},{"data":"Choke","floor":15,"key":"SMITH"}],"neow_cost":"NONE","seed_source_timestamp":147123330359400,"circlet_count":0,"master_deck":["AscendersBane","Defend_G","Defend_G","Defend_G","Defend_G+1","Defend_G","Strike_G","Strike_G","Survivor","Neutralize","Venomology+1","Dagger Throw","Blade Dance","Dash","Flying Knee","Well Laid Plans","Escape Plan","Venomology+1","Choke+1","Dodge and Roll","Bullet Time","Acrobatics","Footwork","Leg Sweep","Writhe"],"relics":["Ring of the Snake","Tiny Chest","Blood Vial","Odd Mushroom","DollysMirror","Vajra","Tiny House","Enchiridion","Ornamental Fan"],"potions_floor_usage":[1,7,8,8,10,12,12,12,12,14,16,16,16,16,16,16,16,18,18,20,20,23,23,23,23],"damage_taken":[{"damage":7,"enemies":"Small Slimes","floor":1,"turns":4},{"damage":0,"enemies":"Jaw Worm","floor":3,"turns":6},{"damage":0,"enemies":"Cultist","floor":7,"turns":3},{"damage":15,"enemies":"3 Sentries","floor":8,"turns":9},{"damage":1,"enemies":"The Mushroom Lair","floor":10,"turns":4},{"damage":19,"enemies":"Gremlin Nob","floor":12,"turns":4},{"damage":0,"enemies":"Looter","floor":14,"turns":3},{"damage":16,"enemies":"Hexaghost","floor":16,"turns":9},{"damage":15,"enemies":"3 Byrds","floor":18,"turns":6},{"damage":11,"enemies":"2 Thieves","floor":20,"turns":5},{"damage":31,"enemies":"Gremlin Leader","floor":23,"turns":9}],"seed_played":"-550177449603777817","potions_obtained":[{"floor":8,"key":"Strength Potion"},{"floor":10,"key":"Weak Potion"},{"floor":14,"key":"Fire Potion"},{"floor":17,"key":"Strength Potion"},{"floor":18,"key":"LiquidBronze"}],"is_trial":false,"path_per_floor":["M","?","M","?","?","R","M","E","T","?","$","E","R","M","R","B",null,"M","$","M","?","?","E"],"character_chosen":"THE_SILENT","items_purchased":["DollysMirror","GhostInAJar"],"campfire_rested":1,"item_purchase_floors":[11,19],"current_hp_per_floor":[52,41,41,46,46,46,46,31,31,32,32,15,36,38,38,24,64,51,51,42,21,21,0],"gold":50,"neow_bonus":"ONE_RANDOM_RARE_CARD","is_prod":false,"is_daily":false,"chose_seed":false,"campfire_upgraded":2,"win_rate":0,"timestamp":1560022786,"path_taken":["M","?","M","?","?","R","M","E","T","?","$","E","R","?","R","BOSS","M","?","M","?","?","E"],"build_version":"2019-01-23","purchased_purges":2,"victory":false,"max_hp_per_floor":[66,66,66,71,71,71,71,71,71,71,71,71,71,71,71,71,76,76,76,76,76,76,76],"card_choices":[{"not_picked":["Calculated Gamble","Riddle With Holes"],"picked":"Dagger Throw","floor":1},{"not_picked":["Accuracy","Deflect"],"picked":"Blade Dance","floor":3},{"not_picked":["Infinite Blades","Underhanded Strike"],"picked":"Flying Knee","floor":7},{"not_picked":["Caltrops","Endless Agony"],"picked":"Well Laid Plans","floor":8},{"not_picked":["PiercingWail","Blade Dance"],"picked":"Escape Plan","floor":10},{"not_picked":["Deflect","Storm of Steel"],"picked":"Choke","floor":12},{"not_picked":["Poisoned Stab","Predator"],"picked":"Dodge and Roll","floor":14},{"not_picked":["Grand Finale","Corpse Explosion"],"picked":"Bullet Time","floor":16},{"not_picked":["Flying Knee","Endless Agony"],"picked":"Acrobatics","floor":17},{"not_picked":["Deflect+1","Accuracy"],"picked":"Footwork","floor":18},{"not_picked":["Deadly Poison","Cloak And Dagger"],"picked":"Leg Sweep","floor":20}],"player_experience":1237214,"relics_obtained":[{"floor":8,"key":"Tiny Chest"},{"floor":9,"key":"Blood Vial"},{"floor":10,"key":"Odd Mushroom"},{"floor":12,"key":"Vajra"},{"floor":21,"key":"Enchiridion"}],"event_choices":[{"damage_healed":0,"gold_gain":75,"player_choice":"Gather Gold","damage_taken":11,"max_hp_gain":0,"max_hp_loss":0,"event_name":"World of Goop","floor":2,"gold_loss":0},{"damage_healed":0,"gold_gain":0,"player_choice":"Donut","damage_taken":0,"max_hp_gain":5,"max_hp_loss":0,"event_name":"Big Fish","floor":4,"gold_loss":0},{"damage_healed":0,"gold_gain":0,"cards_transformed":["Strike_G"],"player_choice":"Change","damage_taken":0,"max_hp_gain":0,"max_hp_loss":0,"event_name":"Living Wall","floor":5,"gold_loss":0,"cards_obtained":["Dash"]},{"damage_healed":0,"gold_gain":0,"player_choice":"Fought Mushrooms","damage_taken":0,"max_hp_gain":0,"max_hp_loss":0,"event_name":"Mushrooms","floor":10,"gold_loss":0},{"damage_healed":0,"gold_gain":0,"player_choice":"Obtained Book","damage_taken":21,"max_hp_gain":0,"max_hp_loss":0,"event_name":"Cursed Tome","floor":21,"gold_loss":0},{"damage_healed":0,"gold_gain":0,"player_choice":"Opened","damage_taken":0,"relics_obtained":["Ornamental Fan"],"max_hp_gain":0,"max_hp_loss":0,"event_name":"The Mausoleum","floor":22,"gold_loss":0,"cards_obtained":["Writhe"]}],"is_beta":false,"boss_relics":[{"not_picked":["Ectoplasm","HoveringKite"],"picked":"Tiny House"}],"items_purged_floors":[11,19],"is_endless":false,"potions_floor_spawned":[8,10,14,18],"killed_by":"Gremlin Leader","ascension_level":16}