{"gold_per_floor":[113,128,278,48,98,98,130,130,153,166,166,181,210,229,229,229],"floor_reached":16,"playtime":522,"items_purged":["Doubt"],"score":204,"play_id":"ad6ff5bb-3193-4745-bec6-c2436bbfbaf1","local_time":"20190701074336","is_ascension_mode":true,"campfire_choices":[{"data":"Bash","floor":6,"key":"SMITH"},{"data":"Clothesline","floor":8,"key":"SMITH"},{"data":"Double Tap","floor":11,"key":"SMITH"},{"data":"Armaments","floor":15,"key":"SMITH"}],"neow_cost":"NONE","seed_source_timestamp":1150414735486000,"circlet_count":0,"master_deck":["AscendersBane","Strike_R+1","Strike_R","Strike_R","Strike_R","Defend_R","Defend_R","Defend_R","Defend_R","Bash+1","Iron Wave+1","Clothesline+1","Double Tap+1","Infernal Blade","Heavy Blade","Metallicize","Armaments+1"],"relics":["Burning Blood","Smiling Mask","Whetstone","Paper Frog"],"potions_floor_usage":[7,13,14],"damage_taken":[{"damage":4,"enemies":"Jaw Worm","floor":1,"turns":4},{"damage":6,"enemies":"Small Slimes","floor":2,"turns":5},{"damage":50,"enemies":"3 Sentries","floor":7,"turns":10},{"damage":0,"enemies":"Cultist","floor":10,"turns":2},{"damage":7,"enemies":"3 Louse","floor":12,"turns":4},{"damage":16,"enemies":"Gremlin Nob","floor":13,"turns":3},{"damage":0,"enemies":"Exordium Wildlife","floor":14,"turns":3},{"damage":20,"enemies":"Hexaghost","floor":16,"turns":9}],"seed_played":"3752884108235740958","potions_obtained":[{"floor":2,"key":"Strength Potion"},{"floor":7,"key":"SteroidPotion"},{"floor":12,"key":"SteroidPotion"}],"is_trial":false,"path_per_floor":["M","M","?","$","?","R","E","R","T","M","R","M","E","M","R","B"],"character_chosen":"IRONCLAD","items_purchased":["Double Tap"],"campfire_rested":0,"item_purchase_floors":[4],"current_hp_per_floor":[70,70,70,70,63,63,19,19,19,25,25,24,14,20,20,0],"gold":229,"neow_bonus":"REMOVE_CARD","is_prod":false,"is_daily":false,"chose_seed":false,"campfire_upgraded":4,"win_rate":0,"timestamp":1561959816,"path_taken":["M","M","?","$","?","R","E","R","T","M","R","M","E","M","R","BOSS"],"build_version":"2019-01-23","purchased_purges":1,"victory":false,"max_hp_per_floor":[75,75,75,75,75,75,75,75,75,75,75,75,75,75,75,75],"card_choices":[{"not_picked":["Clothesline","Entrench"],"picked":"Iron Wave","floor":1},{"not_picked":["Reckless Charge","Twin Strike"],"picked":"Clothesline","floor":2},{"not_picked":["Perfected Strike","Hemokinesis"],"picked":"Infernal Blade","floor":7},{"not_picked":["Cleave","Dropkick","Perfected Strike"],"picked":"SKIP","floor":10},{"not_picked":["Wild Strike","Iron Wave"],"picked":"Heavy Blade","floor":12},{"not_picked":["Reckless Charge","Dual Wield"],"picked":"Metallicize","floor":13},{"not_picked":["Cleave","Wild Strike"],"picked":"Armaments","floor":14}],"player_experience":1530727,"relics_obtained":[{"floor":7,"key":"Smiling Mask"},{"floor":9,"key":"Whetstone"},{"floor":13,"key":"Paper Frog"}],"event_choices":[{"damage_healed":0,"gold_gain":150,"player_choice":"AGREE","damage_taken":0,"max_hp_gain":0,"max_hp_loss":0,"event_name":"Liars Game","floor":3,"gold_loss":0,"cards_obtained":["Doubt"]},{"damage_healed":0,"gold_gain":50,"player_choice":"Touch","damage_taken":7,"max_hp_gain":0,"max_hp_loss":0,"event_name":"FaceTrader","floor":5,"gold_loss":0}],"is_beta":false,"boss_relics":[],"items_purged_floors":[4],"is_endless":false,"potions_floor_spawned":[2,7,12],"killed_by":"Hexaghost","ascension_level":17}