{"gold_per_floor":[116,191,191,204,26,26,51,51,74,105,105,105,132,195,195,269,269,284,98,98,98,98,130,0,0,80,98,98,115,115,15,15,15],"floor_reached":33,"playtime":1047,"items_purged":["Strike_R","Defend_R"],"score":580,"play_id":"b3f0949a-e9a7-4922-a713-90239e7c7e95","local_time":"20190707221733","is_ascension_mode":true,"campfire_choices":[{"data":"Apotheosis","floor":6,"key":"SMITH"},{"floor":8,"key":"REST"},{"floor":12,"key":"REST"},{"floor":15,"key":"REST"},{"floor":25,"key":"REST"},{"floor":28,"key":"REST"},{"floor":32,"key":"REST"}],"neow_cost":"NONE","seed_source_timestamp":132039185413300,"circlet_count":0,"master_deck":["AscendersBane","Defend_R","Defend_R","Defend_R+1","Bash","Feel No Pain","Uppercut","Apotheosis+1","Shockwave","True Grit","Juggernaut","True Grit","Offering","Spot Weakness","Rage","Headbutt","Dark Embrace","Bite","Bite","Bite","Bite","Bite","Feel No Pain","Shockwave","Feed"],"relics":["Burning Blood","Juzu Bracelet","Orichalcum","Self Forming Clay","Charon\u0027s Ashes","StoneCalendar","White Beast Statue","Nloth\u0027s Gift","Matryoshka","Red Skull","Shuriken","Enchiridion"],"potions_floor_usage":[10,13,14,23,29,33],"damage_taken":[{"damage":0,"enemies":"Small Slimes","floor":1,"turns":2},{"damage":0,"enemies":"Cultist","floor":4,"turns":1},{"damage":0,"enemies":"Lagavulin","floor":7,"turns":1},{"damage":10,"enemies":"3 Sentries","floor":10,"turns":10},{"damage":21,"enemies":"Gremlin Nob","floor":13,"turns":4},{"damage":17,"enemies":"Gremlin Nob","floor":14,"turns":4},{"damage":11,"enemies":"Slime Boss","floor":16,"turns":7},{"damage":13,"enemies":"3 Byrds","floor":18,"turns":6},{"damage":59,"enemies":"Slavers","floor":23,"turns":7},{"damage":28,"enemies":"Shell Parasite","floor":27,"turns":6},{"damage":9,"enemies":"Cultist and Chosen","floor":29,"turns":7},{"damage":34,"enemies":"Automaton","floor":33,"turns":4}],"seed_played":"-6077222444668631734","potions_obtained":[{"floor":1,"key":"Swift Potion"},{"floor":4,"key":"Block Potion"},{"floor":10,"key":"Ancient Potion"},{"floor":18,"key":"Explosive Potion"},{"floor":23,"key":"FearPotion"},{"floor":27,"key":"Energy Potion"},{"floor":29,"key":"EssenceOfSteel"}],"is_trial":false,"path_per_floor":["M","?","?","M","$","R","E","R","T","E","?","R","E","?","R","B",null,"M","$","?","?","?","E","?","R","T","M","R","M","?","$","R","B"],"character_chosen":"IRONCLAD","items_purchased":["Apotheosis","Rage","Headbutt"],"campfire_rested":6,"item_purchase_floors":[5,19,19],"current_hp_per_floor":[74,63,40,46,46,46,52,74,74,70,59,75,60,49,71,66,73,66,66,66,66,52,11,11,26,26,13,28,37,16,16,31,0],"gold":15,"neow_bonus":"THREE_ENEMY_KILL","is_prod":false,"is_daily":false,"chose_seed":false,"campfire_upgraded":1,"win_rate":0,"timestamp":1562530653,"path_taken":["M","?","?","M","$","R","E","R","T","E","?","R","E","?","R","BOSS","M","$","?","?","?","E","?","R","T","M","R","M","?","?","R","BOSS"],"build_version":"2019-07-05","purchased_purges":2,"victory":false,"max_hp_per_floor":[75,75,75,75,75,75,75,75,75,75,75,75,75,75,75,75,75,75,75,75,75,52,52,52,52,52,52,52,52,52,52,52,52],"card_choices":[{"not_picked":["Hemokinesis","Twin Strike"],"picked":"Feel No Pain","floor":1},{"not_picked":["Iron Wave","Clash"],"picked":"Uppercut","floor":4},{"not_picked":["Headbutt","Disarm"],"picked":"Shockwave","floor":7},{"not_picked":["Iron Wave","Dark Embrace"],"picked":"True Grit","floor":10},{"not_picked":["Iron Wave","Armaments"],"picked":"Juggernaut","floor":13},{"not_picked":["Havoc","Twin Strike"],"picked":"True Grit","floor":14},{"not_picked":["Exhume","Brutality"],"picked":"Offering","floor":16},{"not_picked":["Fire Breathing","Entrench"],"picked":"Spot Weakness","floor":18},{"not_picked":["Impervious","Brutality"],"picked":"Feel No Pain","floor":23},{"not_picked":["Hemokinesis","Perfected Strike"],"picked":"Shockwave","floor":27},{"not_picked":["Shrug It Off","Ghostly Armor"],"picked":"Feed","floor":29}],"player_experience":1631568,"relics_obtained":[{"floor":7,"key":"Juzu Bracelet"},{"floor":9,"key":"Orichalcum"},{"floor":10,"key":"Self Forming Clay"},{"floor":13,"key":"Charon\u0027s Ashes"},{"floor":14,"key":"StoneCalendar"},{"floor":23,"key":"Matryoshka"},{"floor":26,"key":"Red Skull"},{"floor":26,"key":"Shuriken"},{"floor":30,"key":"Enchiridion"}],"event_choices":[{"damage_healed":0,"gold_gain":75,"player_choice":"Gather Gold","damage_taken":11,"max_hp_gain":0,"max_hp_loss":0,"event_name":"World of Goop","floor":2,"gold_loss":0},{"damage_healed":0,"gold_gain":0,"player_choice":"Entered Light","damage_taken":23,"max_hp_gain":0,"max_hp_loss":0,"event_name":"Shining Light","floor":3,"gold_loss":0,"cards_upgraded":["Defend_R","Strike_R"]},{"damage_healed":0,"gold_gain":0,"player_choice":"Damaged","damage_taken":11,"max_hp_gain":0,"max_hp_loss":0,"event_name":"Wheel of Change","floor":11,"gold_loss":0},{"damage_healed":0,"gold_gain":0,"player_choice":"Searched \u00272\u0027 times","damage_taken":0,"max_hp_gain":0,"max_hp_loss":0,"event_name":"Dead Adventurer","floor":14,"gold_loss":0},{"damage_healed":0,"gold_gain":0,"player_choice":"Traded Relic","damage_taken":0,"relics_obtained":["Nloth\u0027s Gift"],"max_hp_gain":0,"max_hp_loss":0,"event_name":"N\u0027loth","floor":20,"relics_lost":["NeowsBlessing"],"gold_loss":0},{"damage_healed":0,"gold_gain":0,"cards_transformed":["Strike_R"],"player_choice":"Transformed","damage_taken":0,"max_hp_gain":0,"max_hp_loss":0,"event_name":"Transmorgrifier","floor":21,"gold_loss":0,"cards_obtained":["Dark Embrace"]},{"damage_healed":0,"gold_gain":0,"player_choice":"Became a vampire","damage_taken":0,"max_hp_gain":0,"max_hp_loss":23,"event_name":"Vampires","floor":22,"gold_loss":0,"cards_obtained":["Bite","Bite","Bite","Bite","Bite"]},{"damage_healed":0,"gold_gain":0,"player_choice":"Paid Fearfully","damage_taken":0,"max_hp_gain":0,"max_hp_loss":0,"event_name":"Masked Bandits","floor":24,"gold_loss":130},{"damage_healed":0,"gold_gain":0,"player_choice":"Obtained Book","damage_taken":21,"max_hp_gain":0,"max_hp_loss":0,"event_name":"Cursed Tome","floor":30,"gold_loss":0}],"is_beta":false,"boss_relics":[{"not_picked":["Coffee Dripper","Velvet Choker"],"picked":"White Beast Statue"}],"items_purged_floors":[19,31],"is_endless":false,"potions_floor_spawned":[1,4,7,10,18,23,27,29],"killed_by":"Automaton","ascension_level":17}