{"gold_per_floor":[111,122,172,187,197,224,224,256,283,283,303,364,364,375,375,454,454,466,5,5,23,23,50,50,60,60,8,24,24,10,45,45,45],"floor_reached":33,"playtime":1063,"items_purged":["Shame"],"score":575,"play_id":"dbaf2bd5-41a4-4465-a8f3-3957ae7dd348","local_time":"20181205223719","is_ascension_mode":true,"campfire_choices":[{"floor":7.0,"key":"REST"},{"floor":10.0,"key":"REST"},{"data":"Bouncing Flask","floor":13.0,"key":"SMITH"},{"floor":15.0,"key":"REST"},{"data":"1","floor":24.0,"key":"LIFT"},{"data":"2","floor":32.0,"key":"LIFT"}],"neow_cost":"NONE","seed_source_timestamp":0,"circlet_count":0,"master_deck":["AscendersBane","Survivor","Neutralize","Sucker Punch","Bouncing Flask+1","Skewer","Flying Knee","Acrobatics","Leg Sweep","Tactician","Acrobatics","Glass Knife","Dagger Throw","Sucker Punch","Calculated Gamble","Endless Agony","Deadly Poison","Slice","Blade Dance","Dagger Spray","Backstab","Outmaneuver","All Out Attack","Dodge and Roll","Deadly Poison","Prepared+1","Dodge and Roll+1","Bane","Dagger Throw+1","Dagger Spray","PiercingWail"],"special_seed":0,"relics":["Busted Crown","Oddly Smooth Stone","Blood Vial","Vajra","Lantern","Pandora\u0027s Box","Membership Card","Meat on the Bone","Snake Skull","PreservedInsect","Girya","Ninja Scroll","Molten Egg 2"],"potions_floor_usage":[33],"damage_taken":[{"damage":0.0,"enemies":"2 Louse","floor":1.0,"turns":3.0},{"damage":0.0,"enemies":"Cultist","floor":2.0,"turns":4.0},{"damage":0.0,"enemies":"Jaw Worm","floor":4.0,"turns":3.0},{"damage":8.0,"enemies":"Blue Slaver","floor":5.0,"turns":3.0},{"damage":36.0,"enemies":"Gremlin Nob","floor":6.0,"turns":4.0},{"damage":11.0,"enemies":"Lagavulin","floor":8.0,"turns":6.0},{"damage":2.0,"enemies":"2 Fungi Beasts","floor":11.0,"turns":3.0},{"damage":0.0,"enemies":"Gremlin Nob","floor":12.0,"turns":3.0},{"damage":13.0,"enemies":"Exordium Wildlife","floor":14.0,"turns":4.0},{"damage":44.0,"enemies":"Slime Boss","floor":16.0,"turns":11.0},{"damage":0.0,"enemies":"Spheric Guardian","floor":18.0,"turns":3.0},{"damage":15.0,"enemies":"Colosseum Slavers","floor":20.0,"turns":3.0},{"damage":4.0,"enemies":"Chosen","floor":21.0,"turns":5.0},{"damage":5.0,"enemies":"Gremlin Leader","floor":23.0,"turns":4.0},{"damage":0.0,"enemies":"Centurion and Healer","floor":25.0,"turns":3.0},{"damage":6.0,"enemies":"Snecko","floor":28.0,"turns":3.0},{"damage":3.0,"enemies":"Slavers","floor":31.0,"turns":2.0},{"damage":24,"enemies":"Automaton","floor":33,"turns":4}],"seed_played":"2751309695887388603","potions_obtained":[{"floor":2.0,"key":"Explosive Potion"},{"floor":5.0,"key":"SpeedPotion"},{"floor":8.0,"key":"Fire Potion"},{"floor":16.0,"key":"Dexterity Potion"},{"floor":21.0,"key":"Weak Potion"},{"floor":28.0,"key":"SteroidPotion"},{"floor":31.0,"key":"SpeedPotion"}],"is_trial":false,"path_per_floor":["M","M","?","M","M","E","R","E","T","R","M","?","R","M","R","B",null,"M","$","?","M","?","E","R","M","T","$","M","$","$","E","R","B"],"character_chosen":"THE_SILENT","items_purchased":["Membership Card","Meat on the Bone","Snake Skull","Dodge and Roll","Bane","Dagger Spray"],"campfire_rested":3,"item_purchase_floors":[19,19,19,19,27,30],"current_hp_per_floor":[59,59,53,53,45,9,28,17,17,36,36,38,38,27,46,4,51,53,53,40,38,38,35,35,37,37,37,45,45,45,44,44,22],"gold":45,"neow_bonus":"BOSS_RELIC","is_prod":false,"is_daily":false,"chose_seed":false,"campfire_upgraded":1,"win_rate":0,"timestamp":1544045839,"path_taken":["M","M","?","M","?","E","R","E","T","R","M","?","R","M","R","BOSS","M","$","?","M","?","E","R","M","T","?","M","?","$","E","R","BOSS"],"build_version":"2018-11-15","purchased_purges":1,"victory":false,"max_hp_per_floor":[66,66,66,66,66,66,66,66,66,66,66,66,66,66,66,66,66,66,66,66,66,66,66,66,66,66,66,66,66,66,66,66,66],"card_choices":[{"not_picked":[],"picked":"Sucker Punch","floor":1.0},{"not_picked":[],"picked":"Bouncing Flask","floor":2.0},{"not_picked":[],"picked":"Skewer","floor":4.0},{"not_picked":[],"picked":"Flying Knee","floor":5.0},{"not_picked":[],"picked":"Acrobatics","floor":6.0},{"not_picked":[],"picked":"Leg Sweep","floor":8.0},{"not_picked":[],"picked":"Tactician","floor":11.0},{"not_picked":[],"picked":"Acrobatics","floor":14.0},{"not_picked":[],"picked":"Glass Knife","floor":16.0},{"not_picked":[],"picked":"All Out Attack","floor":18.0},{"not_picked":[],"picked":"Deadly Poison","floor":21.0},{"not_picked":[],"picked":"Prepared+1","floor":23.0},{"not_picked":[],"picked":"Dodge and Roll+1","floor":25.0},{"not_picked":[],"picked":"Dagger Throw+1","floor":28.0},{"not_picked":[],"picked":"PiercingWail","floor":31.0}],"player_experience":516392,"relics_obtained":[{"floor":6.0,"key":"Oddly Smooth Stone"},{"floor":8.0,"key":"Blood Vial"},{"floor":9.0,"key":"Vajra"},{"floor":12.0,"key":"Lantern"},{"floor":23.0,"key":"Girya"},{"floor":26.0,"key":"Ninja Scroll"},{"floor":31.0,"key":"Molten Egg 2"}],"event_choices":[{"damage_healed":0.0,"max_hp_gain":0.0,"max_hp_loss":0.0,"gold_gain":50.0,"event_name":"FaceTrader","player_choice":"Touch","floor":3.0,"gold_loss":0.0,"damage_taken":6.0},{"damage_healed":0.0,"max_hp_gain":0.0,"max_hp_loss":0.0,"gold_gain":0.0,"event_name":"Dead Adventurer","player_choice":"Searched \u00271\u0027 times","floor":12.0,"gold_loss":0.0,"damage_taken":0.0},{"damage_healed":0.0,"max_hp_gain":0.0,"max_hp_loss":0.0,"gold_gain":0.0,"event_name":"Colosseum","player_choice":"Fight","floor":20.0,"gold_loss":0.0,"damage_taken":0.0},{"damage_healed":0.0,"max_hp_gain":0.0,"max_hp_loss":0.0,"gold_gain":0.0,"event_name":"Colosseum","player_choice":"Fled From Nobs","floor":20.0,"gold_loss":0.0,"damage_taken":0.0},{"damage_healed":0.0,"max_hp_gain":0.0,"max_hp_loss":0.0,"gold_gain":0.0,"event_name":"Addict","player_choice":"Stole Relic","floor":22.0,"gold_loss":0.0,"damage_taken":0.0,"relics_obtained":["PreservedInsect"],"cards_obtained":["Shame"]}],"is_beta":false,"boss_relics":[{"not_picked":["Black Star","Ectoplasm"],"picked":"Pandora\u0027s Box"}],"items_purged_floors":[27],"is_endless":false,"potions_floor_spawned":[2,5,6,8,16,21,28,31],"killed_by":"Automaton","ascension_level":19}