{"gold_per_floor":[116,116,131,27,44,69,69,69,69,69,90,122,36,54,54,132,132,142,158,31,47,47],"floor_reached":22,"playtime":809,"items_purged":["Strike_G"],"score":349,"play_id":"f0fd2e05-420f-43a2-98f5-0d12e0b02d8b","local_time":"20190616075236","is_ascension_mode":true,"campfire_choices":[{"data":"Neutralize","floor":7,"key":"SMITH"},{"data":"Crippling Poison","floor":10,"key":"SMITH"},{"data":"Caltrops","floor":15,"key":"SMITH"}],"neow_cost":"NONE","seed_source_timestamp":372552911410200,"circlet_count":0,"master_deck":["AscendersBane","Survivor","Neutralize+1","Dagger Spray","Neutralize+1","Poisoned Stab","Flying Knee","Poisoned Stab+1","Crippling Poison+1","Deadly Poison","Caltrops+1","Well Laid Plans","Predator","Envenom","Bouncing Flask","Blade Dance","Bullet Time","Acrobatics","A Thousand Cuts","Blade Dance","Reflex","Footwork","Backstab","Acrobatics","Finisher","Madness","Calculated Gamble","Caltrops+1"],"special_seed":0,"relics":["Ring of the Snake","NeowsBlessing","Tough Bandages","Matryoshka","Whetstone","Torii","Odd Mushroom","Pear","Pandora\u0027s Box"],"potions_floor_usage":[12,18,21,22],"damage_taken":[{"damage":0.0,"enemies":"2 Louse","floor":1.0,"turns":1.0},{"damage":0.0,"enemies":"Cultist","floor":3.0,"turns":1.0},{"damage":0.0,"enemies":"Jaw Worm","floor":5.0,"turns":1.0},{"damage":14.0,"enemies":"3 Sentries","floor":6.0,"turns":7.0},{"damage":2,"enemies":"The Mushroom Lair","floor":11,"turns":2},{"damage":16,"enemies":"Lagavulin","floor":12,"turns":5},{"damage":0,"enemies":"Exordium Wildlife","floor":14,"turns":2},{"damage":7,"enemies":"Hexaghost","floor":16,"turns":8},{"damage":8,"enemies":"Spheric Guardian","floor":18,"turns":3},{"damage":14,"enemies":"Chosen","floor":19,"turns":5},{"damage":37,"enemies":"Sentry and Sphere","floor":21,"turns":5},{"damage":7,"enemies":"3 Cultists","floor":22,"turns":3}],"seed_played":"2632540750334800418","potions_obtained":[{"floor":5.0,"key":"Fire Potion"},{"floor":6.0,"key":"PowerPotion"},{"floor":16,"key":"SkillPotion"},{"floor":19,"key":"SkillPotion"},{"floor":21,"key":"GamblersBrew"}],"is_trial":false,"path_per_floor":["M","?","M","$","M","E","R","?","T","R","?","E","$","M","R","B",null,"M","M","$","M","M"],"character_chosen":"THE_SILENT","items_purchased":["Flying Knee","Well Laid Plans","Madness","Calculated Gamble"],"campfire_rested":0,"item_purchase_floors":[4,13,20,20],"current_hp_per_floor":[59,59,59,59,59,45,45,27,27,27,25,19,19,19,19,12,60,52,38,38,1,0],"gold":47,"neow_bonus":"THREE_ENEMY_KILL","is_prod":false,"is_daily":false,"chose_seed":false,"campfire_upgraded":3,"win_rate":0,"timestamp":1560664356,"path_taken":["M","?","M","$","?","E","R","?","T","R","?","E","?","M","R","BOSS","M","M","$","M","M"],"build_version":"2019-01-23","purchased_purges":1,"victory":false,"max_hp_per_floor":[66,66,66,66,66,66,66,66,66,66,66,76,76,76,76,76,76,76,76,76,76,76],"card_choices":[{"not_picked":["PiercingWail","Outmaneuver"],"picked":"Dagger Spray","floor":1.0},{"not_picked":["Choke","Quick Slash"],"picked":"Poisoned Stab","floor":3.0},{"not_picked":["Outmaneuver","Dagger Spray"],"picked":"Poisoned Stab","floor":5.0},{"not_picked":["All Out Attack","Terror"],"picked":"Crippling Poison","floor":6.0},{"not_picked":["Setup","Reflex"],"picked":"Deadly Poison","floor":11},{"not_picked":["Distraction","Terror"],"picked":"Caltrops","floor":12},{"not_picked":["Prepared","Flying Knee"],"picked":"Predator","floor":14},{"not_picked":["Grand Finale","Phantasmal Killer"],"picked":"Envenom","floor":16},{"not_picked":["Underhanded Strike","Concentrate"],"picked":"Acrobatics","floor":18},{"not_picked":["Deadly Poison","Acrobatics"],"picked":"Finisher","floor":19},{"not_picked":["Slice","Sucker Punch"],"picked":"Caltrops+1","floor":21}],"player_experience":1370682,"relics_obtained":[{"floor":6.0,"key":"Tough Bandages"},{"floor":9,"key":"Whetstone"},{"floor":9,"key":"Torii"},{"floor":11,"key":"Odd Mushroom"},{"floor":12,"key":"Pear"}],"event_choices":[{"damage_healed":0.0,"max_hp_gain":0.0,"max_hp_loss":0.0,"gold_gain":0.0,"event_name":"Match and Keep!","player_choice":"1 cards matched","floor":2.0,"gold_loss":0.0,"damage_taken":0.0,"cards_obtained":["Neutralize"]},{"damage_healed":0,"gold_gain":0,"player_choice":"Success","damage_taken":18,"relics_obtained":["Matryoshka"],"max_hp_gain":0,"max_hp_loss":0,"event_name":"Scrap Ooze","floor":8,"gold_loss":0},{"damage_healed":0,"gold_gain":0,"player_choice":"Fought Mushrooms","damage_taken":0,"max_hp_gain":0,"max_hp_loss":0,"event_name":"Mushrooms","floor":11,"gold_loss":0}],"is_beta":false,"boss_relics":[{"not_picked":["Cursed Key","Sozu"],"picked":"Pandora\u0027s Box"}],"items_purged_floors":[4],"is_endless":false,"potions_floor_spawned":[5,6,16,19,21],"killed_by":"3 Cultists","ascension_level":16}