{"gold_per_floor":[110,121,18,37,52,52,79,79,79,79,92,106,106,106,106,185,185,199,199,215,215],"floor_reached":21,"playtime":4685,"items_purged":["Strike_R"],"score":326,"play_id":"94b9e898-d44f-4093-8210-d542fdaff3fe","local_time":"20190526191551","is_ascension_mode":true,"campfire_choices":[{"data":"Bash","floor":6,"key":"SMITH"},{"data":"Demon Form","floor":8,"key":"SMITH"},{"data":"Flex","floor":13,"key":"SMITH"},{"data":"Anger","floor":15,"key":"SMITH"}],"neow_cost":"NONE","seed_source_timestamp":1104897448171300,"circlet_count":0,"master_deck":["AscendersBane","Strike_R","Defend_R","Defend_R","Defend_R","Defend_R","Bash+1","Reaper","Flame Barrier","Anger+1","Flex+1","Iron Wave","Clash","Demon Form+1","Heavy Blade","Heavy Blade","Impervious","Barricade"],"relics":["Burning Blood","Smiling Mask","Anchor","Mummified Hand","Busted Crown"],"potions_floor_usage":[7,16,16,21,21],"damage_taken":[{"damage":7,"enemies":"2 Louse","floor":1,"turns":3},{"damage":19,"enemies":"Jaw Worm","floor":2,"turns":4},{"damage":0,"enemies":"Cultist","floor":4,"turns":4},{"damage":11,"enemies":"Looter","floor":5,"turns":3},{"damage":25,"enemies":"3 Sentries","floor":7,"turns":9},{"damage":16,"enemies":"Large Slime","floor":11,"turns":6},{"damage":21,"enemies":"Blue Slaver","floor":12,"turns":5},{"damage":2,"enemies":"Hexaghost","floor":16,"turns":6},{"damage":27,"enemies":"Spheric Guardian","floor":18,"turns":4},{"damage":14,"enemies":"Shell Parasite","floor":20,"turns":4},{"damage":59,"enemies":"Masked Bandits","floor":21,"turns":5}],"seed_played":"-8277976565337040227","potions_obtained":[{"floor":1,"key":"PowerPotion"},{"floor":7,"key":"Fruit Juice"},{"floor":12,"key":"Block Potion"},{"floor":16,"key":"FairyPotion"},{"floor":18,"key":"Weak Potion"},{"floor":20,"key":"SneckoOil"}],"is_trial":false,"path_per_floor":["M","M","$","M","M","R","E","R","T","?","M","M","R","?","R","B",null,"M","?","M","?"],"character_chosen":"IRONCLAD","items_purchased":["Flex"],"campfire_rested":0,"item_purchase_floors":[3],"current_hp_per_floor":[75,62,62,68,69,69,61,61,61,43,39,30,30,30,30,34,69,48,48,51,0],"gold":215,"neow_bonus":"TRANSFORM_CARD","is_prod":false,"is_daily":false,"chose_seed":false,"campfire_upgraded":4,"win_rate":0,"timestamp":1558890951,"path_taken":["M","M","$","M","M","R","E","R","T","?","M","M","R","?","R","BOSS","M","?","?","?"],"build_version":"2019-01-23","purchased_purges":1,"victory":false,"max_hp_per_floor":[75,75,75,75,75,75,80,80,80,80,80,80,80,80,80,80,80,80,80,80,80],"card_choices":[{"not_picked":["Fire Breathing","Clothesline"],"picked":"Flame Barrier","floor":1},{"not_picked":["Sword Boomerang","Perfected Strike"],"picked":"Anger","floor":2},{"not_picked":["Flex","True Grit"],"picked":"Iron Wave","floor":4},{"not_picked":["Perfected Strike","Warcry"],"picked":"Clash","floor":5},{"not_picked":["Thunderclap","Flex"],"picked":"Demon Form","floor":7},{"not_picked":["Cleave","Shockwave"],"picked":"Heavy Blade","floor":11},{"not_picked":["Flex","Twin Strike"],"picked":"Heavy Blade","floor":12},{"not_picked":["Exhume","Demon Form"],"picked":"Barricade","floor":16},{"not_picked":["Twin Strike"],"picked":"SKIP","floor":18},{"not_picked":["Thunderclap"],"picked":"SKIP","floor":20}],"player_experience":1209334,"relics_obtained":[{"floor":7,"key":"Smiling Mask"},{"floor":9,"key":"Anchor"}],"event_choices":[{"damage_healed":0,"gold_gain":0,"player_choice":"Success","damage_taken":18,"relics_obtained":["Mummified Hand"],"max_hp_gain":0,"max_hp_loss":0,"event_name":"Scrap Ooze","floor":10,"gold_loss":0},{"damage_healed":0,"gold_gain":0,"cards_transformed":["Strike_R"],"player_choice":"Change","damage_taken":0,"max_hp_gain":0,"max_hp_loss":0,"event_name":"Living Wall","floor":14,"gold_loss":0,"cards_obtained":["Impervious"]},{"cards_removed":["Strike_R"],"damage_healed":0,"gold_gain":0,"player_choice":"Purged","damage_taken":0,"max_hp_gain":0,"max_hp_loss":0,"event_name":"Purifier","floor":19,"gold_loss":0},{"damage_healed":0,"gold_gain":0,"player_choice":"Fought Bandits","damage_taken":0,"max_hp_gain":0,"max_hp_loss":0,"event_name":"Masked Bandits","floor":21,"gold_loss":0}],"is_beta":false,"boss_relics":[{"not_picked":["Mark of Pain","Fusion Hammer"],"picked":"Busted Crown"}],"items_purged_floors":[3],"is_endless":false,"potions_floor_spawned":[1,7,12,16,18,20],"killed_by":"Masked Bandits","ascension_level":16}