{"gold_per_floor":[213,213,228,57,57,88,107,145,217,36,61,61,101,116,116,214,214,235,20,44,60,60],"floor_reached":22,"playtime":1425,"items_purged":["Injury","Strike_G","Strike_G"],"score":361,"play_id":"5dac5376-5b9f-4337-bcac-dcd7f738c12a","local_time":"20190420155340","is_ascension_mode":true,"campfire_choices":[{"floor":12,"key":"REST"},{"data":"Storm of Steel","floor":15,"key":"SMITH"}],"neow_cost":"NONE","seed_source_timestamp":1127853047900,"circlet_count":0,"master_deck":["AscendersBane","Defend_G","Defend_G","Defend_G","Defend_G","Defend_G","Strike_G","Strike_G","Survivor","Neutralize","Dagger Spray","Dodge and Roll","Well Laid Plans","Flying Knee","Storm of Steel+1","Dagger Throw","Skewer","Unload","Leg Sweep","Tactician","Crippling Poison","Accuracy","Wraith Form v2","Sucker Punch+1","Enlightenment","Noxious Fumes+1","Prepared"],"relics":["Ring of the Snake","Golden Idol","Bird Faced Urn","Blood Vial","Shuriken","Art of War","Velvet Choker"],"potions_floor_usage":[6,11,18,20],"damage_taken":[{"damage":0,"enemies":"2 Louse","floor":1,"turns":4},{"damage":0,"enemies":"Small Slimes","floor":3,"turns":3},{"damage":27,"enemies":"3 Sentries","floor":6,"turns":10},{"damage":0,"enemies":"Jaw Worm","floor":7,"turns":4},{"damage":31,"enemies":"Gremlin Nob","floor":8,"turns":4},{"damage":6,"enemies":"Exordium Wildlife","floor":11,"turns":2},{"damage":15,"enemies":"3 Sentries","floor":13,"turns":8},{"damage":22,"enemies":"Exordium Thugs","floor":14,"turns":4},{"damage":5,"enemies":"Hexaghost","floor":16,"turns":11},{"damage":12,"enemies":"Chosen","floor":18,"turns":5},{"damage":9,"enemies":"3 Byrds","floor":20,"turns":7},{"damage":40,"enemies":"Shelled Parasite and Fungi","floor":21,"turns":7},{"damage":23,"enemies":"Colosseum Slavers","floor":22,"turns":3}],"seed_played":"-2663195090425608972","potions_obtained":[{"floor":1,"key":"Regen Potion"},{"floor":7,"key":"Explosive Potion"},{"floor":14,"key":"SpeedPotion"},{"floor":16,"key":"SteroidPotion"}],"is_trial":false,"path_per_floor":["M","?","M","$","?","E","M","E","T","$","M","R","E","M","R","B",null,"M","$","M","M","?"],"character_chosen":"THE_SILENT","items_purchased":["Well Laid Plans","Flying Knee","Leg Sweep","Enlightenment"],"campfire_rested":1,"item_purchase_floors":[4,4,10,19],"current_hp_per_floor":[59,59,59,59,59,47,49,20,20,20,18,37,26,8,8,9,52,46,46,45,15,0],"gold":60,"neow_bonus":"HUNDRED_GOLD","is_prod":false,"is_daily":false,"chose_seed":false,"campfire_upgraded":1,"win_rate":0,"timestamp":1555768420,"path_taken":["M","?","M","$","?","E","M","E","T","?","?","R","E","M","R","BOSS","M","$","M","M","?"],"build_version":"2019-01-23","purchased_purges":3,"victory":false,"max_hp_per_floor":[66,66,66,66,66,66,66,66,66,66,66,66,66,66,66,66,66,66,66,66,66,66],"card_choices":[{"not_picked":["Bouncing Flask","Terror"],"picked":"Dagger Spray","floor":1},{"not_picked":["Outmaneuver","Blade Dance"],"picked":"Dodge and Roll","floor":3},{"not_picked":["Bane","Quick Slash"],"picked":"Dagger Throw","floor":6},{"not_picked":["Quick Slash","Dagger Spray"],"picked":"Skewer","floor":7},{"not_picked":["Deadly Poison","Flying Knee"],"picked":"Unload","floor":8},{"not_picked":["Eviscerate","Expertise"],"picked":"Tactician","floor":11},{"not_picked":["Masterful Stab","Acrobatics"],"picked":"Crippling Poison","floor":13},{"not_picked":["Endless Agony","Dodge and Roll"],"picked":"Accuracy","floor":14},{"not_picked":["Envenom","Phantasmal Killer"],"picked":"Wraith Form v2","floor":16},{"not_picked":["Underhanded Strike","Acrobatics"],"picked":"Sucker Punch+1","floor":18},{"not_picked":["Accuracy","Quick Slash"],"picked":"Noxious Fumes+1","floor":20},{"not_picked":["Bane+1","Dodge and Roll"],"picked":"Prepared","floor":21}],"player_experience":1040370,"relics_obtained":[{"floor":6,"key":"Bird Faced Urn"},{"floor":8,"key":"Blood Vial"},{"floor":9,"key":"Shuriken"},{"floor":13,"key":"Art of War"}],"event_choices":[{"damage_healed":0,"gold_gain":0,"player_choice":"Take Wound","damage_taken":0,"relics_obtained":["Golden Idol"],"max_hp_gain":0,"max_hp_loss":0,"event_name":"Golden Idol","floor":2,"gold_loss":0,"cards_obtained":["Injury"]},{"damage_healed":0,"gold_gain":0,"cards_transformed":["Strike_G"],"player_choice":"Change","damage_taken":0,"max_hp_gain":0,"max_hp_loss":0,"event_name":"Living Wall","floor":5,"gold_loss":0,"cards_obtained":["Storm of Steel"]},{"damage_healed":0,"gold_gain":0,"player_choice":"Fight","damage_taken":0,"max_hp_gain":0,"max_hp_loss":0,"event_name":"Colosseum","floor":22,"gold_loss":0}],"is_beta":false,"boss_relics":[{"not_picked":["HoveringKite","Coffee Dripper"],"picked":"Velvet Choker"}],"items_purged_floors":[4,10,19],"is_endless":false,"potions_floor_spawned":[1,7,14,16],"killed_by":"Colosseum Slavers","ascension_level":15}