{"gold_per_floor":[14,14,89,107,23,67,67,107,162,162],"floor_reached":10,"playtime":276,"items_purged":[],"score":148,"play_id":"1887a57b-9830-428f-9642-04ff9a142e4f","local_time":"20190220221558","is_ascension_mode":true,"campfire_choices":[{"data":"True Grit","floor":7,"key":"SMITH"}],"neow_cost":"NO_GOLD","seed_source_timestamp":382882889959652,"circlet_count":0,"master_deck":["AscendersBane","Strike_R","Strike_R","Strike_R","Strike_R","Strike_R","Defend_R","Defend_R","Defend_R","Defend_R","Bash","Shrug It Off","Inflame","Shrug It Off","Sword Boomerang","True Grit+1","Perfected Strike"],"special_seed":0,"relics":["Burning Blood","Golden Idol","Blood Vial","Sundial","Omamori"],"potions_floor_usage":[],"damage_taken":[{"damage":6,"enemies":"Cultist","floor":1,"turns":3},{"damage":7,"enemies":"Small Slimes","floor":4,"turns":4},{"damage":31,"enemies":"Gremlin Nob","floor":6,"turns":4},{"damage":32,"enemies":"3 Sentries","floor":8,"turns":16},{"damage":32,"enemies":"Gremlin Nob","floor":10,"turns":3}],"seed_played":"-8488497649362780798","potions_obtained":[{"floor":8,"key":"Swift Potion"}],"is_trial":false,"path_per_floor":["M","?","?","M","$","E","R","E","T","E"],"character_chosen":"IRONCLAD","items_purchased":["Shrug It Off","Sword Boomerang"],"campfire_rested":0,"item_purchase_floors":[5,5],"current_hp_per_floor":[82,81,70,69,69,44,44,20,20,0],"gold":162,"neow_bonus":"TWENTY_PERCENT_HP_BONUS","is_prod":false,"is_daily":false,"chose_seed":false,"campfire_upgraded":1,"win_rate":0,"timestamp":1550697358,"path_taken":["M","?","?","M","$","E","R","E","T","E"],"build_version":"2019-01-23","purchased_purges":0,"victory":false,"max_hp_per_floor":[89,81,81,81,81,81,81,81,81,81],"card_choices":[{"not_picked":["Havoc","Cleave"],"picked":"Shrug It Off","floor":1},{"not_picked":["Iron Wave","Dual Wield"],"picked":"Inflame","floor":4},{"not_picked":["Dark Embrace","Battle Trance"],"picked":"True Grit","floor":6},{"not_picked":["Metallicize","Seeing Red"],"picked":"Perfected Strike","floor":8}],"player_experience":650064,"relics_obtained":[{"floor":6,"key":"Blood Vial"},{"floor":8,"key":"Sundial"},{"floor":9,"key":"Omamori"}],"event_choices":[{"damage_healed":0,"gold_gain":0,"player_choice":"Lose Max HP","damage_taken":0,"relics_obtained":["Golden Idol"],"max_hp_gain":0,"max_hp_loss":8,"event_name":"Golden Idol","floor":2,"gold_loss":0},{"damage_healed":0,"gold_gain":75,"player_choice":"Gather Gold","damage_taken":11,"max_hp_gain":0,"max_hp_loss":0,"event_name":"World of Goop","floor":3,"gold_loss":0}],"is_beta":false,"boss_relics":[],"items_purged_floors":[],"is_endless":false,"potions_floor_spawned":[8],"killed_by":"Gremlin Nob","ascension_level":20}