{"gold_per_floor":[110,110,128,303,315,315,333,347,347,380,391,391,391,29,29,158,158,182,182,182,107,107,107,107,130,130,144,162,230,37,37,37,167,167,190,190,37,1036,1036,1069,507,530,530,530,530,863,863,45,45,45,45,45,23,58,58],"floor_reached":55,"playtime":1360,"items_purged":["Doubt","Writhe","Normality","Writhe"],"score":864,"play_id":"1013c09b-0035-477c-b533-761059a11bb7","local_time":"20181225125213","is_ascension_mode":false,"campfire_choices":[{"data":"Armaments","floor":6.0,"key":"SMITH"},{"data":"Perfected Strike","floor":13.0,"key":"SMITH"},{"data":"Perfected Strike","floor":15.0,"key":"SMITH"},{"floor":23,"key":"RECALL"},{"floor":32,"key":"REST"},{"data":"Normality","floor":47,"key":"PURGE"},{"floor":49,"key":"REST"},{"floor":52,"key":"REST"}],"neow_cost":"NONE","seed_source_timestamp":271626942346342,"circlet_count":0,"master_deck":["Strike_R+1","Strike_R+1","Strike_R+1","Strike_R+1","Strike_R+1","Defend_R+1","Defend_R+1","Defend_R+1","Defend_R+1","Armaments+1","Perfected Strike","Perfected Strike","Twin Strike","Iron Wave","Iron Wave","Perfected Strike+1","Shrug It Off","Perfected Strike+1","Clothesline","Shrug It Off+1","Perfected Strike","Body Slam+1","Twin Strike","Ghostly","Ghostly","Ghostly","Ghostly","Ghostly","Cleave+1","Wild Strike","Shrug It Off","Clothesline","Twin Strike","Clash"],"special_seed":0,"relics":["Burning Blood","NeowsBlessing","Matryoshka","Blue Candle","Charon\u0027s Ashes","Juzu Bracelet","Medical Kit","Fusion Hammer","Enchiridion","Bag of Marbles","Tiny Chest","PreservedInsect","Cursed Key","Smiling Mask","Vajra","Peace Pipe","Meat on the Bone","Frozen Eye","Darkstone Periapt","Frozen Egg 2","Blood Vial"],"potions_floor_usage":[27,33,50,50,50],"damage_taken":[{"damage":0.0,"enemies":"Small Slimes","floor":1.0,"turns":1.0},{"damage":0.0,"enemies":"2 Louse","floor":3.0,"turns":1.0},{"damage":0.0,"enemies":"Jaw Worm","floor":5.0,"turns":1.0},{"damage":0.0,"enemies":"Exordium Wildlife","floor":7.0,"turns":3.0},{"damage":10.0,"enemies":"Looter","floor":8.0,"turns":3.0},{"damage":19.0,"enemies":"Gremlin Nob","floor":10.0,"turns":4.0},{"damage":12.0,"enemies":"2 Fungi Beasts","floor":11.0,"turns":3.0},{"damage":20,"enemies":"Slime Boss","floor":16,"turns":7},{"damage":8,"enemies":"Shell Parasite","floor":18,"turns":3},{"damage":3,"enemies":"3 Byrds","floor":25,"turns":4},{"damage":9,"enemies":"Shelled Parasite and Fungi","floor":27,"turns":3},{"damage":5,"enemies":"Sentry and Sphere","floor":28,"turns":5},{"damage":14,"enemies":"Slavers","floor":29,"turns":4},{"damage":31,"enemies":"Champ","floor":33,"turns":9},{"damage":0,"enemies":"3 Darklings","floor":35,"turns":4},{"damage":0,"enemies":"Reptomancer","floor":40,"turns":2},{"damage":0,"enemies":"Orb Walker","floor":42,"turns":1},{"damage":29,"enemies":"Donu and Deca","floor":50,"turns":9},{"damage":0,"enemies":"Shield and Spear","floor":54,"turns":5},{"damage":66,"enemies":"The Heart","floor":55,"turns":2}],"seed_played":"6563784445094120937","potions_obtained":[{"floor":7.0,"key":"Regen Potion"},{"floor":10.0,"key":"SneckoOil"},{"floor":11.0,"key":"Block Potion"},{"floor":18,"key":"Block Potion"},{"floor":27,"key":"SteroidPotion"},{"floor":33,"key":"LiquidBronze"}],"is_trial":false,"path_per_floor":["M","?","M","?","M","R","M","M","T","E","M","?","R","$","R","B",null,"M","?","?","?","?","R","$","M","T","M","M","E","$","?","R","B",null,"M","?","$","?","?","E","$","M","T","?","?","?","R","$","R","B",null,"R","$","E","B"],"character_chosen":"IRONCLAD","items_purchased":["Shrug It Off","Perfected Strike","Medical Kit","Twin Strike","PreservedInsect","Wild Strike","Vajra","Peace Pipe","Shrug It Off","Clothesline","Frozen Eye","Darkstone Periapt","Frozen Egg 2","Twin Strike"],"campfire_rested":3,"item_purchase_floors":[14,14,14,30,30,37,41,41,41,48,48,48,48,53],"current_hp_per_floor":[80,77,80,80,80,80,80,76,76,63,57,37,37,37,37,23,80,78,78,78,78,62,62,62,65,65,62,63,55,55,40,40,15,40,40,40,40,40,40,40,40,40,40,40,40,40,40,40,40,34,40,40,40,40,0],"gold":58,"neow_bonus":"THREE_ENEMY_KILL","is_prod":false,"is_daily":false,"chose_seed":false,"campfire_upgraded":3,"win_rate":0,"timestamp":1545738733,"path_taken":["M","?","M","?","M","R","M","M","T","E","M","?","R","?","R","BOSS","M","?","?","?","?","R","$","M","T","M","M","E","$","?","R","BOSS","M","?","$","?","?","E","$","M","T","?","?","?","R","$","R","BOSS","R","$","E","BOSS"],"build_version":"2018-12-20","purchased_purges":4,"victory":false,"max_hp_per_floor":[80,80,80,80,80,80,80,80,80,80,80,80,80,80,80,80,80,80,80,80,80,80,80,80,80,80,80,80,80,80,40,40,40,40,40,40,40,40,40,40,40,40,40,40,40,40,40,40,40,40,40,40,40,40,40],"card_choices":[{"not_picked":["Cleave","Clothesline"],"picked":"Armaments","floor":1.0},{"not_picked":["Body Slam","Sword Boomerang"],"picked":"Perfected Strike","floor":3.0},{"not_picked":["Heavy Blade","Evolve"],"picked":"Perfected Strike","floor":5.0},{"not_picked":["Body Slam","Clothesline"],"picked":"Twin Strike","floor":7.0},{"not_picked":["Warcry","Thunderclap"],"picked":"Iron Wave","floor":8.0},{"not_picked":["Feed","True Grit"],"picked":"Iron Wave","floor":10.0},{"not_picked":["Anger","Clash"],"picked":"Perfected Strike","floor":11.0},{"not_picked":["Dropkick","Corruption+1","Sentinel"],"picked":"SKIP","floor":18},{"not_picked":["Cleave+1","Pommel Strike"],"picked":"Iron Wave+1","floor":25},{"not_picked":["Cleave+1","Havoc+1"],"picked":"Shrug It Off+1","floor":27},{"not_picked":["Shrug It Off","Body Slam"],"picked":"Perfected Strike","floor":28},{"not_picked":["Bloodletting+1","Fiend Fire"],"picked":"Body Slam","floor":29},{"not_picked":["Sentinel","Infernal Blade"],"picked":"Cleave+1","floor":35},{"not_picked":["Dual Wield+1","Thunderclap+1","True Grit+1"],"picked":"SKIP","floor":40},{"not_picked":["Rage","Clash","Sentinel"],"picked":"SKIP","floor":42},{"not_picked":["Heavy Blade","Reckless Charge"],"picked":"Clash","floor":54}],"player_experience":538985,"relics_obtained":[{"floor":9.0,"key":"Blue Candle"},{"floor":9.0,"key":"Charon\u0027s Ashes"},{"floor":10.0,"key":"Juzu Bracelet"},{"floor":22,"key":"Enchiridion"},{"floor":26,"key":"Bag of Marbles"},{"floor":29,"key":"Tiny Chest"},{"floor":40,"key":"Smiling Mask"},{"floor":43,"key":"Meat on the Bone"},{"floor":54,"key":"Blood Vial"}],"event_choices":[{"damage_healed":0.0,"max_hp_gain":0.0,"max_hp_loss":0.0,"gold_gain":0.0,"event_name":"Scrap Ooze","player_choice":"Success","floor":2.0,"gold_loss":0.0,"damage_taken":3.0,"relics_obtained":["Matryoshka"]},{"damage_healed":0.0,"max_hp_gain":0.0,"max_hp_loss":0.0,"gold_gain":175.0,"event_name":"Liars Game","player_choice":"AGREE","floor":4.0,"gold_loss":0.0,"damage_taken":0.0,"cards_obtained":["Doubt"]},{"damage_healed":0.0,"max_hp_gain":0.0,"max_hp_loss":0.0,"gold_gain":0.0,"event_name":"Golden Idol","player_choice":"Take Damage","floor":12.0,"gold_loss":0.0,"damage_taken":20.0,"relics_obtained":["Golden Idol"]},{"damage_healed":0,"gold_gain":0,"player_choice":"Simplicity","damage_taken":0,"max_hp_gain":0,"max_hp_loss":0,"event_name":"Back to Basics","floor":19,"gold_loss":0,"cards_upgraded":["Strike_R","Strike_R","Strike_R","Strike_R","Strike_R","Defend_R","Defend_R","Defend_R","Defend_R"]},{"damage_healed":0,"gold_gain":0,"player_choice":"Read","damage_taken":0,"max_hp_gain":0,"max_hp_loss":0,"event_name":"The Library","floor":20,"gold_loss":0,"cards_obtained":["Clothesline"]},{"cards_removed":["Bash"],"damage_healed":0,"gold_gain":0,"player_choice":"Gave Gold","damage_taken":0,"max_hp_gain":0,"max_hp_loss":0,"event_name":"Beggar","floor":21,"gold_loss":75},{"damage_healed":0,"gold_gain":0,"player_choice":"Obtained Book","damage_taken":16,"max_hp_gain":0,"max_hp_loss":0,"event_name":"Cursed Tome","floor":22,"gold_loss":0},{"damage_healed":0,"gold_gain":0,"player_choice":"Became a Ghost","damage_taken":0,"max_hp_gain":0,"max_hp_loss":40,"event_name":"Ghosts","floor":31,"gold_loss":0,"cards_obtained":["Ghostly","Ghostly","Ghostly","Ghostly","Ghostly"]},{"damage_healed":10,"gold_gain":0,"player_choice":"Writhe","damage_taken":0,"max_hp_gain":0,"max_hp_loss":0,"event_name":"Winding Halls","floor":36,"gold_loss":0,"cards_obtained":["Writhe"]},{"damage_healed":0,"gold_gain":999,"player_choice":"Gold","damage_taken":0,"max_hp_gain":0,"max_hp_loss":0,"event_name":"MindBloom","floor":38,"gold_loss":0,"cards_obtained":["Normality","Normality"]},{"cards_removed":["Iron Wave"],"damage_healed":0,"gold_gain":0,"player_choice":"Removed Attack","damage_taken":0,"max_hp_gain":0,"max_hp_loss":0,"event_name":"Falling","floor":39,"gold_loss":0},{"damage_healed":0,"gold_gain":0,"player_choice":"Upgraded","damage_taken":0,"max_hp_gain":0,"max_hp_loss":0,"event_name":"Upgrade Shrine","floor":44,"gold_loss":0,"cards_upgraded":["Body Slam"]},{"damage_healed":0,"gold_gain":0,"player_choice":"Memory 1","damage_taken":0,"max_hp_gain":0,"max_hp_loss":0,"event_name":"SensoryStone","floor":45,"gold_loss":0},{"damage_healed":0,"gold_gain":333,"player_choice":"Gave Idol","damage_taken":0,"max_hp_gain":0,"max_hp_loss":0,"event_name":"The Moai Head","floor":46,"relics_lost":["Golden Idol"],"gold_loss":0}],"is_beta":false,"boss_relics":[{"not_picked":["Astrolabe","Lizard Tail"],"picked":"Fusion Hammer"},{"not_picked":["Runic Pyramid","Tiny House"],"picked":"Cursed Key"}],"items_purged_floors":[14,37,41,48],"is_endless":false,"potions_floor_spawned":[7,10,11,18,27,33,40,42],"killed_by":"The Heart","ascension_level":0}