{"gold_per_floor":[109,109,35,35,52,83,83,112,112,130,130,149,164,178,178,279,279,291,390,184,194,194,224,224,234,261,278,278,303,303,303,303,407,407,418,438,438,458,358,358,84,100,124,124,0,34,57,88,100,112],"floor_reached":51,"playtime":4561,"items_purged":["Strike_G","Strike_G+1","Well Laid Plans"],"score":947,"play_id":"491b481f-24b4-4d8c-85e5-04371ad463b4","local_time":"20190926154110","is_ascension_mode":true,"campfire_choices":[{"data":"Neutralize","floor":7.0,"key":"SMITH"},{"data":"Footwork","floor":11.0,"key":"SMITH"},{"data":"Sucker Punch","floor":15.0,"key":"SMITH"},{"data":"Footwork","floor":24.0,"key":"SMITH"},{"data":"Expertise","floor":28.0,"key":"SMITH"},{"data":"Footwork","floor":30.0,"key":"SMITH"},{"data":"Malaise","floor":32.0,"key":"SMITH"},{"data":"Concentrate","floor":40.0,"key":"SMITH"},{"floor":44,"key":"REST"},{"data":"Expertise","floor":49,"key":"SMITH"}],"neow_cost":"NONE","seed_source_timestamp":708894921475045,"circlet_count":0,"master_deck":["Defend_G","Defend_G","Defend_G","Defend_G","Defend_G","Survivor","Neutralize+1","Noxious Fumes+1","Footwork+1","Flying Knee","Predator","Sucker Punch+1","Escape Plan","Bane","Die Die Die+1","Tools of the Trade","Outmaneuver","Expertise+1","Outmaneuver+1","Footwork+1","Expertise+1","Well Laid Plans","Footwork+1","Malaise+1","Concentrate+1","Skewer","Concentrate","Concentrate+1","Concentrate+1","Backflip"],"special_seed":0,"relics":["Ring of the Snake","NeowsBlessing","Gremlin Horn","Pear","Bottled Tornado","Sozu","Meat on the Bone","Whetstone","PreservedInsect","Calling Bell","Art of War","Question Card","Unceasing Top","Omamori","Red Mask","MawBank"],"potions_floor_usage":[],"damage_taken":[{"damage":0.0,"enemies":"2 Louse","floor":1.0,"turns":1.0},{"damage":0.0,"enemies":"Small Slimes","floor":5.0,"turns":1.0},{"damage":0.0,"enemies":"3 Sentries","floor":6.0,"turns":1.0},{"damage":1.0,"enemies":"Lagavulin","floor":8.0,"turns":6.0},{"damage":0.0,"enemies":"Cultist","floor":10.0,"turns":3.0},{"damage":5.0,"enemies":"Exordium Thugs","floor":12.0,"turns":6.0},{"damage":0.0,"enemies":"Blue Slaver","floor":13.0,"turns":5.0},{"damage":0.0,"enemies":"2 Fungi Beasts","floor":14.0,"turns":4.0},{"damage":7.0,"enemies":"Slime Boss","floor":16.0,"turns":10.0},{"damage":11.0,"enemies":"Chosen","floor":18.0,"turns":5.0},{"damage":10.0,"enemies":"Shell Parasite","floor":21.0,"turns":6.0},{"damage":34.0,"enemies":"Book of Stabbing","floor":23.0,"turns":9.0},{"damage":18.0,"enemies":"Snake Plant","floor":25.0,"turns":7.0},{"damage":10.0,"enemies":"Shelled Parasite and Fungi","floor":27.0,"turns":7.0},{"damage":10.0,"enemies":"Gremlin Leader","floor":29.0,"turns":7.0},{"damage":6.0,"enemies":"Champ","floor":33.0,"turns":15.0},{"damage":16.0,"enemies":"3 Shapes","floor":35.0,"turns":5.0},{"damage":36.0,"enemies":"Orb Walker","floor":36.0,"turns":5.0},{"damage":23.0,"enemies":"Jaw Worm Horde","floor":38.0,"turns":5.0},{"damage":17,"enemies":"3 Darklings","floor":42,"turns":4},{"damage":0,"enemies":"Giant Head","floor":46,"turns":6},{"damage":12,"enemies":"4 Shapes","floor":47,"turns":5},{"damage":0,"enemies":"Maw","floor":48,"turns":6},{"damage":0,"enemies":"Awakened One","floor":50,"turns":8}],"seed_played":"456542711572755349","potions_obtained":[{"floor":1.0,"key":"PowerPotion"},{"floor":10.0,"key":"Swift Potion"},{"floor":12.0,"key":"Strength Potion"}],"is_trial":false,"path_per_floor":["M","?","$","?","M","E","R","E","T","M","R","M","M","M","R","B",null,"M","?","$","M","?","E","R","M","T","M","R","E","R","?","R","B",null,"M","M","?","M","$","R","$","M","T","R","?","E","M","M","R","B",null],"character_chosen":"THE_SILENT","items_purchased":["Footwork","Outmaneuver","Expertise","Skewer","Concentrate"],"campfire_rested":1,"item_purchase_floors":[3,20,20,41,41],"current_hp_per_floor":[70,70,70,70,70,70,70,79,79,79,79,74,74,74,74,67,80,69,69,69,59,59,25,25,19,19,21,21,23,23,23,23,29,80,64,40,40,29,29,29,29,24,24,48,48,48,48,48,48,48],"gold":124,"neow_bonus":"THREE_ENEMY_KILL","is_prod":false,"is_daily":false,"chose_seed":false,"campfire_upgraded":9,"win_rate":0,"timestamp":1569537670,"path_taken":["M","?","$","?","M","E","R","E","T","M","R","M","?","M","R","BOSS","M","?","$","M","?","E","R","M","T","?","R","E","R","?","R","BOSS","M","M","?","M","$","R","$","M","T","R","?","E","?","M","R","BOSS"],"build_version":"2019-07-17","purchased_purges":3,"victory":true,"max_hp_per_floor":[70,70,70,70,70,70,70,80,80,80,80,80,80,80,80,80,80,80,80,80,80,80,80,80,80,80,80,80,80,80,80,80,80,80,80,80,80,80,80,80,80,80,80,80,80,80,80,80,80,80],"card_choices":[{"not_picked":["Slice","Blade Dance"],"picked":"Noxious Fumes","floor":1.0},{"not_picked":["Heel Hook","Calculated Gamble"],"picked":"Flying Knee","floor":5.0},{"not_picked":["Eviscerate","Crippling Poison"],"picked":"Predator","floor":6.0},{"not_picked":["Corpse Explosion","Finisher"],"picked":"Sucker Punch","floor":8.0},{"not_picked":["Deflect","PiercingWail","Prepared"],"picked":"SKIP","floor":10.0},{"not_picked":["Poisoned Stab","PiercingWail"],"picked":"Escape Plan","floor":12.0},{"not_picked":["Blade Dance","Poisoned Stab"],"picked":"Bane","floor":13.0},{"not_picked":["Deflect","Dodge and Roll"],"picked":"Die Die Die","floor":14.0},{"not_picked":["Unload","Venomology"],"picked":"Tools of the Trade","floor":16.0},{"not_picked":["Slice","Sucker Punch","Dagger Throw"],"picked":"SKIP","floor":18.0},{"not_picked":["Expertise+1","Dagger Spray"],"picked":"Outmaneuver+1","floor":21.0},{"not_picked":["Dash+1","Concentrate"],"picked":"Expertise","floor":23.0},{"not_picked":["Crippling Poison+1","Leg Sweep","Outmaneuver+1"],"picked":"SKIP","floor":25.0},{"not_picked":["Bane+1","Caltrops"],"picked":"Well Laid Plans","floor":27.0},{"not_picked":["Bane","Tools of the Trade"],"picked":"Footwork","floor":29.0},{"not_picked":["Eviscerate+1","Endless Agony+1","Dagger Spray","Deadly Poison+1"],"picked":"SKIP","floor":35.0},{"not_picked":["Dodge and Roll+1","Underhanded Strike","Dagger Spray+1"],"picked":"Concentrate","floor":36.0},{"not_picked":["Poisoned Stab+1","Infinite Blades","Bouncing Flask","Dagger Throw+1"],"picked":"SKIP","floor":38.0},{"not_picked":["Dodge and Roll+1","Finisher+1","Quick Slash"],"picked":"Concentrate+1","floor":42},{"not_picked":["Leg Sweep+1","Glass Knife","Finisher","Slice+1"],"picked":"SKIP","floor":46},{"not_picked":["Dodge and Roll+1","PiercingWail+1","Bane"],"picked":"Concentrate+1","floor":47},{"not_picked":["Dash","Outmaneuver+1","Dodge and Roll"],"picked":"Backflip","floor":48}],"player_experience":237043,"relics_obtained":[{"floor":6.0,"key":"Gremlin Horn"},{"floor":8.0,"key":"Pear"},{"floor":9.0,"key":"Bottled Tornado"},{"floor":23.0,"key":"Meat on the Bone"},{"floor":26.0,"key":"Whetstone"},{"floor":29.0,"key":"PreservedInsect"},{"floor":34.0,"key":"Art of War"},{"floor":34.0,"key":"Question Card"},{"floor":34.0,"key":"Unceasing Top"},{"floor":43,"key":"Omamori"},{"floor":46,"key":"MawBank"}],"event_choices":[{"damage_healed":0.0,"max_hp_gain":0.0,"max_hp_loss":0.0,"gold_gain":0.0,"event_name":"Liars Game","player_choice":"Ignored","floor":2.0,"gold_loss":0.0,"damage_taken":0.0},{"damage_healed":0.0,"max_hp_gain":0.0,"max_hp_loss":0.0,"gold_gain":0.0,"event_name":"Upgrade Shrine","player_choice":"Upgraded","floor":4.0,"gold_loss":0.0,"damage_taken":0.0,"cards_upgraded":["Noxious Fumes"]},{"damage_healed":0.0,"max_hp_gain":0.0,"max_hp_loss":0.0,"gold_gain":99.0,"event_name":"Nest","player_choice":"Stole From Cult","floor":19.0,"gold_loss":0.0,"damage_taken":0.0},{"damage_healed":0.0,"max_hp_gain":0.0,"max_hp_loss":0.0,"gold_gain":0.0,"event_name":"The Library","player_choice":"Read","floor":22.0,"gold_loss":0.0,"damage_taken":0.0,"cards_obtained":["Footwork"]},{"damage_healed":0.0,"max_hp_gain":0.0,"max_hp_loss":0.0,"gold_gain":0.0,"cards_transformed":["Strike_G","Strike_G"],"event_name":"Drug Dealer","player_choice":"Became Test Subject","floor":31.0,"gold_loss":0.0,"damage_taken":0.0,"cards_obtained":["Malaise","Well Laid Plans"]},{"cards_removed":["Strike_G"],"damage_healed":0.0,"max_hp_gain":0.0,"max_hp_loss":0.0,"gold_gain":0.0,"event_name":"Falling","player_choice":"Removed Attack","floor":37.0,"gold_loss":0.0,"damage_taken":0.0},{"damage_healed":0,"gold_gain":0,"player_choice":"Paid","damage_taken":0,"relics_obtained":["Red Mask"],"max_hp_gain":0,"max_hp_loss":0,"event_name":"Tomb of Lord Red Mask","floor":45,"gold_loss":124}],"is_beta":false,"boss_relics":[{"not_picked":["Cursed Key","Fusion Hammer"],"picked":"Sozu"},{"not_picked":["WristBlade","Velvet Choker"],"picked":"Calling Bell"}],"items_purged_floors":[20,39,41],"is_endless":false,"potions_floor_spawned":[1,10,12,13,23,25,27,35,38,42],"ascension_level":3}