{"gold_per_floor":[112,262,278,278,278,278,296,296,296,296,327,52,65,78,78,153,153,163,34,34],"floor_reached":20,"playtime":765,"items_purged":["Armaments"],"score":318,"play_id":"002e3e6e-a1e1-4dfd-9c10-bd2c6de4edb6","local_time":"20190630080554","is_ascension_mode":true,"campfire_choices":[{"data":"Barricade","floor":6,"key":"SMITH"},{"data":"Fiend Fire","floor":8,"key":"SMITH"},{"data":"Shockwave","floor":10,"key":"SMITH"},{"data":"Apotheosis","floor":15,"key":"SMITH"}],"neow_cost":"PERCENT_DAMAGE","seed_source_timestamp":1065107030854699,"circlet_count":0,"master_deck":["AscendersBane","Strike_R","Strike_R","Strike_R","Strike_R","Defend_R","Defend_R","Defend_R","Defend_R","Bash","Barricade+1","Body Slam","Fiend Fire+1","Shockwave+1","Feel No Pain","Apotheosis+1","Flex","Burning Pact","Feed","Offering","Corruption","Spot Weakness","Shrug It Off+1"],"relics":["Burning Blood","Ornamental Fan","Omamori","Orrery"],"potions_floor_usage":[16,18,20],"damage_taken":[{"damage":10,"enemies":"Small Slimes","floor":1,"turns":4},{"damage":15,"enemies":"2 Louse","floor":3,"turns":4},{"damage":6,"enemies":"Cultist","floor":7,"turns":3},{"damage":5,"enemies":"Lagavulin","floor":11,"turns":8},{"damage":6,"enemies":"Blue Slaver","floor":13,"turns":5},{"damage":7,"enemies":"Large Slime","floor":14,"turns":4},{"damage":34,"enemies":"Hexaghost","floor":16,"turns":15},{"damage":51,"enemies":"2 Thieves","floor":18,"turns":5},{"damage":25,"enemies":"Shell Parasite","floor":20,"turns":2}],"seed_played":"8049222103194743510","potions_obtained":[{"floor":3,"key":"SmokeBomb"},{"floor":13,"key":"Fire Potion"},{"floor":14,"key":"BloodPotion"}],"is_trial":false,"path_per_floor":["M","?","M","?","?","R","M","R","T","R","E","$","M","M","R","B",null,"M","$","M"],"character_chosen":"IRONCLAD","items_purchased":["Feel No Pain","Apotheosis","PowerPotion"],"campfire_rested":0,"item_purchase_floors":[12,12,19],"current_hp_per_floor":[46,46,37,37,37,37,37,37,37,37,38,38,38,37,37,16,60,18,18,0],"gold":34,"neow_bonus":"THREE_RARE_CARDS","is_prod":false,"is_daily":false,"chose_seed":false,"campfire_upgraded":4,"win_rate":0,"timestamp":1561874754,"path_taken":["M","?","M","?","?","R","M","R","T","R","E","$","M","M","R","BOSS","M","$","?"],"build_version":"2019-01-23","purchased_purges":1,"victory":false,"max_hp_per_floor":[75,75,75,75,75,75,75,75,75,75,75,75,75,75,75,75,75,78,78,78],"card_choices":[{"not_picked":["Dark Embrace","Brutality"],"picked":"Barricade","floor":0},{"not_picked":["Shrug It Off","Iron Wave"],"picked":"Body Slam","floor":1},{"not_picked":["Sentinel","Clash"],"picked":"Fiend Fire","floor":3},{"not_picked":["Intimidate","Warcry"],"picked":"Shockwave","floor":7},{"not_picked":["Twin Strike","Headbutt"],"picked":"Armaments","floor":11},{"not_picked":["Infernal Blade","Cleave"],"picked":"Flex","floor":13},{"not_picked":["Intimidate","Combust"],"picked":"Burning Pact","floor":14},{"not_picked":["Offering","Dark Embrace"],"picked":"Feed","floor":16},{"not_picked":["Combust","Clothesline"],"picked":"Offering","floor":17},{"not_picked":["Warcry","Clothesline"],"picked":"Corruption","floor":17},{"not_picked":["Wild Strike","Cleave"],"picked":"Spot Weakness","floor":17},{"not_picked":["Sever Soul","Anger"],"picked":"Shrug It Off+1","floor":18}],"player_experience":1517329,"relics_obtained":[{"floor":9,"key":"Ornamental Fan"},{"floor":11,"key":"Omamori"}],"event_choices":[{"damage_healed":0,"gold_gain":150,"player_choice":"AGREE","damage_taken":0,"max_hp_gain":0,"max_hp_loss":0,"event_name":"Liars Game","floor":2,"gold_loss":0,"cards_obtained":["Doubt"]},{"cards_removed":["Doubt"],"damage_healed":0,"gold_gain":0,"player_choice":"Forget","damage_taken":0,"max_hp_gain":0,"max_hp_loss":0,"event_name":"Living Wall","floor":4,"gold_loss":0},{"cards_removed":["Strike_R"],"damage_healed":0,"gold_gain":0,"player_choice":"Offered Basic","damage_taken":0,"max_hp_gain":0,"max_hp_loss":0,"event_name":"Bonfire Elementals","floor":5,"gold_loss":0}],"is_beta":false,"boss_relics":[{"not_picked":["Busted Crown","Snecko Eye"],"picked":"Orrery"}],"items_purged_floors":[19],"is_endless":false,"potions_floor_spawned":[3,13,14],"killed_by":"Shell Parasite","ascension_level":17}