{"gold_per_floor":[118,118,137,10,30,30,30,30,78,78,21,21,55,67,67,67],"floor_reached":16,"playtime":571,"items_purged":[],"score":181,"play_id":"93ccbc93-ff63-485a-887e-75bd915d0fe7","local_time":"20190821155134","is_ascension_mode":true,"campfire_choices":[{"data":"Defragment","floor":6,"key":"SMITH"},{"data":"Dualcast","floor":8,"key":"SMITH"},{"data":"Glacier","floor":12,"key":"SMITH"},{"data":"Go for the Eyes","floor":15,"key":"SMITH"}],"neow_cost":"NONE","seed_source_timestamp":1022362188723338,"circlet_count":0,"master_deck":["AscendersBane","Strike_B+1","Strike_B","Strike_B","Defend_B","Defend_B","Defend_B","Defend_B","Zap+1","Dualcast+1","BootSequence","Glacier+1","Defragment+1","Steam","Go for the Eyes+1"],"relics":["White Beast Statue","Pen Nib","Oddly Smooth Stone"],"potions_floor_usage":[13,14,16],"damage_taken":[{"damage":2,"enemies":"2 Louse","floor":1,"turns":4},{"damage":4,"enemies":"Small Slimes","floor":3,"turns":3},{"damage":0,"enemies":"Jaw Worm","floor":5,"turns":5},{"damage":3,"enemies":"Lagavulin","floor":13,"turns":7},{"damage":0,"enemies":"Exordium Wildlife","floor":14,"turns":4},{"damage":30,"enemies":"Hexaghost","floor":16,"turns":17}],"seed_played":"-4225813194760893145","potions_obtained":[{"floor":1,"key":"FearPotion"},{"floor":3,"key":"Fire Potion"},{"floor":5,"key":"Fire Potion"},{"floor":13,"key":"SpeedPotion"},{"floor":14,"key":"Block Potion"}],"is_trial":false,"path_per_floor":["M","?","M","$","M","R","?","R","T","?","$","R","E","M","R","B"],"character_chosen":"DEFECT","items_purchased":["Glacier","Defragment","Steam"],"campfire_rested":0,"item_purchase_floors":[4,4,11],"current_hp_per_floor":[62,41,37,37,37,37,37,37,37,30,30,30,27,27,27,0],"gold":67,"neow_bonus":"BOSS_RELIC","is_prod":false,"is_daily":false,"chose_seed":false,"campfire_upgraded":4,"win_rate":0,"timestamp":1566427894,"path_taken":["M","?","M","$","M","R","?","R","T","?","$","R","E","M","R","BOSS"],"build_version":"2019-07-17","purchased_purges":0,"victory":false,"max_hp_per_floor":[71,71,71,71,71,71,71,71,71,71,71,71,71,71,71,71],"card_choices":[{"not_picked":["Rip and Tear","Beam Cell","Consume"],"picked":"SKIP","floor":1},{"not_picked":["Capacitor","Recycle"],"picked":"BootSequence","floor":3},{"not_picked":["Leap","Compile Driver","Cold Snap"],"picked":"SKIP","floor":5},{"not_picked":["Aggregate","Compile Driver","Static Discharge"],"picked":"SKIP","floor":13},{"not_picked":["Ball Lightning","Aggregate"],"picked":"Go for the Eyes","floor":14}],"player_experience":179609,"relics_obtained":[{"floor":9,"key":"Pen Nib"},{"floor":13,"key":"Oddly Smooth Stone"}],"event_choices":[{"damage_healed":0,"gold_gain":0,"player_choice":"Entered Light","damage_taken":21,"max_hp_gain":0,"max_hp_loss":0,"event_name":"Shining Light","floor":2,"gold_loss":0,"cards_upgraded":["Strike_B","Zap"]},{"damage_healed":0,"gold_gain":0,"player_choice":"Ignored","damage_taken":0,"max_hp_gain":0,"max_hp_loss":0,"event_name":"Liars Game","floor":7,"gold_loss":0},{"cards_removed":["Strike_B"],"damage_healed":0,"gold_gain":0,"player_choice":"Card Removal","damage_taken":7,"max_hp_gain":0,"max_hp_loss":0,"event_name":"Golden Wing","floor":10,"gold_loss":0}],"is_beta":false,"boss_relics":[],"items_purged_floors":[],"is_endless":false,"potions_floor_spawned":[1,3,5,13,14],"killed_by":"Hexaghost","ascension_level":17}