{"gold_per_floor":[109,124,142,158,158,158,175,175,198,198,215,30,89,124,124,124],"floor_reached":16,"playtime":563,"items_purged":["Strike_R"],"score":189,"play_id":"e50bf8d6-7fab-4c1b-aec7-bd5942c9959d","local_time":"20190704203444","is_ascension_mode":true,"campfire_choices":[{"data":"Armaments","floor":6.0,"key":"SMITH"},{"data":"Bash","floor":8,"key":"SMITH"},{"data":"Rampage","floor":10,"key":"SMITH"},{"data":"Shockwave","floor":15,"key":"SMITH"}],"neow_cost":"NONE","seed_source_timestamp":1455626622623900,"circlet_count":0,"master_deck":["AscendersBane","Strike_R","Strike_R","Strike_R","Strike_R","Defend_R","Defend_R","Defend_R","Defend_R","Bash+1","Rupture","Seeing Red","Anger","Armaments+1","Rampage+1","Headbutt","Flex","Metallicize","Power Through","Shockwave+1"],"special_seed":0,"relics":["Burning Blood","Smiling Mask","Lantern","Boot","Charon\u0027s Ashes"],"potions_floor_usage":[7,7,14],"damage_taken":[{"damage":7.0,"enemies":"Jaw Worm","floor":1.0,"turns":4.0},{"damage":3.0,"enemies":"2 Louse","floor":2.0,"turns":3.0},{"damage":13.0,"enemies":"Cultist","floor":3.0,"turns":5.0},{"damage":20.0,"enemies":"3 Louse","floor":4.0,"turns":6.0},{"damage":3,"enemies":"Blue Slaver","floor":7,"turns":3},{"damage":7,"enemies":"2 Fungi Beasts","floor":11,"turns":4},{"damage":28,"enemies":"Lagavulin Event","floor":13,"turns":5},{"damage":27,"enemies":"Lagavulin","floor":14,"turns":5},{"damage":11,"enemies":"Hexaghost","floor":16,"turns":8}],"seed_played":"597727348493170969","potions_obtained":[{"floor":2.0,"key":"SteroidPotion"},{"floor":4.0,"key":"FearPotion"},{"floor":7,"key":"Explosive Potion"}],"is_trial":false,"path_per_floor":["M","M","M","M","?","R","M","R","T","R","M","$","?","E","R","B"],"character_chosen":"IRONCLAD","items_purchased":["Flex","Metallicize"],"campfire_rested":0,"item_purchase_floors":[12,12],"current_hp_per_floor":[74,77,70,56,51,51,54,54,54,54,53,53,31,10,10,0],"gold":124,"neow_bonus":"TEN_PERCENT_HP_BONUS","is_prod":false,"is_daily":false,"chose_seed":false,"campfire_upgraded":4,"win_rate":0,"timestamp":1562265284,"path_taken":["M","M","M","M","?","R","M","R","T","R","M","$","?","E","R","BOSS"],"build_version":"2019-07-01","purchased_purges":1,"victory":false,"max_hp_per_floor":[82,82,82,82,82,82,82,82,82,82,82,82,82,82,82,82],"card_choices":[{"not_picked":["Heavy Blade","Clash"],"picked":"Rupture","floor":1.0},{"not_picked":["Cleave","Sentinel"],"picked":"Seeing Red","floor":2.0},{"not_picked":["Warcry","Wild Strike"],"picked":"Anger","floor":3.0},{"not_picked":["Seeing Red","Warcry"],"picked":"Armaments","floor":4.0},{"not_picked":["Twin Strike","Iron Wave"],"picked":"Rampage","floor":7},{"not_picked":["Pommel Strike","Inflame"],"picked":"Headbutt","floor":11},{"not_picked":["Flex","Dark Embrace"],"picked":"Power Through","floor":13},{"not_picked":["Fire Breathing","Heavy Blade"],"picked":"Shockwave","floor":14}],"player_experience":1580855,"relics_obtained":[{"floor":9,"key":"Lantern"},{"floor":13,"key":"Boot"},{"floor":14,"key":"Charon\u0027s Ashes"}],"event_choices":[{"damage_healed":0.0,"max_hp_gain":0.0,"max_hp_loss":0.0,"gold_gain":0.0,"event_name":"Scrap Ooze","player_choice":"Success","floor":5.0,"gold_loss":0.0,"damage_taken":5.0,"relics_obtained":["Smiling Mask"]},{"damage_healed":0,"gold_gain":0,"player_choice":"Searched \u00271\u0027 times","damage_taken":0,"max_hp_gain":0,"max_hp_loss":0,"event_name":"Dead Adventurer","floor":13,"gold_loss":0}],"is_beta":false,"boss_relics":[],"items_purged_floors":[12],"is_endless":false,"potions_floor_spawned":[2,4,7],"killed_by":"Hexaghost","ascension_level":17}