{"gold_per_floor":[110,285,57,71,71,71,98,98,98,98,110,144,162,162,162,266,266,276,276,141,141,156,188,208,208,233,233,244,273,293,293,293,393,393,408,283,283,283,299,299,310,328,400,400,363,374,374,80,80,80],"floor_reached":51,"playtime":2303,"items_purged":["Doubt","Strike_R","Strike_R","Strike_R"],"score":1149,"play_id":"88818c64-434e-4297-ad1a-c999cd90e7ac","local_time":"20180813222006","is_ascension_mode":true,"campfire_choices":[{"data":"Bash","floor":6,"key":"SMITH"},{"data":"Double Tap","floor":8,"key":"SMITH"},{"data":"Shrug It Off","floor":10,"key":"SMITH"},{"data":"Intimidate","floor":15,"key":"SMITH"},{"data":"Bludgeon","floor":25,"key":"SMITH"},{"data":"Shrug It Off","floor":27,"key":"SMITH"},{"floor":32,"key":"REST"},{"data":"Whirlwind","floor":40,"key":"SMITH"},{"data":"Clothesline","floor":44,"key":"SMITH"},{"floor":49,"key":"REST"}],"neow_cost":"NONE","seed_source_timestamp":424757248669766,"circlet_count":0,"master_deck":["Strike_R","Strike_R","Defend_R","Defend_R+1","Defend_R","Defend_R","Bash+1","AscendersBane","Shrug It Off+1","Double Tap+1","Shrug It Off+1","Intimidate+1","Bludgeon+1","Cleave","Ghostly Armor","Flame Barrier+1","Shrug It Off","Pommel Strike","Clothesline+1","Reaper","Whirlwind+1","Flex+1","Disarm"],"relics":["Burning Blood","NeowsBlessing","Omamori","Bronze Scales","Ice Cream","Pen Nib","Thread and Needle","Regal Pillow","Sozu","Boot","Lantern","Ancient Tea Set","Singing Bowl","Cursed Key","Bottled Flame","Darkstone Periapt","War Paint"],"potions_floor_usage":[12,13,16],"damage_taken":[{"damage":0,"enemies":"Jaw Worm","floor":1,"turns":1},{"damage":0,"enemies":"2 Louse","floor":4,"turns":1},{"damage":0,"enemies":"Gremlin Nob","floor":7,"turns":1},{"damage":1,"enemies":"Cultist","floor":11,"turns":3},{"damage":0,"enemies":"Lagavulin","floor":12,"turns":5},{"damage":7,"enemies":"Exordium Thugs","floor":13,"turns":3},{"damage":30,"enemies":"Hexaghost","floor":16,"turns":12},{"damage":0,"enemies":"Spheric Guardian","floor":18,"turns":3},{"damage":0,"enemies":"Shell Parasite","floor":22,"turns":2},{"damage":25,"enemies":"Book of Stabbing","floor":23,"turns":6},{"damage":0,"enemies":"Centurion and Healer","floor":24,"turns":6},{"damage":0,"enemies":"Snake Plant","floor":28,"turns":4},{"damage":19,"enemies":"Slavers","floor":29,"turns":7},{"damage":5,"enemies":"Snecko","floor":30,"turns":5},{"damage":57,"enemies":"Champ","floor":33,"turns":11},{"damage":0,"enemies":"Orb Walker","floor":35,"turns":3},{"damage":3,"enemies":"Flame Bruiser 1 Orb","floor":39,"turns":6},{"damage":11,"enemies":"Transient","floor":41,"turns":5},{"damage":2,"enemies":"Sphere and 2 Shapes","floor":42,"turns":3},{"damage":35,"enemies":"4 Shapes","floor":46,"turns":1},{"damage":97,"enemies":"Time Eater","floor":50,"turns":11}],"seed_played":"1769541920618241391","potions_obtained":[{"floor":4,"key":"Strength Potion"},{"floor":7,"key":"Fire Potion"},{"floor":13,"key":"SkillPotion"}],"is_trial":false,"path_per_floor":["M","?","$","M","?","R","E","R","T","R","M","E","M","T","R","B",null,"M","?","$","T","M","E","M","R","T","R","M","E","M","?","R","B",null,"M","$","?","T","M","R","M","M","T","R","$","M","?","$","R","B"],"character_chosen":"IRONCLAD","items_purchased":["Omamori","Ghostly Armor","Disarm","War Paint"],"campfire_rested":2,"item_purchase_floors":[3,20,45,48],"current_hp_per_floor":[78,78,78,80,80,80,80,80,80,80,80,80,79,79,79,55,74,80,65,65,65,71,52,58,58,58,58,64,53,54,54,87,36,74,86,86,86,86,87,87,84,90,90,90,90,63,65,65,95,16],"gold":80,"neow_bonus":"THREE_ENEMY_KILL","is_prod":false,"is_daily":false,"chose_seed":false,"campfire_upgraded":8,"win_rate":0,"timestamp":1534195206,"path_taken":["M","?","?","?","?","R","E","R","T","R","M","E","M","?","R","BOSS","M","?","$","?","M","E","M","R","T","R","M","E","M","?","R","BOSS","M","$","?","?","?","R","M","M","T","R","$","M","?","?","R","BOSS"],"build_version":"2018-08-09","purchased_purges":4,"victory":true,"max_hp_per_floor":[80,80,80,80,80,80,80,80,80,80,80,80,80,80,80,80,80,80,85,85,85,85,85,85,85,85,85,85,87,87,87,87,87,87,87,87,87,87,87,87,89,91,91,91,91,93,95,95,95,95],"card_choices":[{"not_picked":["Flex","Second Wind"],"picked":"Shrug It Off","floor":1},{"not_picked":["Headbutt","Flex"],"picked":"Thunderclap","floor":4},{"not_picked":["Entrench","Clash"],"picked":"Double Tap","floor":7},{"not_picked":["Clash","True Grit","Sever Soul"],"picked":"SKIP","floor":11},{"not_picked":["Anger","Warcry"],"picked":"Shrug It Off","floor":12},{"not_picked":["Combust","Dual Wield"],"picked":"Intimidate","floor":13},{"not_picked":["Exhume","Immolate"],"picked":"Bludgeon","floor":16},{"not_picked":["Headbutt","Anger"],"picked":"Cleave","floor":18},{"not_picked":["True Grit","Dark Embrace","Perfected Strike"],"picked":"SKIP","floor":22},{"not_picked":["Flex","Sword Boomerang+1"],"picked":"Flame Barrier","floor":23},{"not_picked":["Evolve","Battle Trance"],"picked":"Shrug It Off","floor":24},{"not_picked":["Reckless Charge+1","Havoc"],"picked":"Pommel Strike","floor":28},{"not_picked":["Thunderclap","Twin Strike","Warcry"],"picked":"Singing Bowl","floor":29},{"not_picked":["Body Slam","Perfected Strike"],"picked":"Clothesline","floor":30},{"not_picked":["Brutality","Feed"],"picked":"Reaper","floor":33},{"not_picked":["Body Slam+1","Thunderclap+1"],"picked":"Whirlwind","floor":35},{"not_picked":["Wild Strike","Power Through+1"],"picked":"Flex+1","floor":39},{"not_picked":["Anger","Wild Strike+1","Feel No Pain"],"picked":"Singing Bowl","floor":41},{"not_picked":["Wild Strike","Headbutt+1","Flex"],"picked":"Singing Bowl","floor":42},{"not_picked":["Headbutt","Pommel Strike+1","Fire Breathing+1"],"picked":"Singing Bowl","floor":46},{"not_picked":["Thinking Ahead","Finesse","Flash of Steel"],"picked":"Singing Bowl","floor":47}],"player_experience":562117,"relics_obtained":[{"floor":7,"key":"Ice Cream"},{"floor":9,"key":"Pen Nib"},{"floor":12,"key":"Thread and Needle"},{"floor":14,"key":"Regal Pillow"},{"floor":21,"key":"Boot"},{"floor":23,"key":"Lantern"},{"floor":26,"key":"Ancient Tea Set"},{"floor":29,"key":"Singing Bowl"},{"floor":38,"key":"Bottled Flame"},{"floor":43,"key":"Darkstone Periapt"}],"event_choices":[{"event_name":"Liars Game","player_choice":"agreed","floor":2,"damage_taken":0},{"event_name":"WeMeetAgain","player_choice":"Card","floor":5,"damage_taken":0},{"event_name":"Forgotten Altar","player_choice":"Shed Blood","floor":19,"damage_taken":0},{"event_name":"Vampires","player_choice":"Ignored","floor":31,"damage_taken":0},{"event_name":"Tomb of Lord Red Mask","player_choice":"Ignored","floor":37,"damage_taken":0},{"event_name":"SensoryStone","player_choice":"Memory 1","floor":47,"damage_taken":0}],"is_beta":false,"boss_relics":[{"not_picked":["White Beast Statue","Runic Pyramid"],"picked":"Sozu"},{"not_picked":["Calling Bell","Pandora\u0027s Box"],"picked":"Cursed Key"}],"items_purged_floors":[3,20,36,48],"is_endless":false,"potions_floor_spawned":[4,7,11,13,22,23,28,30,33,39,41,46],"ascension_level":11}