{"gold_per_floor":[361,361,375,36,47,47,122,134,161,61,76,76,108,128,128,205,205,205,205,10,10,10,10,10,10,10,10,10,10,10,10,10,10],"floor_reached":33,"playtime":1618,"items_purged":["Strike_B","Strike_B"],"score":423,"play_id":"baf5908b-a3a1-4820-bbf9-989ea2efed17","local_time":"20180910122727","is_ascension_mode":true,"campfire_choices":[{"data":"Zap","floor":6,"key":"SMITH"},{"data":"Dualcast","floor":12,"key":"SMITH"},{"floor":15,"key":"REST"},{"floor":23,"key":"REST"},{"data":"All For One","floor":27,"key":"SMITH"},{"floor":29,"key":"REST"},{"floor":32,"key":"REST"}],"neow_cost":"TEN_PERCENT_HP_LOSS","seed_source_timestamp":1991922967556952,"circlet_count":0,"master_deck":["Strike_B","Strike_B","Defend_B","Defend_B","Defend_B","Defend_B","Zap+1","Dualcast+1","AscendersBane","Gash","Steam","Cold Snap","Compile Driver","Ball Lightning","Capacitor","All For One+1","Steam","Redo","Gash","FTL","Blind","Necronomicurse","Leap","Gash","BootSequence","Glacier","Tempest+1"],"relics":["Cracked Core","ClockworkSouvenir","Blood Vial","Strawberry","Ectoplasm","Necronomicon","Meat on the Bone"],"potions_floor_usage":[11,11,16,24,28,33],"damage_taken":[{"damage":0,"enemies":"Small Slimes","floor":1,"turns":3},{"damage":0,"enemies":"Cultist","floor":3,"turns":3},{"damage":5,"enemies":"Jaw Worm","floor":5,"turns":3},{"damage":5,"enemies":"3 Louse","floor":8,"turns":3},{"damage":7,"enemies":"Gremlin Gang","floor":11,"turns":3},{"damage":21,"enemies":"3 Sentries","floor":13,"turns":8},{"damage":14,"enemies":"Red Slaver","floor":14,"turns":3},{"damage":27,"enemies":"Slime Boss","floor":16,"turns":12},{"damage":0,"enemies":"Spheric Guardian","floor":18,"turns":3},{"damage":16,"enemies":"Chosen","floor":19,"turns":5},{"damage":13,"enemies":"Snecko","floor":24,"turns":4},{"damage":13,"enemies":"Chosen and Byrds","floor":25,"turns":6},{"damage":19,"enemies":"Snake Plant","floor":28,"turns":4},{"damage":14,"enemies":"Cultist and Chosen","floor":31,"turns":6},{"damage":68,"enemies":"Automaton","floor":33,"turns":10}],"seed_played":"-1932182104656265401","potions_obtained":[{"floor":1,"key":"Explosive Potion"},{"floor":5,"key":"Regen Potion"},{"floor":14,"key":"Swift Potion"},{"floor":16,"key":"Poison Potion"},{"floor":24,"key":"Fire Potion"},{"floor":25,"key":"Swift Potion"}],"is_trial":false,"path_per_floor":["M","?","M","$","M","R","?","M","T","$","M","R","E","M","R","B",null,"M","M","$","?","$","R","M","M","T","R","M","R","?","M","R"],"character_chosen":"DEFECT","items_purchased":["Steam","ClockworkSouvenir","Cold Snap","Gash","FTL","Blind"],"campfire_rested":4,"item_purchase_floors":[4,4,4,20,20,20],"current_hp_per_floor":[64,64,64,64,59,59,48,43,43,43,47,47,35,23,44,19,58,60,46,46,30,30,51,40,29,29,29,24,45,45,45,66,0],"gold":10,"neow_bonus":"TWO_FIFTY_GOLD","is_prod":false,"is_daily":false,"chose_seed":false,"campfire_upgraded":3,"win_rate":0,"timestamp":1536578847,"path_taken":["M","?","?","$","?","R","?","M","T","$","?","R","E","M","R","BOSS","M","M","$","?","$","R","M","?","T","R","M","R","?","M","R","BOSS"],"build_version":"2018-09-06","purchased_purges":2,"victory":false,"max_hp_per_floor":[64,64,64,64,64,64,64,64,64,64,64,64,71,71,71,71,71,71,71,71,71,71,71,71,71,71,71,71,71,71,71,71,71],"card_choices":[{"not_picked":["Heatsinks","Barrage","Storm"],"picked":"SKIP","floor":1},{"not_picked":["Blizzard","Auto Shields"],"picked":"Gash","floor":3},{"not_picked":["Steam","Hologram","Cold Snap"],"picked":"SKIP","floor":5},{"not_picked":["Consume","Barrage","Rebound"],"picked":"SKIP","floor":8},{"not_picked":["Ball Lightning","Rainbow"],"picked":"Compile Driver","floor":11},{"not_picked":["Redo","Chaos"],"picked":"Ball Lightning","floor":13},{"not_picked":["Redo","Reprogram"],"picked":"Capacitor","floor":14},{"not_picked":["Fission","Echo Form"],"picked":"All For One","floor":16},{"not_picked":["Skim","Cold Snap"],"picked":"Steam","floor":18},{"not_picked":["Ball Lightning","Meteor Strike"],"picked":"Redo","floor":19},{"not_picked":["Heatsinks+1","Consume"],"picked":"Leap","floor":24},{"not_picked":["Hello World","Conserve Battery"],"picked":"Gash","floor":25},{"not_picked":["Double Energy","Melter"],"picked":"BootSequence","floor":28},{"not_picked":["Sweeping Beam","Conserve Battery"],"picked":"Tempest+1","floor":31}],"player_experience":725459,"relics_obtained":[{"floor":9,"key":"Blood Vial"},{"floor":13,"key":"Strawberry"},{"floor":21,"key":"Necronomicon"},{"floor":26,"key":"Meat on the Bone"}],"event_choices":[{"event_name":"Match and Keep!","player_choice":"0 cards matched","floor":2,"damage_taken":0},{"event_name":"World of Goop","player_choice":"Gather Gold","floor":7,"damage_taken":0},{"event_name":"Cursed Tome","player_choice":"Obtained Book","floor":21,"damage_taken":0},{"event_name":"The Library","player_choice":"Read","floor":30,"damage_taken":0}],"is_beta":false,"boss_relics":[{"not_picked":["Snecko Eye","FrozenCore"],"picked":"Ectoplasm"}],"items_purged_floors":[4,10],"is_endless":false,"potions_floor_spawned":[1,5,14,16,24,25],"killed_by":"Automaton","ascension_level":14}