{"gold_per_floor":[116,116,127,137,147,147,147,147,147,180,192,192,38,64,64,135,135,154,167,34,50,50],"floor_reached":22,"playtime":799,"items_purged":["Strike_B"],"score":442,"play_id":"5eb76b19-05db-4a1b-9ae4-6ff00ba5107c","local_time":"20190607002108","is_ascension_mode":true,"campfire_choices":[{"floor":6.0,"key":"REST"},{"data":"Sunder","floor":8.0,"key":"SMITH"},{"floor":12.0,"key":"REST"},{"data":"Loop","floor":15.0,"key":"SMITH"}],"neow_cost":"PERCENT_DAMAGE","seed_source_timestamp":192667829961545,"circlet_count":0,"master_deck":["AscendersBane","Strike_B","Defend_B","Defend_B","Defend_B","Zap","Dualcast","Static Discharge","Biased Cognition","Coolheaded","Sunder+1","Coolheaded","Gash","Machine Learning","Loop+1","Undo","Hello World","Tempest","Machine Learning","Loop","Barrage","Electrodynamics","Defragment"],"special_seed":0,"relics":["Cracked Core","The Courier","Mummified Hand","Bag of Preparation","Blue Candle","Inserter"],"potions_floor_usage":[22],"damage_taken":[{"damage":14.0,"enemies":"Small Slimes","floor":1.0,"turns":4.0},{"damage":0.0,"enemies":"Cultist","floor":3.0,"turns":3.0},{"damage":0.0,"enemies":"2 Louse","floor":4.0,"turns":1.0},{"damage":16.0,"enemies":"Lots of Slimes","floor":5.0,"turns":4.0},{"damage":23.0,"enemies":"Lagavulin","floor":10.0,"turns":6.0},{"damage":11.0,"enemies":"3 Louse","floor":11.0,"turns":2.0},{"damage":0.0,"enemies":"3 Sentries","floor":14.0,"turns":5.0},{"damage":7.0,"enemies":"Slime Boss","floor":16.0,"turns":7.0},{"damage":17.0,"enemies":"Shell Parasite","floor":18.0,"turns":5.0},{"damage":0.0,"enemies":"Chosen","floor":19.0,"turns":3.0},{"damage":37,"enemies":"Snake Plant","floor":21,"turns":5},{"damage":14,"enemies":"Cultist and Chosen","floor":22,"turns":3}],"seed_played":"-3048198538051032606","potions_obtained":[{"floor":1.0,"key":"Regen Potion"},{"floor":14.0,"key":"Fire Potion"},{"floor":21,"key":"AttackPotion"}],"is_trial":false,"path_per_floor":["M","?","M","M","M","R","?","R","T","E","M","R","$","E","R","B",null,"M","M","$","M","M"],"character_chosen":"DEFECT","items_purchased":["Undo","Hello World","Electrodynamics"],"campfire_rested":2,"item_purchase_floors":[13,13,20],"current_hp_per_floor":[32,32,32,32,16,37,37,37,37,29,18,39,39,39,39,32,61,44,44,44,7,0],"gold":50,"neow_bonus":"TRANSFORM_TWO_CARDS","is_prod":false,"is_daily":false,"chose_seed":false,"campfire_upgraded":2,"win_rate":0,"timestamp":1559859668,"path_taken":["M","?","?","?","M","R","?","R","T","E","M","R","$","E","R","BOSS","M","?","$","M","M"],"build_version":"2019-01-23","purchased_purges":1,"victory":false,"max_hp_per_floor":[71,71,71,71,71,71,71,71,71,71,71,71,71,71,71,71,71,71,71,71,71,71],"card_choices":[{"not_picked":["Force Field","Hologram"],"picked":"Coolheaded","floor":1.0},{"not_picked":["Consume","Redo"],"picked":"Sunder","floor":3.0},{"not_picked":["Reinforced Body","Stack"],"picked":"Coolheaded","floor":4.0},{"not_picked":["Steam","Beam Cell"],"picked":"Gash","floor":5.0},{"not_picked":["Sweeping Beam","Compile Driver"],"picked":"Machine Learning","floor":10.0},{"not_picked":["Stack","White Noise"],"picked":"Loop","floor":11.0},{"not_picked":["Stack","BootSequence"],"picked":"Tempest","floor":14.0},{"not_picked":["Buffer","Thunder Strike"],"picked":"Machine Learning","floor":16.0},{"not_picked":["Coolheaded+1","Gash"],"picked":"Loop","floor":18.0},{"not_picked":["Leap","Skim+1"],"picked":"Barrage","floor":19.0},{"not_picked":["Rebound+1","Lockon+1"],"picked":"Defragment","floor":21}],"player_experience":826735,"relics_obtained":[{"floor":7.0,"key":"The Courier"},{"floor":9.0,"key":"Mummified Hand"},{"floor":10.0,"key":"Bag of Preparation"},{"floor":14.0,"key":"Blue Candle"}],"event_choices":[{"cards_removed":["Defend_B"],"damage_healed":0.0,"max_hp_gain":0.0,"max_hp_loss":0.0,"gold_gain":0.0,"event_name":"Bonfire Elementals","player_choice":"Offered Basic","floor":2.0,"gold_loss":0.0,"damage_taken":0.0},{"damage_healed":0.0,"max_hp_gain":0.0,"max_hp_loss":0.0,"gold_gain":0.0,"event_name":"Wheel of Change","player_choice":"Relic","floor":7.0,"gold_loss":0.0,"damage_taken":0.0}],"is_beta":false,"boss_relics":[{"not_picked":["Orrery","Nuclear Battery"],"picked":"Inserter"}],"items_purged_floors":[13],"is_endless":false,"potions_floor_spawned":[1,14,21],"killed_by":"Cultist and Chosen","ascension_level":20}