{"gold_per_floor":[112,131,1,1,1,40,40,40,40,40,5,36,36,52,52,148,148,161,185,185,209,232,232,157,157,157,177,196,196,24,49,49,142,142,161,161,17,37,76,76,119,119,167,21,21,55,55,1,1,1],"floor_reached":51,"playtime":2551,"items_purged":["Strike_R+1","Strike_R+1"],"score":1348,"play_id":"4aac1cad-9828-4277-a6ef-034a6fe18ea6","local_time":"20190306231507","is_ascension_mode":true,"campfire_choices":[{"data":"Corruption","floor":7.0,"key":"SMITH"},{"floor":10.0,"key":"REST"},{"data":"Bash","floor":15.0,"key":"SMITH"},{"data":"Barricade","floor":23.0,"key":"SMITH"},{"floor":25.0,"key":"REST"},{"data":"Shockwave","floor":29.0,"key":"SMITH"},{"floor":32.0,"key":"REST"},{"data":"Double Tap","floor":40.0,"key":"SMITH"},{"data":"Fire Breathing","floor":42.0,"key":"SMITH"},{"floor":49,"key":"REST"}],"neow_cost":"PERCENT_DAMAGE","seed_source_timestamp":63961411846600,"circlet_count":0,"master_deck":["AscendersBane","Strike_R+1","Defend_R+1","Defend_R+1","Defend_R+1","Defend_R+1","Bash+1","Thunderclap","Corruption+1","Feel No Pain+1","Anger+1","Pommel Strike","Inflame+1","Barricade+1","Flame Barrier","Sword Boomerang","Shockwave+1","Magnetism+1","Double Tap+1","Rampage","Dual Wield","Fire Breathing+1","Body Slam","Burning Pact+1","Havoc"],"special_seed":0,"relics":["Burning Blood","Dead Branch","Golden Idol","Whetstone","Singing Bowl","Orichalcum","Bottled Lightning","Empty Cage","Omamori","Busted Crown","Darkstone Periapt","Ancient Tea Set","Shuriken"],"potions_floor_usage":[46,46],"damage_taken":[{"damage":5.0,"enemies":"2 Louse","floor":1.0,"turns":4.0},{"damage":19.0,"enemies":"Jaw Worm","floor":2.0,"turns":4.0},{"damage":9.0,"enemies":"3 Sentries","floor":6.0,"turns":6.0},{"damage":17.0,"enemies":"Gremlin Nob","floor":12.0,"turns":4.0},{"damage":2.0,"enemies":"Small Slimes","floor":14.0,"turns":3.0},{"damage":43.0,"enemies":"Hexaghost","floor":16.0,"turns":8.0},{"damage":21.0,"enemies":"Spheric Guardian","floor":18.0,"turns":5.0},{"damage":12.0,"enemies":"Shell Parasite","floor":19.0,"turns":7.0},{"damage":27.0,"enemies":"Cultist and Chosen","floor":21.0,"turns":5.0},{"damage":3.0,"enemies":"Snecko","floor":22.0,"turns":4.0},{"damage":4.0,"enemies":"Chosen and Byrds","floor":27.0,"turns":6.0},{"damage":12.0,"enemies":"Centurion and Healer","floor":28.0,"turns":8.0},{"damage":11.0,"enemies":"Shelled Parasite and Fungi","floor":31.0,"turns":4.0},{"damage":48.0,"enemies":"Collector","floor":33.0,"turns":8.0},{"damage":28.0,"enemies":"Orb Walker","floor":35.0,"turns":4.0},{"damage":4.0,"enemies":"3 Shapes","floor":38.0,"turns":3.0},{"damage":23.0,"enemies":"Sphere and 2 Shapes","floor":39.0,"turns":5.0},{"damage":6.0,"enemies":"Reptomancer","floor":41.0,"turns":6.0},{"damage":32,"enemies":"Giant Head","floor":46,"turns":8},{"damage":43,"enemies":"Time Eater","floor":50,"turns":7}],"seed_played":"8841963219692278367","potions_obtained":[{"floor":2.0,"key":"Fruit Juice"},{"floor":14.0,"key":"Poison Potion"},{"floor":19.0,"key":"SmokeBomb"},{"floor":28.0,"key":"GamblersBrew"},{"floor":33.0,"key":"SpeedPotion"},{"floor":35.0,"key":"SkillPotion"},{"floor":39.0,"key":"PowerPotion"},{"floor":46,"key":"Fire Potion"}],"is_trial":false,"path_per_floor":["M","M","$","?","?","E","R","T","T","R","?","E","?","M","R","B",null,"M","M","?","M","M","R","?","R","T","M","M","R","$","M","R","B",null,"M","?","$","M","M","R","E","R","T","$","?","E","?","$","R","B",null],"character_chosen":"IRONCLAD","items_purchased":["Feel No Pain","Anger","Magnetism","Rampage","Body Slam","Havoc"],"campfire_rested":4,"item_purchase_floors":[3,3,30,37,44,48],"current_hp_per_floor":[52,44,44,27,27,24,24,24,24,49,70,59,59,63,63,26,70,55,49,49,28,33,33,33,59,59,63,59,59,59,56,83,41,80,60,60,60,64,47,47,47,47,47,47,47,21,45,45,74,37],"gold":1,"neow_bonus":"ONE_RARE_RELIC","is_prod":false,"is_daily":false,"chose_seed":false,"campfire_upgraded":6,"win_rate":0,"timestamp":1551910507,"path_taken":["M","M","$","?","?","E","R","?","T","R","?","E","?","M","R","BOSS","M","?","?","M","M","R","?","R","T","M","M","R","$","M","R","BOSS","M","?","$","M","M","R","E","R","T","?","?","E","?","?","R","BOSS"],"build_version":"2019-01-23","purchased_purges":2,"victory":true,"max_hp_per_floor":[80,85,85,85,85,85,85,85,85,85,85,85,85,85,85,85,85,85,85,85,85,87,87,87,87,87,89,91,91,91,93,93,93,93,95,95,95,97,97,97,97,97,97,97,97,97,97,97,97,97],"card_choices":[{"not_picked":["Heavy Blade","Warcry"],"picked":"Thunderclap","floor":1.0},{"not_picked":["Shrug It Off","Rampage"],"picked":"Corruption","floor":2.0},{"not_picked":["Cleave","Twin Strike"],"picked":"Pommel Strike","floor":6.0},{"not_picked":["Sword Boomerang","Pommel Strike"],"picked":"Inflame","floor":12.0},{"not_picked":["Wild Strike","Warcry"],"picked":"Headbutt","floor":14.0},{"not_picked":["Limit Break","Demon Form"],"picked":"Barricade","floor":16.0},{"not_picked":["Cleave","Dual Wield"],"picked":"Flame Barrier","floor":18.0},{"not_picked":["Twin Strike","Hemokinesis"],"picked":"Sword Boomerang","floor":19.0},{"not_picked":["Burning Pact","Iron Wave"],"picked":"Shockwave","floor":21.0},{"not_picked":["Rupture","True Grit","Headbutt"],"picked":"Singing Bowl","floor":22.0},{"not_picked":["Shrug It Off","Wild Strike","Sentinel"],"picked":"Singing Bowl","floor":27.0},{"not_picked":["Sentinel","Intimidate","Shrug It Off"],"picked":"Singing Bowl","floor":28.0},{"not_picked":["Clothesline","Metallicize","Armaments"],"picked":"Singing Bowl","floor":31.0},{"not_picked":["Fiend Fire","Demon Form"],"picked":"Double Tap","floor":33.0},{"not_picked":["Thunderclap+1"],"picked":"Singing Bowl","floor":35.0},{"not_picked":["Pommel Strike"],"picked":"Singing Bowl","floor":38.0},{"not_picked":[],"picked":"Dual Wield","floor":39.0},{"not_picked":[],"picked":"Fire Breathing","floor":41.0},{"not_picked":[],"picked":"Burning Pact+1","floor":46}],"player_experience":956599,"relics_obtained":[{"floor":6.0,"key":"Whetstone"},{"floor":8.0,"key":"Singing Bowl"},{"floor":9.0,"key":"Orichalcum"},{"floor":12.0,"key":"Bottled Lightning"},{"floor":26.0,"key":"Omamori"},{"floor":41.0,"key":"Darkstone Periapt"},{"floor":43.0,"key":"Ancient Tea Set"},{"floor":46,"key":"Shuriken"}],"event_choices":[{"damage_healed":0.0,"max_hp_gain":0.0,"max_hp_loss":0.0,"gold_gain":0.0,"event_name":"Shining Light","player_choice":"Entered Light","floor":4.0,"gold_loss":0.0,"damage_taken":17.0,"cards_upgraded":["Defend_R","Feel No Pain"]},{"damage_healed":0.0,"max_hp_gain":0.0,"max_hp_loss":0.0,"gold_gain":0.0,"event_name":"Golden Idol","player_choice":"Take Wound","floor":5.0,"gold_loss":0.0,"damage_taken":0.0,"relics_obtained":["Golden Idol"],"cards_obtained":["Injury"]},{"damage_healed":21.0,"max_hp_gain":0.0,"max_hp_loss":0.0,"gold_gain":0.0,"event_name":"The Cleric","player_choice":"Healed","floor":11.0,"gold_loss":35.0,"damage_taken":0.0},{"damage_healed":0.0,"max_hp_gain":0.0,"max_hp_loss":0.0,"gold_gain":0.0,"event_name":"Accursed Blacksmith","player_choice":"Forge","floor":13.0,"gold_loss":0.0,"damage_taken":0.0,"cards_upgraded":["Inflame"]},{"damage_healed":0.0,"max_hp_gain":0.0,"max_hp_loss":0.0,"gold_gain":0.0,"event_name":"Back to Basics","player_choice":"Simplicity","floor":20.0,"gold_loss":0.0,"damage_taken":0.0,"cards_upgraded":["Strike_R","Strike_R","Strike_R","Defend_R","Defend_R","Defend_R"]},{"cards_removed":["Strike_R"],"damage_healed":0.0,"max_hp_gain":0.0,"max_hp_loss":0.0,"gold_gain":0.0,"event_name":"Beggar","player_choice":"Gave Gold","floor":24.0,"gold_loss":75.0,"damage_taken":0.0},{"damage_healed":0.0,"max_hp_gain":0.0,"max_hp_loss":0.0,"gold_gain":0.0,"event_name":"Upgrade Shrine","player_choice":"Upgraded","floor":36.0,"gold_loss":0.0,"damage_taken":0.0,"cards_upgraded":["Magnetism"]},{"cards_removed":["Headbutt"],"damage_healed":0,"gold_gain":0,"player_choice":"Removed Attack","damage_taken":0,"max_hp_gain":0,"max_hp_loss":0,"event_name":"Falling","floor":45,"gold_loss":0},{"damage_healed":24,"gold_gain":0,"player_choice":"Writhe","damage_taken":0,"max_hp_gain":0,"max_hp_loss":0,"event_name":"Winding Halls","floor":47,"gold_loss":0,"cards_obtained":["Writhe"]}],"is_beta":false,"boss_relics":[{"not_picked":["Fusion Hammer","Runic Cube"],"picked":"Empty Cage"},{"not_picked":["Tiny House","Snecko Eye"],"picked":"Busted Crown"}],"items_purged_floors":[37,44],"is_endless":false,"potions_floor_spawned":[2,14,19,28,33,35,39,41,46],"ascension_level":13}