{"gold_per_floor":[114,114,132,6,24,24,47,222,249,249,273,34,73,94,94,219,219,159],"floor_reached":18,"playtime":1155,"items_purged":["Dualcast","Doubt"],"score":187,"play_id":"1aab820e-915a-4ca5-96b2-470a498e4d1f","local_time":"20190602000911","is_ascension_mode":false,"campfire_choices":[{"data":"Zap","floor":6,"key":"SMITH"},{"data":"Streamline","floor":10,"key":"SMITH"},{"floor":15,"key":"REST"}],"neow_cost":"NONE","seed_source_timestamp":715522930777302,"circlet_count":0,"master_deck":["Strike_B","Strike_B","Strike_B","Defend_B+1","Defend_B+1","Defend_B","Defend_B","Zap+1","Reboot","Loop","Hologram","Streamline+1","Glacier","Reboot","Streamline","Steam","Creative AI","Hologram"],"relics":["Cracked Core","Golden Idol","Oddly Smooth Stone","War Paint","Velvet Choker"],"potions_floor_usage":[11,13,16,16],"damage_taken":[{"damage":0,"enemies":"Jaw Worm","floor":1,"turns":4},{"damage":6,"enemies":"2 Louse","floor":3,"turns":2},{"damage":2,"enemies":"Small Slimes","floor":5,"turns":4},{"damage":3,"enemies":"2 Fungi Beasts","floor":7,"turns":4},{"damage":22,"enemies":"3 Louse","floor":11,"turns":3},{"damage":0,"enemies":"Gremlin Nob","floor":13,"turns":2},{"damage":0,"enemies":"Red Slaver","floor":14,"turns":3},{"damage":17,"enemies":"Hexaghost","floor":16,"turns":10},{"damage":8,"enemies":"2 Thieves","floor":18,"turns":4}],"seed_played":"-1120426672279621802","potions_obtained":[{"floor":1,"key":"Block Potion"},{"floor":5,"key":"FearPotion"},{"floor":13,"key":"Ancient Potion"},{"floor":14,"key":"Regen Potion"}],"is_trial":false,"path_per_floor":["M","?","M","$","M","R","M","?","T","R","M","$","E","M","R","B",null,"M"],"character_chosen":"DEFECT","items_purchased":["Hologram","Reboot"],"campfire_rested":1,"item_purchase_floors":[4,12],"current_hp_per_floor":[75,57,51,51,49,49,46,46,46,46,24,24,24,24,46,44,75,67],"gold":159,"neow_bonus":"TRANSFORM_CARD","is_prod":false,"is_daily":false,"chose_seed":false,"campfire_upgraded":2,"win_rate":0.0,"timestamp":1559448551,"path_taken":["M","?","M","$","M","R","M","?","T","R","M","$","E","M","R","BOSS","M"],"build_version":"2019-01-23","purchased_purges":2,"victory":false,"max_hp_per_floor":[75,75,75,75,75,75,75,75,75,75,75,75,75,75,75,75,75,75],"card_choices":[{"not_picked":["Blizzard","Heatsinks"],"picked":"Loop","floor":1},{"not_picked":["Glacier","Static Discharge","Stack"],"picked":"SKIP","floor":3},{"not_picked":["Gash","Stack","Compile Driver"],"picked":"SKIP","floor":5},{"not_picked":["Coolheaded","Redo"],"picked":"Streamline","floor":7},{"not_picked":["Leap","Gash"],"picked":"Glacier","floor":11},{"not_picked":["Ball Lightning","Force Field"],"picked":"Streamline","floor":13},{"not_picked":["Consume","Sweeping Beam"],"picked":"Steam","floor":14},{"not_picked":["Electrodynamics","Amplify"],"picked":"Creative AI","floor":16},{"not_picked":["Rip and Tear","Steam Power"],"picked":"Hologram","floor":18}],"player_experience":92859,"relics_obtained":[{"floor":9,"key":"Oddly Smooth Stone"},{"floor":13,"key":"War Paint"}],"event_choices":[{"damage_healed":0,"gold_gain":0,"player_choice":"Take Damage","damage_taken":18,"relics_obtained":["Golden Idol"],"max_hp_gain":0,"max_hp_loss":0,"event_name":"Golden Idol","floor":2,"gold_loss":0},{"damage_healed":0,"gold_gain":175,"player_choice":"AGREE","damage_taken":0,"max_hp_gain":0,"max_hp_loss":0,"event_name":"Liars Game","floor":8,"gold_loss":0,"cards_obtained":["Doubt"]}],"is_beta":false,"boss_relics":[{"not_picked":["Inserter","Snecko Eye"],"picked":"Velvet Choker"}],"items_purged_floors":[4,12],"is_endless":false,"potions_floor_spawned":[1,5,13,14],"killed_by":"2 Thieves","ascension_level":0}