{"gold_per_floor":[13,13,163,163,163,163,198,198,223,94,112,12,32,12],"floor_reached":14,"playtime":306,"items_purged":["Injury","Strike_R"],"score":159,"play_id":"61de965e-0b01-412a-a8ce-ea4817eab287","local_time":"20190716212643","is_ascension_mode":true,"campfire_choices":[{"data":"Juggernaut","floor":6,"key":"SMITH"},{"data":"Anger","floor":8,"key":"SMITH"}],"neow_cost":"NO_GOLD","seed_source_timestamp":348523967264900,"circlet_count":0,"master_deck":["AscendersBane","Strike_R","Strike_R","Strike_R","Strike_R","Defend_R+1","Defend_R","Defend_R","Defend_R","Bash+1","Juggernaut+1","Anger+1","Juggernaut+1","True Grit","Rage","Dual Wield"],"relics":["Burning Blood","Golden Idol","Frozen Egg 2","Bag of Preparation"],"potions_floor_usage":[7],"damage_taken":[{"damage":13,"enemies":"2 Louse","floor":1,"turns":4},{"damage":39,"enemies":"3 Sentries","floor":7,"turns":7},{"damage":9,"enemies":"Small Slimes","floor":11,"turns":4},{"damage":12,"enemies":"Jaw Worm","floor":13,"turns":3},{"damage":11,"enemies":"Looter","floor":14,"turns":1}],"seed_played":"-3332716682492704776","potions_obtained":[{"floor":1,"key":"Regen Potion"}],"is_trial":false,"path_per_floor":["M","?","?","?","?","R","E","R","T","$","M","$","M","M"],"character_chosen":"IRONCLAD","items_purchased":["True Grit"],"campfire_rested":0,"item_purchase_floors":[10],"current_hp_per_floor":[61,61,61,38,38,38,20,20,20,20,17,17,11,0],"gold":12,"neow_bonus":"THREE_RARE_CARDS","is_prod":false,"is_daily":false,"chose_seed":false,"campfire_upgraded":2,"win_rate":0,"timestamp":1563305203,"path_taken":["M","?","?","?","?","R","E","R","T","$","M","$","M","?"],"build_version":"2019-07-05","purchased_purges":2,"victory":false,"max_hp_per_floor":[75,75,75,75,75,75,75,75,75,75,75,75,75,75],"card_choices":[{"not_picked":["Demon Form","Berserk"],"picked":"Juggernaut","floor":0},{"not_picked":["Seeing Red","Searing Blow"],"picked":"Anger","floor":1},{"not_picked":["Iron Wave","Fiend Fire"],"picked":"Juggernaut","floor":7},{"not_picked":["Cleave","Shrug It Off"],"picked":"Rage","floor":11},{"not_picked":["Thunderclap","Ghostly Armor"],"picked":"Dual Wield","floor":13}],"player_experience":1659180,"relics_obtained":[{"floor":7,"key":"Frozen Egg 2"},{"floor":9,"key":"Bag of Preparation"}],"event_choices":[{"damage_healed":0,"gold_gain":0,"player_choice":"Take Wound","damage_taken":0,"relics_obtained":["Golden Idol"],"max_hp_gain":0,"max_hp_loss":0,"event_name":"Golden Idol","floor":2,"gold_loss":0,"cards_obtained":["Injury"]},{"damage_healed":0,"gold_gain":150,"player_choice":"AGREE","damage_taken":0,"max_hp_gain":0,"max_hp_loss":0,"event_name":"Liars Game","floor":3,"gold_loss":0,"cards_obtained":["Doubt"]},{"damage_healed":0,"gold_gain":0,"player_choice":"Entered Light","damage_taken":23,"max_hp_gain":0,"max_hp_loss":0,"event_name":"Shining Light","floor":4,"gold_loss":0,"cards_upgraded":["Defend_R","Bash"]},{"cards_removed":["Doubt"],"damage_healed":0,"gold_gain":0,"player_choice":"Forget","damage_taken":0,"max_hp_gain":0,"max_hp_loss":0,"event_name":"Living Wall","floor":5,"gold_loss":0}],"is_beta":false,"boss_relics":[],"items_purged_floors":[10,12],"is_endless":false,"potions_floor_spawned":[1],"killed_by":"Looter","ascension_level":17}