{"gold_per_floor":[113,126,140,140,153,185,185,205,232,251,251,76,76,76,76,174,174,193,211,230,230,245,277,277,295,295,295,295,295,295],"floor_reached":30,"playtime":1944,"items_purged":[],"score":254,"play_id":"838b7685-0cc0-4644-a0cd-cc259912349d","local_time":"20190527010950","is_ascension_mode":false,"campfire_choices":[{"data":"Wraith Form v2","floor":7,"key":"SMITH"},{"data":"All Out Attack","floor":11,"key":"SMITH"},{"floor":15,"key":"REST"},{"floor":24,"key":"REST"},{"floor":27,"key":"REST"}],"neow_cost":"NONE","seed_source_timestamp":199939060986693,"circlet_count":0,"master_deck":["Defend_G+1","Defend_G+1","Defend_G+1","Defend_G+1","Defend_G+1","Strike_G+1","Strike_G+1","Strike_G+1","Strike_G+1","Strike_G+1","Survivor","Neutralize","All Out Attack+1","Doubt","The Bomb","Corpse Explosion","Infinite Blades","Infinite Blades","Infinite Blades","Quick Slash+1","Dash+1","Doubt"],"relics":["Cursed Key","Pantograph","Oddly Smooth Stone","Happy Flower","Orrery","Smiling Mask"],"potions_floor_usage":[8,16,20,20,22,28,28],"damage_taken":[{"damage":0,"enemies":"Small Slimes","floor":1,"turns":4},{"damage":0,"enemies":"2 Louse","floor":2,"turns":3},{"damage":0,"enemies":"Jaw Worm","floor":3,"turns":3},{"damage":0,"enemies":"Blue Slaver","floor":5,"turns":4},{"damage":14,"enemies":"3 Sentries","floor":6,"turns":10},{"damage":1,"enemies":"Looter","floor":8,"turns":4},{"damage":6,"enemies":"Large Slime","floor":10,"turns":7},{"damage":20,"enemies":"Slime Boss","floor":16,"turns":8},{"damage":0,"enemies":"3 Byrds","floor":18,"turns":2},{"damage":16,"enemies":"Chosen","floor":19,"turns":5},{"damage":5,"enemies":"Snecko","floor":20,"turns":5},{"damage":15,"enemies":"Centurion and Healer","floor":22,"turns":4},{"damage":26,"enemies":"Book of Stabbing","floor":23,"turns":6},{"damage":18,"enemies":"3 Cultists","floor":25,"turns":4},{"damage":12,"enemies":"Snake Plant","floor":28,"turns":3},{"damage":0,"enemies":"Shelled Parasite and Fungi","floor":30,"turns":1}],"seed_played":"4305403237389068670","potions_obtained":[{"floor":2,"key":"Strength Potion"},{"floor":5,"key":"SmokeBomb"},{"floor":6,"key":"PowerPotion"},{"floor":8,"key":"Strength Potion"},{"floor":10,"key":"Regen Potion"},{"floor":19,"key":"Swift Potion"},{"floor":20,"key":"Poison Potion"},{"floor":25,"key":"Regen Potion"}],"is_trial":false,"path_per_floor":["M","M","M","$","M","E","R","M","T","M","R","$","?","?","R","B",null,"M","M","M","?","M","E","R","M","T","R","M","?","M"],"character_chosen":"THE_SILENT","items_purchased":["The Bomb"],"campfire_rested":3,"item_purchase_floors":[12],"current_hp_per_floor":[70,70,70,70,70,56,56,55,55,49,49,49,42,39,60,50,70,70,54,58,58,43,17,38,20,20,41,34,34,34],"gold":295,"neow_bonus":"BOSS_RELIC","is_prod":false,"is_daily":false,"chose_seed":false,"campfire_upgraded":2,"win_rate":0,"timestamp":1558933790,"path_taken":["M","M","M","$","M","E","R","M","T","M","R","$","?","?","R","BOSS","M","M","M","?","M","E","R","M","T","R","M","?","M"],"build_version":"2019-01-23","purchased_purges":0,"victory":false,"max_hp_per_floor":[70,70,70,70,70,70,70,70,70,70,70,70,70,70,70,70,70,70,70,70,70,70,70,70,70,70,70,70,70,70],"card_choices":[{"not_picked":["Prepared","Blade Dance"],"picked":"All Out Attack","floor":1},{"not_picked":["Acrobatics","Outmaneuver","Dodge and Roll"],"picked":"SKIP","floor":2},{"not_picked":["Blade Dance","Eviscerate","Skewer"],"picked":"SKIP","floor":3},{"not_picked":["PiercingWail","Heel Hook","Deadly Poison"],"picked":"SKIP","floor":5},{"not_picked":["Catalyst","Dagger Throw"],"picked":"Wraith Form v2","floor":6},{"not_picked":["Tactician","Dodge and Roll","Acrobatics"],"picked":"SKIP","floor":8},{"not_picked":["Terror","Flechettes","Deflect"],"picked":"SKIP","floor":10},{"not_picked":["Burst","Envenom"],"picked":"Corpse Explosion","floor":16},{"not_picked":["Catalyst","Blade Dance"],"picked":"Infinite Blades","floor":17},{"not_picked":["Bouncing Flask+1","PiercingWail"],"picked":"Infinite Blades","floor":18},{"not_picked":["Acrobatics","Unload"],"picked":"Infinite Blades","floor":19},{"not_picked":["Outmaneuver","Reflex"],"picked":"Quick Slash+1","floor":20},{"not_picked":["Dagger Throw+1","Deflect","PiercingWail+1"],"picked":"SKIP","floor":22},{"not_picked":["Sucker Punch","Unload"],"picked":"Dash+1","floor":23},{"not_picked":["Sucker Punch","Deflect","Acrobatics"],"picked":"SKIP","floor":25}],"player_experience":26811,"relics_obtained":[{"floor":6,"key":"Pantograph"},{"floor":9,"key":"Oddly Smooth Stone"},{"floor":23,"key":"Smiling Mask"}],"event_choices":[{"cards_removed":["Wraith Form v2"],"damage_healed":0,"gold_gain":0,"player_choice":"Card Removal","damage_taken":7,"max_hp_gain":0,"max_hp_loss":0,"event_name":"Golden Wing","floor":13,"gold_loss":0},{"damage_healed":0,"gold_gain":0,"player_choice":"Success","damage_taken":3,"relics_obtained":["Happy Flower"],"max_hp_gain":0,"max_hp_loss":0,"event_name":"Scrap Ooze","floor":14,"gold_loss":0},{"damage_healed":0,"gold_gain":0,"player_choice":"Simplicity","damage_taken":0,"max_hp_gain":0,"max_hp_loss":0,"event_name":"Back to Basics","floor":21,"gold_loss":0,"cards_upgraded":["Defend_G","Defend_G","Defend_G","Defend_G","Defend_G","Strike_G","Strike_G","Strike_G","Strike_G","Strike_G"]},{"damage_healed":0,"gold_gain":0,"player_choice":"Ignored","damage_taken":0,"max_hp_gain":0,"max_hp_loss":0,"event_name":"The Mausoleum","floor":29,"gold_loss":0}],"is_beta":false,"boss_relics":[{"not_picked":["Empty Cage","Ectoplasm"],"picked":"Orrery"}],"items_purged_floors":[],"is_endless":false,"potions_floor_spawned":[2,5,6,8,10,19,20,25],"killed_by":"Shelled Parasite and Fungi","ascension_level":0}