{"gold_per_floor":[112,112,132,82,82,82,12,12,12,43,54,54,68,88,88,189,189,209,209,209,284,302,302,315,332,356,390,390,26,26,39,39,138,138,149,149,167,12,12,12,24,24,24,56,56,74,74,88,88,88],"floor_reached":50,"playtime":664,"items_purged":["Strike_R"],"score":540,"play_id":"3c03ba90-9c06-4e0f-aa7f-6655e7774376","local_time":"20191014060012","is_ascension_mode":false,"campfire_choices":[{"data":"Bash","floor":6,"key":"SMITH"},{"data":"Inflame","floor":8,"key":"SMITH"},{"data":"Twin Strike","floor":12,"key":"SMITH"},{"data":"Inflame","floor":15,"key":"SMITH"},{"data":"Flex","floor":23,"key":"SMITH"},{"data":"Headbutt","floor":28,"key":"SMITH"},{"data":"Flex","floor":30,"key":"SMITH"},{"data":"Defend_R","floor":32,"key":"SMITH"},{"data":"Double Tap","floor":40,"key":"SMITH"},{"data":"Heavy Blade","floor":42,"key":"SMITH"},{"data":"Defend_R","floor":45,"key":"SMITH"},{"data":"Defend_R","floor":49,"key":"SMITH"}],"neow_cost":"NONE","seed_source_timestamp":39205312459097,"circlet_count":0,"master_deck":["Strike_R+1","Strike_R","Defend_R+1","Defend_R+1","Defend_R+1","Defend_R+1","Bash+1","Twin Strike+1","Inflame+1","Headbutt+1","Flex+1","Inflame+1","Heavy Blade+1","Flex+1","Double Tap+1","Heavy Blade+1","Inflame+1","Battle Trance+1"],"relics":["Burning Blood","NeowsBlessing","Meat on the Bone","CloakClasp","Centennial Puzzle","Philosopher\u0027s Stone","Smiling Mask","Mercury Hourglass","Paper Frog","Velvet Choker","DollysMirror","White Beast Statue","Omamori"],"potions_floor_usage":[16,24,25,27,27,48,50,50],"damage_taken":[{"damage":0,"enemies":"Jaw Worm","floor":1,"turns":1},{"damage":0,"enemies":"2 Louse","floor":3,"turns":1},{"damage":0,"enemies":"Lagavulin","floor":10,"turns":1},{"damage":4,"enemies":"Small Slimes","floor":11,"turns":3},{"damage":2,"enemies":"Looter","floor":13,"turns":2},{"damage":7,"enemies":"Red Slaver","floor":14,"turns":2},{"damage":29,"enemies":"Hexaghost","floor":16,"turns":7},{"damage":6,"enemies":"Spheric Guardian","floor":18,"turns":3},{"damage":6,"enemies":"Chosen","floor":22,"turns":3},{"damage":0,"enemies":"Snake Plant","floor":24,"turns":1},{"damage":10,"enemies":"Cultist and Chosen","floor":25,"turns":3},{"damage":14,"enemies":"Book of Stabbing","floor":27,"turns":2},{"damage":8,"enemies":"Shelled Parasite and Fungi","floor":31,"turns":2},{"damage":25,"enemies":"Champ","floor":33,"turns":5},{"damage":5,"enemies":"3 Shapes","floor":35,"turns":3},{"damage":3,"enemies":"Orb Walker","floor":37,"turns":2},{"damage":15,"enemies":"Sphere and 2 Shapes","floor":41,"turns":4},{"damage":16,"enemies":"Giant Head","floor":44,"turns":3},{"damage":0,"enemies":"Maw","floor":46,"turns":4},{"damage":31,"enemies":"Writhing Mass","floor":48,"turns":3},{"damage":80,"enemies":"Awakened One","floor":50,"turns":4}],"seed_played":"2762552059899952474","potions_obtained":[{"floor":13,"key":"SteroidPotion"},{"floor":14,"key":"EssenceOfSteel"},{"floor":16,"key":"Explosive Potion"},{"floor":22,"key":"Energy Potion"},{"floor":24,"key":"Explosive Potion"},{"floor":27,"key":"Strength Potion"},{"floor":41,"key":"SneckoOil"},{"floor":44,"key":"BloodPotion"},{"floor":48,"key":"Dexterity Potion"}],"is_trial":false,"path_per_floor":["M","?","M","?","?","R","$","R","T","E","M","R","M","M","R","B",null,"M","?","?","?","M","R","M","M","T","E","R","$","R","M","R","B",null,"M","?","M","$","?","R","M","R","T","E","R","M","?","M","R","B"],"character_chosen":"IRONCLAD","items_purchased":["Inflame","Flex","Paper Frog","DollysMirror"],"campfire_rested":0,"item_purchase_floors":[7,29,29,38],"current_hp_per_floor":[80,68,74,74,58,58,58,58,58,64,66,66,70,69,69,58,80,80,65,65,57,57,57,63,59,59,51,51,51,51,49,49,42,85,85,85,85,85,85,85,76,76,76,66,66,72,72,60,60,0],"gold":88,"neow_bonus":"THREE_ENEMY_KILL","is_prod":false,"is_daily":false,"chose_seed":false,"campfire_upgraded":12,"win_rate":0,"timestamp":1571054412,"path_taken":["M","?","M","?","?","R","?","R","T","E","M","R","M","M","R","BOSS","M","?","?","?","?","R","M","M","T","E","R","$","R","M","R","BOSS","M","?","M","$","?","R","?","R","T","E","R","M","?","M","R","BOSS"],"build_version":"2019-10-11","purchased_purges":1,"victory":false,"max_hp_per_floor":[80,80,80,80,80,80,80,80,80,80,80,80,80,80,80,80,80,80,85,85,85,85,85,85,85,85,85,85,85,85,85,85,85,85,85,85,85,85,85,85,85,85,85,85,85,85,85,85,85,85],"card_choices":[{"not_picked":["Armaments","Thunderclap"],"picked":"Twin Strike","floor":1},{"not_picked":["Anger","Clothesline","Fire Breathing"],"picked":"SKIP","floor":3},{"not_picked":["Havoc","Perfected Strike"],"picked":"Headbutt","floor":10},{"not_picked":["True Grit","Armaments","Bloodletting"],"picked":"SKIP","floor":11},{"not_picked":["Anger","Dual Wield"],"picked":"Flex","floor":13},{"not_picked":["Perfected Strike","Body Slam"],"picked":"Inflame","floor":14},{"not_picked":["True Grit","Clothesline","Searing Blow+1"],"picked":"SKIP","floor":18},{"not_picked":["Clothesline","Flame Barrier"],"picked":"Heavy Blade+1","floor":22},{"not_picked":["Warcry+1","Cleave","Wild Strike"],"picked":"SKIP","floor":24},{"not_picked":["Wild Strike","Shockwave","Iron Wave"],"picked":"SKIP","floor":25},{"not_picked":["Armaments","Dual Wield","Reckless Charge"],"picked":"SKIP","floor":27},{"not_picked":["Perfected Strike+1","Havoc+1","Clothesline+1"],"picked":"SKIP","floor":31},{"not_picked":["Impervious","Reaper"],"picked":"Double Tap","floor":33},{"not_picked":["Body Slam","Fire Breathing"],"picked":"Heavy Blade","floor":35},{"not_picked":["Cleave","True Grit","Hemokinesis"],"picked":"SKIP","floor":37},{"not_picked":["Anger","Sword Boomerang","Dropkick+1"],"picked":"SKIP","floor":41},{"not_picked":["Pummel+1","Feed","Thunderclap"],"picked":"SKIP","floor":44},{"not_picked":["Heavy Blade+1","Anger+1"],"picked":"Battle Trance+1","floor":46},{"not_picked":["True Grit+1","Clash","Searing Blow+1"],"picked":"SKIP","floor":48}],"player_experience":1613936,"relics_obtained":[{"floor":9,"key":"CloakClasp"},{"floor":10,"key":"Centennial Puzzle"},{"floor":26,"key":"Smiling Mask"},{"floor":27,"key":"Mercury Hourglass"},{"floor":43,"key":"White Beast Statue"},{"floor":44,"key":"Omamori"}],"event_choices":[{"damage_healed":0,"gold_gain":0,"player_choice":"Success","damage_taken":12,"relics_obtained":["Meat on the Bone"],"max_hp_gain":0,"max_hp_loss":0,"event_name":"Scrap Ooze","floor":2,"gold_loss":0},{"cards_removed":["Strike_R"],"damage_healed":0,"gold_gain":0,"player_choice":"Card Removal","damage_taken":0,"max_hp_gain":0,"max_hp_loss":0,"event_name":"The Cleric","floor":4,"gold_loss":50},{"damage_healed":0,"gold_gain":0,"player_choice":"Entered Light","damage_taken":16,"max_hp_gain":0,"max_hp_loss":0,"event_name":"Shining Light","floor":5,"gold_loss":0,"cards_upgraded":["Defend_R","Strike_R"]},{"damage_healed":0,"gold_gain":0,"player_choice":"Shed Blood","damage_taken":20,"max_hp_gain":5,"max_hp_loss":0,"event_name":"Forgotten Altar","floor":19,"gold_loss":0},{"damage_healed":0,"gold_gain":0,"player_choice":"Ignored","damage_taken":0,"max_hp_gain":0,"max_hp_loss":0,"event_name":"Vampires","floor":20,"gold_loss":0},{"damage_healed":0,"gold_gain":75,"player_choice":"Touch","damage_taken":8,"max_hp_gain":0,"max_hp_loss":0,"event_name":"FaceTrader","floor":21,"gold_loss":0},{"damage_healed":0,"gold_gain":0,"player_choice":"Ignored","damage_taken":0,"max_hp_gain":0,"max_hp_loss":0,"event_name":"Tomb of Lord Red Mask","floor":36,"gold_loss":0},{"cards_removed":["Strike_R"],"damage_healed":0,"gold_gain":0,"player_choice":"Offered Basic","damage_taken":0,"max_hp_gain":0,"max_hp_loss":0,"event_name":"Bonfire Elementals","floor":39,"gold_loss":0},{"damage_healed":0,"gold_gain":0,"player_choice":"Memory 1","damage_taken":0,"max_hp_gain":0,"max_hp_loss":0,"event_name":"SensoryStone","floor":47,"gold_loss":0}],"is_beta":true,"boss_relics":[{"not_picked":["Black Blood","Astrolabe"],"picked":"Philosopher\u0027s Stone"},{"not_picked":["Tiny House","Calling Bell"],"picked":"Velvet Choker"}],"items_purged_floors":[29],"is_endless":false,"potions_floor_spawned":[13,14,16,22,24,27,41,44,46,48],"killed_by":"Awakened One","ascension_level":0}