{"gold_per_floor":[113,127,127,77,2,2,22,57,57,57,81,81,81,124,124,255,255,255],"floor_reached":18,"playtime":1018,"items_purged":["Strike_G"],"score":218,"play_id":"9e2e72d5-c112-49d4-8075-1c70dea7ea64","local_time":"20190609234359","is_ascension_mode":false,"campfire_choices":[{"floor":6,"key":"REST"},{"data":"Leg Sweep","floor":10,"key":"SMITH"},{"floor":15,"key":"REST"}],"neow_cost":"NONE","seed_source_timestamp":77156515157319,"circlet_count":0,"master_deck":["Defend_G","Defend_G","Defend_G","Defend_G","Defend_G","Strike_G","Strike_G","Survivor","Neutralize","Deadly Poison","Leg Sweep+1","Regret","Adrenaline"],"relics":["Cursed Key","Golden Idol","Incense Burner","Ninja Scroll","Torii","Ectoplasm"],"potions_floor_usage":[8,14],"damage_taken":[{"damage":0,"enemies":"Cultist","floor":1,"turns":5},{"damage":2,"enemies":"Small Slimes","floor":2,"turns":5},{"damage":0,"enemies":"Jaw Worm","floor":7,"turns":5},{"damage":5,"enemies":"Lagavulin","floor":8,"turns":9},{"damage":4,"enemies":"Exordium Wildlife","floor":11,"turns":7},{"damage":28,"enemies":"3 Sentries","floor":14,"turns":21},{"damage":14,"enemies":"The Guardian","floor":16,"turns":18},{"damage":9,"enemies":"Chosen","floor":18,"turns":9}],"seed_played":"-6134594089721540698","potions_obtained":[{"floor":1,"key":"EssenceOfSteel"},{"floor":11,"key":"GamblersBrew"},{"floor":16,"key":"Dexterity Potion"}],"is_trial":false,"path_per_floor":["M","M","?","?","$","R","M","E","T","R","M","?","$","E","R","B",null,"M"],"character_chosen":"THE_SILENT","items_purchased":[],"campfire_rested":2,"item_purchase_floors":[],"current_hp_per_floor":[70,68,51,51,51,70,70,65,65,65,61,54,54,26,47,33,70,61],"gold":255,"neow_bonus":"BOSS_RELIC","is_prod":false,"is_daily":false,"chose_seed":false,"campfire_upgraded":1,"win_rate":0,"timestamp":1560138239,"path_taken":["M","?","?","?","$","R","M","E","T","R","?","?","$","E","R","BOSS","M"],"build_version":"2019-01-23","purchased_purges":1,"victory":false,"max_hp_per_floor":[70,70,70,70,70,70,70,70,70,70,70,70,70,70,70,70,70,70],"card_choices":[{"not_picked":["Underhanded Strike","Finisher","Dagger Spray"],"picked":"SKIP","floor":1},{"not_picked":["Flechettes","Flying Knee"],"picked":"Deadly Poison","floor":2},{"not_picked":["Slice","Storm of Steel"],"picked":"Leg Sweep","floor":7},{"not_picked":["Quick Slash","Cloak And Dagger","Reflex"],"picked":"SKIP","floor":8},{"not_picked":["Choke","Heel Hook","PiercingWail"],"picked":"SKIP","floor":11},{"not_picked":["Outmaneuver","Predator","Quick Slash"],"picked":"SKIP","floor":14},{"not_picked":["Glass Knife","Bullet Time"],"picked":"Adrenaline","floor":16}],"player_experience":186946,"relics_obtained":[{"floor":8,"key":"Incense Burner"},{"floor":9,"key":"Ninja Scroll"},{"floor":14,"key":"Torii"}],"event_choices":[{"damage_healed":0,"gold_gain":0,"player_choice":"Take Damage","damage_taken":17,"relics_obtained":["Golden Idol"],"max_hp_gain":0,"max_hp_loss":0,"event_name":"Golden Idol","floor":3,"gold_loss":0},{"cards_removed":["Strike_G"],"damage_healed":0,"gold_gain":0,"player_choice":"Card Removal","damage_taken":0,"max_hp_gain":0,"max_hp_loss":0,"event_name":"The Cleric","floor":4,"gold_loss":50},{"cards_removed":["Strike_G"],"damage_healed":0,"gold_gain":0,"player_choice":"Card Removal","damage_taken":7,"max_hp_gain":0,"max_hp_loss":0,"event_name":"Golden Wing","floor":12,"gold_loss":0}],"is_beta":false,"boss_relics":[{"not_picked":["Snecko Eye","Fusion Hammer"],"picked":"Ectoplasm"}],"items_purged_floors":[5],"is_endless":false,"potions_floor_spawned":[1,11,16],"killed_by":"Chosen","ascension_level":0}