{"gold_per_floor":[114,114,114,114,114,140,140,153,153,185,195,207,207,232,244,256],"floor_reached":16,"playtime":517,"items_purged":[],"score":236,"play_id":"c917df62-a3ca-4f28-af07-313eec42b8f0","local_time":"20190717140252","is_ascension_mode":true,"campfire_choices":[{"data":"Wild Strike","floor":7,"key":"SMITH"},{"data":"True Grit","floor":13,"key":"SMITH"},{"data":"Spot Weakness","floor":15,"key":"SMITH"}],"neow_cost":"NONE","seed_source_timestamp":577871130943802,"circlet_count":0,"master_deck":["AscendersBane","Strike_R","Strike_R","Strike_R","Strike_R","Defend_R","Defend_R","Defend_R","Defend_R","Bash","Perfected Strike","Wild Strike+1","Shrug It Off","Iron Wave","Wild Strike","Spot Weakness+1","True Grit+1","Barricade"],"relics":["Burning Blood","Regal Pillow","Bronze Scales","Bag of Preparation","MawBank"],"potions_floor_usage":[12,14,16],"damage_taken":[{"damage":1,"enemies":"2 Louse","floor":1,"turns":3},{"damage":41,"enemies":"3 Sentries","floor":6,"turns":11},{"damage":0,"enemies":"Small Slimes","floor":8,"turns":3},{"damage":30,"enemies":"Lagavulin","floor":10,"turns":5},{"damage":4,"enemies":"Jaw Worm","floor":11,"turns":2},{"damage":11,"enemies":"Exordium Thugs","floor":12,"turns":4},{"damage":11,"enemies":"Gremlin Nob","floor":14,"turns":3},{"damage":41,"enemies":"The Guardian","floor":16,"turns":6}],"seed_played":"-6988140079591258521","potions_obtained":[{"floor":6,"key":"BloodPotion"},{"floor":10,"key":"Poison Potion"},{"floor":12,"key":"LiquidBronze"}],"is_trial":false,"path_per_floor":["M","?","$","?","?","E","R","M","T","E","M","M","R","E","R","B"],"character_chosen":"IRONCLAD","items_purchased":[],"campfire_rested":0,"item_purchase_floors":[],"current_hp_per_floor":[73,73,73,78,78,43,43,49,49,25,27,42,42,37,37,0],"gold":256,"neow_bonus":"THREE_CARDS","is_prod":false,"is_daily":false,"chose_seed":false,"campfire_upgraded":3,"win_rate":0,"timestamp":1563368572,"path_taken":["M","?","$","?","?","E","R","M","T","E","M","?","R","E","R","BOSS"],"build_version":"2019-07-05","purchased_purges":0,"victory":false,"max_hp_per_floor":[75,75,75,80,80,80,80,80,80,80,80,80,80,80,80,80],"card_choices":[{"not_picked":["Thunderclap","Havoc"],"picked":"Perfected Strike","floor":0},{"not_picked":["Clothesline","Iron Wave"],"picked":"Wild Strike","floor":1},{"not_picked":["Blood for Blood","Seeing Red"],"picked":"Iron Wave","floor":6},{"not_picked":["Flex","Evolve"],"picked":"Wild Strike","floor":8},{"not_picked":["Heavy Blade","Bloodletting","Thunderclap"],"picked":"SKIP","floor":10},{"not_picked":["Dropkick","Whirlwind"],"picked":"Spot Weakness","floor":11},{"not_picked":["Wild Strike","Second Wind"],"picked":"True Grit","floor":12},{"not_picked":["Pommel Strike","Offering"],"picked":"Barricade","floor":14}],"player_experience":1185373,"relics_obtained":[{"floor":6,"key":"Regal Pillow"},{"floor":9,"key":"Bronze Scales"},{"floor":10,"key":"Bag of Preparation"},{"floor":14,"key":"MawBank"}],"event_choices":[{"damage_healed":0,"gold_gain":0,"cards_transformed":["Strike_R"],"player_choice":"Change","damage_taken":0,"max_hp_gain":0,"max_hp_loss":0,"event_name":"Living Wall","floor":2,"gold_loss":0,"cards_obtained":["Shrug It Off"]},{"damage_healed":0,"gold_gain":0,"player_choice":"Donut","damage_taken":0,"max_hp_gain":5,"max_hp_loss":0,"event_name":"Big Fish","floor":4,"gold_loss":0},{"damage_healed":0,"gold_gain":0,"player_choice":"Leave","damage_taken":0,"max_hp_gain":0,"max_hp_loss":0,"event_name":"The Cleric","floor":5,"gold_loss":0}],"is_beta":false,"boss_relics":[],"items_purged_floors":[],"is_endless":false,"potions_floor_spawned":[6,10,11,12],"killed_by":"The Guardian","ascension_level":20}