{"gold_per_floor":[118,118,132,151,76,76,94,94,94,94,129,129,11,40,40,116,116,128,128,3,3,22,22,40,40,40,40,52,52,81,101,101,174,174,191,191,202,256,266,266,297,172,172,186,54,71,71,81,81,81,81],"floor_reached":51,"playtime":2527,"items_purged":["Defend_B","Strike_B","Strike_B","Injury"],"score":1360,"play_id":"bb7df6b2-208f-4a3a-a98b-a3029d8d015d","local_time":"20181009224055","is_ascension_mode":true,"campfire_choices":[{"data":"Zap","floor":6.0,"key":"SMITH"},{"data":"Dualcast","floor":10.0,"key":"SMITH"},{"data":"Coolheaded","floor":12.0,"key":"SMITH"},{"data":"Defragment","floor":15.0,"key":"SMITH"},{"data":"Streamline","floor":23.0,"key":"SMITH"},{"data":"Chill","floor":25.0,"key":"SMITH"},{"floor":27.0,"key":"REST"},{"floor":29.0,"key":"REST"},{"data":"Electrodynamics","floor":32.0,"key":"SMITH"},{"data":"Conserve Battery","floor":40.0,"key":"SMITH"},{"floor":47.0,"key":"REST"},{"floor":49.0,"key":"REST"}],"neow_cost":"NONE","seed_source_timestamp":0,"circlet_count":0,"master_deck":["Defend_B","Zap+1","Dualcast+1","AscendersBane","Coolheaded+1","Cold Snap","Chill+1","Conserve Battery+1","Conserve Battery","Defragment+1","Leap","Sunder","Electrodynamics+1","Streamline+1","Tempest+1","Echo Form","Storm+1","Glacier","Streamline+1","Loop","Electrodynamics"],"special_seed":0,"relics":["Cracked Core","Lantern","Singing Bowl","Mummified Hand","WingedGreaves","Empty Cage","Bag of Preparation","Bag of Marbles","Cursed Key","Emotion Chip","Orichalcum","Smiling Mask"],"potions_floor_usage":[51],"damage_taken":[{"damage":2.0,"enemies":"Jaw Worm","floor":1.0,"turns":3.0},{"damage":1.0,"enemies":"2 Louse","floor":3.0,"turns":2.0},{"damage":0.0,"enemies":"Cultist","floor":4.0,"turns":4.0},{"damage":0.0,"enemies":"Exordium Thugs","floor":7.0,"turns":4.0},{"damage":9.0,"enemies":"Lagavulin","floor":11.0,"turns":7.0},{"damage":9.0,"enemies":"3 Sentries","floor":14.0,"turns":12.0},{"damage":27.0,"enemies":"Hexaghost","floor":16.0,"turns":13.0},{"damage":3.0,"enemies":"Spheric Guardian","floor":18.0,"turns":3.0},{"damage":25.0,"enemies":"Colosseum Slavers","floor":19.0,"turns":4.0},{"damage":5.0,"enemies":"Shell Parasite","floor":22.0,"turns":5.0},{"damage":18.0,"enemies":"Shelled Parasite and Fungi","floor":24.0,"turns":4.0},{"damage":0.0,"enemies":"Centurion and Healer","floor":28.0,"turns":3.0},{"damage":0.0,"enemies":"Gremlin Leader","floor":30.0,"turns":4.0},{"damage":0.0,"enemies":"Snecko","floor":31.0,"turns":3.0},{"damage":39.0,"enemies":"Automaton","floor":33.0,"turns":10.0},{"damage":0.0,"enemies":"3 Darklings","floor":35.0,"turns":1.0},{"damage":3.0,"enemies":"Orb Walker","floor":37.0,"turns":2.0},{"damage":0.0,"enemies":"Mysterious Sphere","floor":38.0,"turns":3.0},{"damage":0.0,"enemies":"3 Darklings","floor":39.0,"turns":2.0},{"damage":27.0,"enemies":"Nemesis","floor":41.0,"turns":5.0},{"damage":2.0,"enemies":"Transient","floor":44.0,"turns":6.0},{"damage":16.0,"enemies":"Spire Growth","floor":46.0,"turns":4.0},{"damage":7.0,"enemies":"Maw","floor":48.0,"turns":5.0},{"damage":76.0,"enemies":"Awakened One","floor":50.0,"turns":19.0},{"damage":7,"enemies":"Time Eater","floor":51,"turns":1}],"seed_played":"-307682978368159596","potions_obtained":[{"floor":3.0,"key":"EntropicBrew"},{"floor":4.0,"key":"Energy Potion"},{"floor":14.0,"key":"Dexterity Potion"},{"floor":16.0,"key":"Regen Potion"},{"floor":22.0,"key":"FocusPotion"},{"floor":28.0,"key":"SkillPotion"},{"floor":33.0,"key":"FearPotion"},{"floor":38.0,"key":"FocusPotion"},{"floor":44.0,"key":"SkillPotion"}],"is_trial":false,"path_per_floor":["M","?","M","M","$","R","M","?","T","R","E","R","$","E","R","B",null,"M","?","$","?","M","R","M","R","T","R","M","R","E","M","R","B",null,"M","?","M","?","M","R","E","$","T","M","$","M","R","M","R","B"],"character_chosen":"DEFECT","items_purchased":["Defragment","Leap","Streamline","Loop"],"campfire_rested":4,"item_purchase_floors":[13,13,20,45],"current_hp_per_floor":[62,62,61,61,61,61,61,61,61,61,66,66,66,57,57,30,62,61,48,48,48,45,45,27,27,27,50,52,75,77,79,79,40,72,74,74,73,75,75,75,48,48,48,46,46,32,58,51,77,1,0],"gold":81,"neow_bonus":"RANDOM_COMMON_RELIC","is_prod":false,"is_daily":false,"chose_seed":false,"campfire_upgraded":8,"win_rate":0,"timestamp":1539117655,"path_taken":["M","?","M","M","?","R","M","?","T","R","E","R","$","E","R","BOSS","M","?","$","?","M","R","M","R","T","R","?","R","E","M","R","BOSS","M","?","M","?","M","R","E","?","T","M","$","?","R","?","R","BOSS","BOSS"],"build_version":"2018-10-04v2","purchased_purges":4,"victory":false,"max_hp_per_floor":[71,71,71,71,71,71,71,71,71,71,73,73,73,73,73,73,73,75,75,75,75,77,77,77,77,77,77,79,79,81,83,83,83,83,85,81,83,85,85,85,85,85,85,85,85,87,87,87,87,87,87],"card_choices":[{"not_picked":["Sweeping Beam","Storm"],"picked":"Coolheaded","floor":1.0},{"not_picked":["Gash","Sweeping Beam"],"picked":"Chill","floor":3.0},{"not_picked":["Reprogram","Meteor Strike"],"picked":"Conserve Battery","floor":4.0},{"not_picked":["Stack","Compile Driver"],"picked":"Conserve Battery","floor":7.0},{"not_picked":["Gash","Force Field","Stack"],"picked":"Singing Bowl","floor":11.0},{"not_picked":["Genetic Algorithm","Undo"],"picked":"Sunder","floor":14.0},{"not_picked":["Thunder Strike","Hyperbeam"],"picked":"Electrodynamics","floor":16.0},{"not_picked":["Coolheaded","Compile Driver","Undo"],"picked":"Singing Bowl","floor":18.0},{"not_picked":["Genetic Algorithm","Compile Driver","Chaos"],"picked":"Singing Bowl","floor":22.0},{"not_picked":["Core Surge","Cold Snap"],"picked":"Tempest+1","floor":24.0},{"not_picked":["Static Discharge+1","Steam","Hologram"],"picked":"Singing Bowl","floor":28.0},{"not_picked":["Rebound","Conserve Battery","Sunder"],"picked":"Singing Bowl","floor":30.0},{"not_picked":["White Noise","Rip and Tear","Aggregate"],"picked":"Singing Bowl","floor":31.0},{"not_picked":["Amplify","Thunder Strike"],"picked":"Echo Form","floor":33.0},{"not_picked":["Cold Snap","Beam Cell","Turbo"],"picked":"Singing Bowl","floor":35.0},{"not_picked":["Steam","Redo","Recycle"],"picked":"Singing Bowl","floor":37.0},{"not_picked":["Gash","Cold Snap","Consume+1"],"picked":"Singing Bowl","floor":38.0},{"not_picked":["Cold Snap","Streamline"],"picked":"Storm+1","floor":39.0},{"not_picked":["Conserve Battery","Coolheaded+1"],"picked":"Glacier","floor":41.0},{"not_picked":["Sweeping Beam","Leap"],"picked":"Streamline+1","floor":44.0},{"not_picked":["Beam Cell","Blizzard+1","Barrage"],"picked":"Singing Bowl","floor":46.0},{"not_picked":["Darkness","Reprogram"],"picked":"Electrodynamics","floor":48.0}],"player_experience":436313,"relics_obtained":[{"floor":9.0,"key":"Singing Bowl"},{"floor":11.0,"key":"Mummified Hand"},{"floor":14.0,"key":"WingedGreaves"},{"floor":26.0,"key":"Bag of Preparation"},{"floor":30.0,"key":"Bag of Marbles"},{"floor":38.0,"key":"Emotion Chip"},{"floor":41.0,"key":"Orichalcum"},{"floor":43.0,"key":"Smiling Mask"}],"event_choices":[{"event_name":"Living Wall","player_choice":"Change","floor":2.0,"damage_taken":0.0},{"event_name":"Wheel of Change","player_choice":"Card Removal","floor":8.0,"damage_taken":0.0},{"event_name":"Colosseum","player_choice":"Fight","floor":19.0,"damage_taken":0.0},{"event_name":"Colosseum","player_choice":"Fled From Nobs","floor":19.0,"damage_taken":0.0},{"event_name":"Beggar","player_choice":"Ignored","floor":21.0,"damage_taken":0.0},{"event_name":"Winding Halls","player_choice":"Max HP","floor":36.0,"damage_taken":0.0},{"event_name":"Mysterious Sphere","player_choice":"Fight","floor":38.0,"damage_taken":0.0}],"is_beta":false,"boss_relics":[{"not_picked":["Pandora\u0027s Box","Eternal Feather"],"picked":"Empty Cage"},{"not_picked":["White Beast Statue","Lizard Tail"],"picked":"Cursed Key"}],"items_purged_floors":[5,20,42,45],"is_endless":false,"potions_floor_spawned":[3,4,14,16,19,22,28,33,38,44,46,48],"killed_by":"Time Eater","ascension_level":20}