{"gold_per_floor":[367,347,41,55,71,71,102,62,131,151,181,181],"floor_reached":12,"playtime":2094,"items_purged":[],"score":144,"play_id":"139db6da-b159-46f0-9650-830e6d70e67e","local_time":"20190703021554","is_ascension_mode":true,"campfire_choices":[{"data":"Shockwave","floor":6,"key":"SMITH"}],"neow_cost":"PERCENT_DAMAGE","seed_source_timestamp":1301985874865600,"circlet_count":0,"master_deck":["AscendersBane","Strike_R","Strike_R","Strike_R","Strike_R","Strike_R","Defend_R","Defend_R","Defend_R","Defend_R","Bash","Shockwave+1","True Grit","Burning Pact","Second Wind","Pommel Strike","Power Through","Armaments"],"relics":["Burning Blood","Kunai","Anchor","The Courier","Gremlin Horn"],"potions_floor_usage":[4,5,8,12],"damage_taken":[{"damage":6,"enemies":"Jaw Worm","floor":1,"turns":6},{"damage":8,"enemies":"Cultist","floor":4,"turns":4},{"damage":13,"enemies":"Small Slimes","floor":5,"turns":6},{"damage":39,"enemies":"Gremlin Nob","floor":7,"turns":6},{"damage":1,"enemies":"Looter","floor":8,"turns":4},{"damage":12,"enemies":"Blue Slaver","floor":10,"turns":6},{"damage":12,"enemies":"Lots of Slimes","floor":12,"turns":2}],"seed_played":"-4775916162580284224","potions_obtained":[{"floor":1,"key":"Fire Potion"},{"floor":2,"key":"FearPotion"},{"floor":7,"key":"Explosive Potion"},{"floor":10,"key":"Swift Potion"}],"is_trial":false,"path_per_floor":["M","?","$","M","M","R","E","M","T","M","?","M"],"character_chosen":"IRONCLAD","items_purchased":["Kunai","True Grit"],"campfire_rested":0,"item_purchase_floors":[3,3],"current_hp_per_floor":[50,50,50,48,41,41,8,13,13,7,7,0],"gold":181,"neow_bonus":"TWO_FIFTY_GOLD","is_prod":false,"is_daily":false,"chose_seed":false,"campfire_upgraded":1,"win_rate":0,"timestamp":1562112954,"path_taken":["M","?","$","M","M","R","E","?","T","M","?","M"],"build_version":"2019-07-01","purchased_purges":0,"victory":false,"max_hp_per_floor":[75,75,75,75,75,75,75,75,75,75,75,75],"card_choices":[{"not_picked":["Searing Blow","Iron Wave"],"picked":"Shockwave","floor":1},{"not_picked":["Pummel","Blood for Blood"],"picked":"Burning Pact","floor":4},{"not_picked":["Armaments","Clash"],"picked":"Second Wind","floor":5},{"not_picked":["Dual Wield","Havoc"],"picked":"Pommel Strike","floor":7},{"not_picked":["Iron Wave","Havoc"],"picked":"Power Through","floor":8},{"not_picked":["Perfected Strike","Infernal Blade"],"picked":"Armaments","floor":10}],"player_experience":1559965,"relics_obtained":[{"floor":7,"key":"Anchor"},{"floor":9,"key":"The Courier"}],"event_choices":[{"damage_healed":0,"gold_gain":0,"player_choice":"Bought 1 Potion","damage_taken":0,"max_hp_gain":0,"max_hp_loss":0,"event_name":"The Woman in Blue","floor":2,"gold_loss":0},{"damage_healed":0,"gold_gain":30,"player_choice":"Searched \u00272\u0027 times","damage_taken":0,"relics_obtained":["Gremlin Horn"],"max_hp_gain":0,"max_hp_loss":0,"event_name":"Dead Adventurer","floor":11,"gold_loss":0}],"is_beta":false,"boss_relics":[],"items_purged_floors":[],"is_endless":false,"potions_floor_spawned":[1,7,10],"killed_by":"Lots of Slimes","ascension_level":17}