{"gold_per_floor":[110,130,130,146,156,156,171,171,247,247,68,95,111,186,186,260,260,271,271,4,16,16],"floor_reached":22,"playtime":838,"items_purged":["Strike_B","Strike_B"],"score":344,"play_id":"4c47635e-75d1-4b0d-99aa-74b03bc99b90","local_time":"20190720173617","is_ascension_mode":true,"campfire_choices":[{"data":"Zap","floor":6,"key":"SMITH"},{"data":"Conserve Battery","floor":8,"key":"SMITH"},{"data":"Darkness","floor":10,"key":"SMITH"},{"data":"Melter","floor":15,"key":"SMITH"}],"neow_cost":"NONE","seed_source_timestamp":679773248311300,"circlet_count":0,"master_deck":["AscendersBane","Strike_B","Strike_B","Defend_B","Defend_B","Defend_B","Defend_B","Zap+1","Dualcast","Go for the Eyes","Melter+1","Steam","Darkness+1","Conserve Battery+1","Leap","Compile Driver","Auto Shields","Sweeping Beam","Biased Cognition","Self Repair","Stack","Ball Lightning","Aggregate","BootSequence","Hologram","Ghostly","Ghostly","Ghostly","Rainbow"],"relics":["Cracked Core","Singing Bowl","Ice Cream","Orrery"],"potions_floor_usage":[7,12,16,16,18],"damage_taken":[{"damage":7,"enemies":"Jaw Worm","floor":1,"turns":2},{"damage":1,"enemies":"Cultist","floor":2,"turns":4},{"damage":0,"enemies":"2 Louse","floor":4,"turns":3},{"damage":0,"enemies":"Exordium Wildlife","floor":5,"turns":2},{"damage":9,"enemies":"Looter","floor":7,"turns":3},{"damage":1,"enemies":"Lagavulin","floor":12,"turns":6},{"damage":1,"enemies":"Large Slime","floor":13,"turns":5},{"damage":10,"enemies":"Hexaghost","floor":16,"turns":10},{"damage":0,"enemies":"Spheric Guardian","floor":18,"turns":3},{"damage":31,"enemies":"3 Byrds","floor":21,"turns":6},{"damage":17,"enemies":"3 Cultists","floor":22,"turns":5}],"seed_played":"4856929982916808572","potions_obtained":[{"floor":1,"key":"Swift Potion"},{"floor":3,"key":"SmokeBomb"},{"floor":3,"key":"Poison Potion"},{"floor":12,"key":"SkillPotion"},{"floor":13,"key":"SkillPotion"},{"floor":16,"key":"PowerPotion"},{"floor":21,"key":"Poison Potion"}],"is_trial":false,"path_per_floor":["M","M","?","M","M","R","M","R","T","R","$","E","M","?","R","B",null,"M","?","$","M","M"],"character_chosen":"DEFECT","items_purchased":["Leap","Compile Driver","Rainbow"],"campfire_rested":0,"item_purchase_floors":[11,11,20],"current_hp_per_floor":[64,63,63,63,63,63,54,54,54,54,54,53,52,41,41,31,66,73,39,39,17,0],"gold":16,"neow_bonus":"TEN_PERCENT_HP_BONUS","is_prod":false,"is_daily":false,"chose_seed":false,"campfire_upgraded":4,"win_rate":0,"timestamp":1563636977,"path_taken":["M","M","?","M","?","R","M","R","T","R","$","E","M","?","R","BOSS","M","?","$","M","M"],"build_version":"2019-07-17","purchased_purges":2,"victory":false,"max_hp_per_floor":[78,78,78,78,78,78,78,78,78,78,78,78,78,78,78,78,78,78,39,39,41,41],"card_choices":[{"not_picked":["Heatsinks","Turbo"],"picked":"Go for the Eyes","floor":1},{"not_picked":["Barrage","Recycle"],"picked":"Melter","floor":2},{"not_picked":["Beam Cell","Compile Driver"],"picked":"Steam","floor":4},{"not_picked":["Beam Cell","Redo"],"picked":"Darkness","floor":5},{"not_picked":["Streamline","Leap"],"picked":"Conserve Battery","floor":7},{"not_picked":["Barrage","Conserve Battery"],"picked":"Auto Shields","floor":12},{"not_picked":["Melter","Leap"],"picked":"Sweeping Beam","floor":13},{"not_picked":["Reboot","Hyperbeam"],"picked":"Biased Cognition","floor":16},{"not_picked":["Turbo","Reprogram"],"picked":"Self Repair","floor":17},{"not_picked":["Sweeping Beam","Melter"],"picked":"Stack","floor":17},{"not_picked":["Stack","Steam Power"],"picked":"Ball Lightning","floor":17},{"not_picked":["Sweeping Beam","Steam Power"],"picked":"Aggregate","floor":17},{"not_picked":["Barrage","Rebound"],"picked":"BootSequence","floor":17},{"not_picked":["Barrage","Rebound"],"picked":"Hologram","floor":18},{"not_picked":["Steam","Barrage+1","Turbo"],"picked":"Singing Bowl","floor":21}],"player_experience":1712831,"relics_obtained":[{"floor":9,"key":"Singing Bowl"},{"floor":12,"key":"Ice Cream"}],"event_choices":[{"damage_healed":0,"gold_gain":0,"player_choice":"Got Potions","damage_taken":0,"max_hp_gain":0,"max_hp_loss":0,"event_name":"Lab","floor":3,"gold_loss":0},{"damage_healed":0,"gold_gain":75,"player_choice":"Gather Gold","damage_taken":11,"max_hp_gain":0,"max_hp_loss":0,"event_name":"World of Goop","floor":14,"gold_loss":0},{"damage_healed":0,"gold_gain":0,"player_choice":"Became a Ghost","damage_taken":0,"max_hp_gain":0,"max_hp_loss":39,"event_name":"Ghosts","floor":19,"gold_loss":0,"cards_obtained":["Ghostly","Ghostly","Ghostly"]}],"is_beta":false,"boss_relics":[{"not_picked":["Runic Pyramid","Fusion Hammer"],"picked":"Orrery"}],"items_purged_floors":[11,20],"is_endless":false,"potions_floor_spawned":[1,4,12,13,16,21],"killed_by":"3 Cultists","ascension_level":17}