{"gold_per_floor":[116,116,136,136,150,181,66,66,66,105,119,119,119,75,75,75],"floor_reached":16,"playtime":496,"items_purged":["Strike_B"],"score":216,"play_id":"ea7347fe-598c-49ee-aae8-9d7bf4e40f23","local_time":"20190624222922","is_ascension_mode":true,"campfire_choices":[{"data":"Defragment","floor":8,"key":"SMITH"},{"data":"Zap","floor":12,"key":"SMITH"},{"data":"Hologram","floor":15,"key":"SMITH"}],"neow_cost":"NONE","seed_source_timestamp":330454315874154,"circlet_count":0,"master_deck":["AscendersBane","Strike_B","Strike_B+1","Defend_B","Defend_B","Defend_B","Defend_B","Zap+1","Dualcast","Sweeping Beam+1","Conserve Battery","Coolheaded","Conserve Battery","Defragment+1","Machine Learning","Hologram+1","Capacitor"],"relics":["Cracked Core","NeowsBlessing","Golden Idol","Question Card","Whetstone","Blood Vial"],"potions_floor_usage":[6,6],"damage_taken":[{"damage":0,"enemies":"2 Louse","floor":1,"turns":1},{"damage":0,"enemies":"Cultist","floor":3,"turns":1},{"damage":0,"enemies":"Small Slimes","floor":5,"turns":1},{"damage":10,"enemies":"3 Sentries","floor":6,"turns":7},{"damage":6,"enemies":"Lagavulin","floor":10,"turns":6},{"damage":4,"enemies":"Exordium Wildlife","floor":11,"turns":2},{"damage":20,"enemies":"Hexaghost","floor":16,"turns":10}],"seed_played":"3177596896083706036","potions_obtained":[{"floor":1,"key":"SpeedPotion"},{"floor":2,"key":"EssenceOfSteel"},{"floor":3,"key":"FocusPotion"},{"floor":11,"key":"Ancient Potion"}],"is_trial":false,"path_per_floor":["M","?","M","?","M","E","$","R","T","E","M","R","?","$","R","B"],"character_chosen":"DEFECT","items_purchased":["Defragment","Capacitor"],"campfire_rested":0,"item_purchase_floors":[7,14],"current_hp_per_floor":[64,64,64,40,40,30,30,30,30,24,22,22,15,15,15,0],"gold":75,"neow_bonus":"THREE_ENEMY_KILL","is_prod":false,"is_daily":false,"chose_seed":false,"campfire_upgraded":3,"win_rate":0,"timestamp":1561411762,"path_taken":["M","?","?","?","M","E","$","R","T","E","M","R","?","?","R","BOSS"],"build_version":"2019-01-23","purchased_purges":1,"victory":false,"max_hp_per_floor":[71,71,71,71,71,71,71,71,71,71,71,71,71,71,71,71],"card_choices":[{"not_picked":["FTL","Loop"],"picked":"Sweeping Beam","floor":1},{"not_picked":["Rebound","Hologram"],"picked":"Conserve Battery","floor":3},{"not_picked":["Leap","Aggregate"],"picked":"Coolheaded","floor":5},{"not_picked":["Sweeping Beam","Reprogram"],"picked":"Conserve Battery","floor":6},{"not_picked":["Redo","Gash","Hologram"],"picked":"Machine Learning","floor":10},{"not_picked":["Skim","Turbo","Redo"],"picked":"Hologram","floor":11}],"player_experience":1105636,"relics_obtained":[{"floor":6,"key":"Question Card"},{"floor":9,"key":"Whetstone"},{"floor":10,"key":"Blood Vial"}],"event_choices":[{"damage_healed":0,"gold_gain":0,"player_choice":"Got Potions","damage_taken":0,"max_hp_gain":0,"max_hp_loss":0,"event_name":"Lab","floor":2,"gold_loss":0},{"damage_healed":0,"gold_gain":0,"player_choice":"Take Damage","damage_taken":24,"relics_obtained":["Golden Idol"],"max_hp_gain":0,"max_hp_loss":0,"event_name":"Golden Idol","floor":4,"gold_loss":0},{"cards_removed":["Strike_B"],"damage_healed":0,"gold_gain":0,"player_choice":"Card Removal","damage_taken":7,"max_hp_gain":0,"max_hp_loss":0,"event_name":"Golden Wing","floor":13,"gold_loss":0}],"is_beta":false,"boss_relics":[],"items_purged_floors":[7],"is_endless":false,"potions_floor_spawned":[1,3,11],"killed_by":"Hexaghost","ascension_level":20}