{"gold_per_floor":[10,25,44,9,9,9,24,24,75,75,75,36,71,87,87,181,181,204,188,35,56,69,69,89,89],"floor_reached":25,"playtime":1364,"items_purged":["Injury"],"score":369,"play_id":"79327126-6bc5-42ae-a0bf-3fb79bf063ff","local_time":"20190626204602","is_ascension_mode":true,"campfire_choices":[{"data":"Skewer","floor":6,"key":"SMITH"},{"data":"Neutralize","floor":8,"key":"SMITH"},{"data":"Endless Agony","floor":11,"key":"SMITH"},{"floor":15,"key":"REST"},{"floor":23,"key":"REST"}],"neow_cost":"NO_GOLD","seed_source_timestamp":764503459720000,"circlet_count":0,"master_deck":["AscendersBane","Defend_G","Defend_G","Defend_G","Defend_G","Defend_G","Strike_G","Strike_G","Strike_G","Strike_G","Strike_G","Survivor","Neutralize+1","Escape Plan","Skewer+1","Dodge and Roll","Endless Agony+1","Well Laid Plans","Blade Dance","Quick Slash","A Thousand Cuts","Slice+1","Acrobatics+1","Footwork","Blade Dance","PiercingWail","Calculated Gamble"],"relics":["Ring of the Snake","Pocketwatch","Golden Idol","Centennial Puzzle","Blood Vial","Anchor","Lizard Tail"],"potions_floor_usage":[13,13,16,18,19],"damage_taken":[{"damage":0,"enemies":"Cultist","floor":1,"turns":4},{"damage":6,"enemies":"Jaw Worm","floor":2,"turns":6},{"damage":8,"enemies":"Small Slimes","floor":3,"turns":4},{"damage":4,"enemies":"Blue Slaver","floor":7,"turns":4},{"damage":12,"enemies":"Gremlin Nob","floor":13,"turns":3},{"damage":8,"enemies":"Exordium Thugs","floor":14,"turns":3},{"damage":28,"enemies":"The Guardian","floor":16,"turns":17},{"damage":1,"enemies":"3 Byrds","floor":18,"turns":4},{"damage":10,"enemies":"2 Thieves","floor":19,"turns":4},{"damage":16,"enemies":"Shelled Parasite and Fungi","floor":21,"turns":10},{"damage":29,"enemies":"Snake Plant","floor":22,"turns":6},{"damage":3,"enemies":"Centurion and Healer","floor":24,"turns":9},{"damage":64,"enemies":"Gremlin Leader","floor":25,"turns":4}],"seed_played":"-3160883288720363866","potions_obtained":[{"floor":1,"key":"PowerPotion"},{"floor":7,"key":"Poison Potion"},{"floor":14,"key":"Explosive Potion"},{"floor":16,"key":"SkillPotion"},{"floor":18,"key":"Swift Potion"}],"is_trial":false,"path_per_floor":["M","M","M","?","?","R","M","R","T","?","R","$","E","M","R","B",null,"M","M","$","M","M","R","M","E"],"character_chosen":"THE_SILENT","items_purchased":["Well Laid Plans","Footwork"],"campfire_rested":2,"item_purchase_floors":[12,20],"current_hp_per_floor":[59,53,45,61,61,61,57,57,57,39,39,39,29,23,42,16,54,55,47,47,33,6,25,24,0],"gold":89,"neow_bonus":"ONE_RARE_RELIC","is_prod":false,"is_daily":false,"chose_seed":false,"campfire_upgraded":3,"win_rate":0,"timestamp":1561574762,"path_taken":["M","M","M","?","?","R","M","R","T","?","R","$","E","M","R","BOSS","M","M","$","M","M","R","M","E"],"build_version":"2019-01-23","purchased_purges":1,"victory":false,"max_hp_per_floor":[66,66,66,66,66,66,66,66,66,66,66,66,66,66,66,66,66,66,66,66,66,66,66,66,66],"card_choices":[{"not_picked":["Terror","Dodge and Roll"],"picked":"Escape Plan","floor":1},{"not_picked":["Calculated Gamble","Expertise"],"picked":"Skewer","floor":2},{"not_picked":["Outmaneuver","Bane"],"picked":"Dodge and Roll","floor":3},{"not_picked":["Quick Slash","Prepared"],"picked":"Endless Agony","floor":7},{"not_picked":["Setup","Prepared"],"picked":"Blade Dance","floor":13},{"not_picked":["Bane","Blade Dance"],"picked":"Quick Slash","floor":14},{"not_picked":["Grand Finale","After Image"],"picked":"A Thousand Cuts","floor":16},{"not_picked":["Backstab+1","Blade Dance"],"picked":"Slice+1","floor":18},{"not_picked":["Masterful Stab+1","Bane"],"picked":"Acrobatics+1","floor":19},{"not_picked":["Sucker Punch","Phantasmal Killer"],"picked":"Blade Dance","floor":21},{"not_picked":["Dagger Spray","Dagger Throw"],"picked":"PiercingWail","floor":22},{"not_picked":["Dagger Spray","Deadly Poison"],"picked":"Calculated Gamble","floor":24}],"player_experience":1496801,"relics_obtained":[{"floor":9,"key":"Centennial Puzzle"},{"floor":13,"key":"Anchor"}],"event_choices":[{"damage_healed":16,"gold_gain":0,"player_choice":"Healed","damage_taken":0,"max_hp_gain":0,"max_hp_loss":0,"event_name":"The Cleric","floor":4,"gold_loss":35},{"damage_healed":0,"gold_gain":0,"player_choice":"Take Wound","damage_taken":0,"relics_obtained":["Golden Idol"],"max_hp_gain":0,"max_hp_loss":0,"event_name":"Golden Idol","floor":5,"gold_loss":0,"cards_obtained":["Injury"]},{"damage_healed":0,"gold_gain":0,"player_choice":"Success","damage_taken":18,"relics_obtained":["Blood Vial"],"max_hp_gain":0,"max_hp_loss":0,"event_name":"Scrap Ooze","floor":10,"gold_loss":0}],"is_beta":false,"boss_relics":[{"not_picked":["Ring of the Serpent","Snecko Eye"],"picked":"Lizard Tail"}],"items_purged_floors":[20],"is_endless":false,"potions_floor_spawned":[1,7,14,16,18],"killed_by":"Gremlin Leader","ascension_level":16}