{"gold_per_floor":[212,287,287,61,61,61,71,102,102,102,277,277,53,53,53,151,151,167,179,179,199,199,199],"floor_reached":23,"playtime":587,"items_purged":["Strike_B","Doubt"],"score":287,"play_id":"d71c0705-512e-417d-868e-5ff0210a570a","local_time":"20190216144505","is_ascension_mode":true,"campfire_choices":[{"floor":6,"key":"REST"},{"data":"Zap","floor":10,"key":"SMITH"},{"data":"White Noise","floor":12,"key":"SMITH"},{"floor":15,"key":"REST"}],"neow_cost":"NONE","seed_source_timestamp":29630844674800,"circlet_count":0,"master_deck":["AscendersBane","Strike_B","Defend_B","Defend_B","Defend_B+1","Defend_B","Zap+1","Dualcast+1","White Noise+1","Leap","Storm","Defragment","Fission","Redo","Melter+1","Compile Driver","Self Repair","Consume"],"relics":["Cracked Core","Orichalcum","Dead Branch","Ginger","Ice Cream","Mango","Inserter","Bag of Preparation"],"potions_floor_usage":[16,21],"damage_taken":[{"damage":12,"enemies":"Jaw Worm","floor":1,"turns":3},{"damage":0,"enemies":"2 Louse","floor":7,"turns":3},{"damage":28,"enemies":"Gremlin Nob","floor":8,"turns":4},{"damage":26,"enemies":"Slime Boss","floor":16,"turns":5},{"damage":33,"enemies":"Shell Parasite","floor":18,"turns":6},{"damage":5,"enemies":"Chosen","floor":19,"turns":5},{"damage":12,"enemies":"Snake Plant","floor":21,"turns":6},{"damage":27,"enemies":"Slavers","floor":23,"turns":2}],"seed_played":"5936852750134444825","potions_obtained":[{"floor":16,"key":"SteroidPotion"},{"floor":19,"key":"GamblersBrew"}],"is_trial":false,"path_per_floor":["M","?","?","$","T","R","M","E","T","R","?","R","$","?","R","B",null,"M","M","?","M","?","E"],"character_chosen":"DEFECT","items_purchased":["Orichalcum","Defragment","Block Potion"],"campfire_rested":2,"item_purchase_floors":[4,13,13],"current_hp_per_floor":[56,45,30,30,30,52,52,24,24,24,24,24,24,20,46,20,72,39,34,34,22,22,0],"gold":199,"neow_bonus":"HUNDRED_GOLD","is_prod":false,"is_daily":false,"chose_seed":false,"campfire_upgraded":2,"win_rate":0,"timestamp":1550324705,"path_taken":["M","?","?","$","?","R","M","E","T","R","?","R","$","?","R","BOSS","M","M","?","M","?","E"],"build_version":"2019-01-23","purchased_purges":2,"victory":false,"max_hp_per_floor":[75,75,75,75,75,75,75,75,75,75,75,75,75,89,89,89,89,89,89,89,89,89,89],"card_choices":[{"not_picked":["Go for the Eyes","Hologram"],"picked":"White Noise","floor":1},{"not_picked":["Scrape","Beam Cell"],"picked":"Leap","floor":7},{"not_picked":["Go for the Eyes","Multi-Cast"],"picked":"Storm","floor":8},{"not_picked":["Core Surge","Amplify"],"picked":"Fission","floor":16},{"not_picked":["Blizzard","Turbo"],"picked":"Redo","floor":18},{"not_picked":["Skim+1","Compile Driver"],"picked":"Melter+1","floor":19},{"not_picked":["Cold Snap","Streamline+1"],"picked":"Compile Driver","floor":21}],"player_experience":782329,"relics_obtained":[{"floor":5,"key":"Dead Branch"},{"floor":8,"key":"Ginger"},{"floor":9,"key":"Ice Cream"}],"event_choices":[{"damage_healed":0,"gold_gain":75,"player_choice":"Gather Gold","damage_taken":11,"max_hp_gain":0,"max_hp_loss":0,"event_name":"World of Goop","floor":2,"gold_loss":0},{"damage_healed":0,"gold_gain":0,"player_choice":"Entered Light","damage_taken":15,"max_hp_gain":0,"max_hp_loss":0,"event_name":"Shining Light","floor":3,"gold_loss":0,"cards_upgraded":["Dualcast","Defend_B"]},{"damage_healed":0,"gold_gain":175,"player_choice":"AGREE","damage_taken":0,"max_hp_gain":0,"max_hp_loss":0,"event_name":"Liars Game","floor":11,"gold_loss":0,"cards_obtained":["Doubt"]},{"damage_healed":0,"gold_gain":0,"player_choice":"Success","damage_taken":18,"relics_obtained":["Mango"],"max_hp_gain":0,"max_hp_loss":0,"event_name":"Scrap Ooze","floor":14,"gold_loss":0},{"damage_healed":0,"gold_gain":0,"player_choice":"Opened","damage_taken":0,"relics_obtained":["Bag of Preparation"],"max_hp_gain":0,"max_hp_loss":0,"event_name":"The Mausoleum","floor":20,"gold_loss":0},{"damage_healed":0,"gold_gain":0,"cards_transformed":["Strike_B","Strike_B"],"player_choice":"Became Test Subject","damage_taken":0,"max_hp_gain":0,"max_hp_loss":0,"event_name":"Drug Dealer","floor":22,"gold_loss":0,"cards_obtained":["Self Repair","Consume"]}],"is_beta":false,"boss_relics":[{"not_picked":["Velvet Choker","White Beast Statue"],"picked":"Inserter"}],"items_purged_floors":[4,13],"is_endless":false,"potions_floor_spawned":[16,19],"killed_by":"Slavers","ascension_level":11}