{"gold_per_floor":[118,118,137,149,149,161,184,196,234,246,272,327,339,351,363,469,481,514,542,269,269,292,292,292],"floor_reached":24,"playtime":823,"items_purged":["Injury"],"score":372,"play_id":"6f6793e5-406a-483c-ac37-182a322d0e44","local_time":"20190822070545","is_ascension_mode":true,"campfire_choices":[{"data":"Zap","floor":6,"key":"SMITH"},{"data":"Sunder","floor":8,"key":"SMITH"},{"data":"Rainbow","floor":13,"key":"SMITH"},{"floor":15,"key":"REST"},{"floor":23,"key":"REST"}],"neow_cost":"NONE","seed_source_timestamp":698337937600000,"circlet_count":0,"master_deck":["AscendersBane","Zap+1","Dualcast+1","Sunder+1","Reinforced Body","Gash+1","Sunder+1","Rainbow+1","Coolheaded","Electrodynamics","Skim","Hello World","Fission","Reinforced Body","Ball Lightning","Tempest","Machine Learning","Double Energy","Beam Cell","Barrage+1","Steam","RitualDagger","Conserve Battery"],"relics":["Cracked Core","War Paint","MawBank","Happy Flower","Golden Idol","Whetstone","Pandora\u0027s Box","Membership Card"],"potions_floor_usage":[7,12,18],"damage_taken":[{"damage":0,"enemies":"Jaw Worm","floor":1,"turns":3},{"damage":0,"enemies":"Small Slimes","floor":3,"turns":1},{"damage":0,"enemies":"2 Louse","floor":4,"turns":2},{"damage":0,"enemies":"Large Slime","floor":7,"turns":3},{"damage":8,"enemies":"Blue Slaver","floor":11,"turns":3},{"damage":6,"enemies":"3 Sentries","floor":12,"turns":5},{"damage":28,"enemies":"The Guardian","floor":16,"turns":10},{"damage":11,"enemies":"2 Thieves","floor":18,"turns":3},{"damage":16,"enemies":"Chosen","floor":19,"turns":5},{"damage":12,"enemies":"Centurion and Healer","floor":22,"turns":4},{"damage":35,"enemies":"Gremlin Leader","floor":24,"turns":6}],"seed_played":"5905607087789482701","potions_obtained":[{"floor":1,"key":"Explosive Potion"},{"floor":3,"key":"GamblersBrew"},{"floor":11,"key":"FearPotion"}],"is_trial":false,"path_per_floor":["M","?","M","M","?","R","M","R","T","?","M","E","R","?","R","B",null,"M","M","$","?","M","R","E"],"character_chosen":"DEFECT","items_purchased":["Membership Card","Steam"],"campfire_rested":2,"item_purchase_floors":[20,20],"current_hp_per_floor":[64,64,64,64,59,59,59,59,59,59,51,45,45,24,45,17,58,47,31,31,25,13,34,0],"gold":292,"neow_bonus":"RANDOM_COMMON_RELIC","is_prod":false,"is_daily":false,"chose_seed":false,"campfire_upgraded":3,"win_rate":0,"timestamp":1566450345,"path_taken":["M","?","M","M","?","R","M","R","T","?","M","E","R","?","R","BOSS","M","M","$","?","M","R","E"],"build_version":"2019-07-17","purchased_purges":1,"victory":false,"max_hp_per_floor":[71,71,71,71,71,71,71,71,71,71,71,71,71,71,71,71,71,71,71,71,71,71,71,71],"card_choices":[{"not_picked":["Consume","Reprogram"],"picked":"Sunder","floor":1},{"not_picked":["Redo","Streamline"],"picked":"Reinforced Body","floor":3},{"not_picked":["Coolheaded","Compile Driver"],"picked":"Gash","floor":4},{"not_picked":["Steam","Stack"],"picked":"Sunder","floor":7},{"not_picked":["Heatsinks","Redo"],"picked":"Rainbow","floor":11},{"not_picked":["Ball Lightning","Hyperbeam"],"picked":"Coolheaded","floor":12},{"not_picked":["Core Surge","All For One"],"picked":"Electrodynamics","floor":16},{"not_picked":["Tempest","Reprogram"],"picked":"Beam Cell","floor":18},{"not_picked":["Beam Cell","Heatsinks+1"],"picked":"Barrage+1","floor":19},{"not_picked":["Streamline","Reprogram"],"picked":"Conserve Battery","floor":22}],"player_experience":1944065,"relics_obtained":[{"floor":9,"key":"Happy Flower"},{"floor":12,"key":"Whetstone"}],"event_choices":[{"damage_healed":0,"gold_gain":0,"player_choice":"Grow","damage_taken":0,"max_hp_gain":0,"max_hp_loss":0,"event_name":"Living Wall","floor":2,"gold_loss":0,"cards_upgraded":["Sunder"]},{"damage_healed":0,"gold_gain":0,"player_choice":"Success","damage_taken":5,"relics_obtained":["MawBank"],"max_hp_gain":0,"max_hp_loss":0,"event_name":"Scrap Ooze","floor":5,"gold_loss":0},{"damage_healed":0,"gold_gain":0,"player_choice":"Take Wound","damage_taken":0,"relics_obtained":["Golden Idol"],"max_hp_gain":0,"max_hp_loss":0,"event_name":"Golden Idol","floor":10,"gold_loss":0,"cards_obtained":["Injury"]},{"damage_healed":0,"gold_gain":0,"player_choice":"Entered Light","damage_taken":21,"max_hp_gain":0,"max_hp_loss":0,"event_name":"Shining Light","floor":14,"gold_loss":0,"cards_upgraded":["Defend_B","Strike_B"]},{"damage_healed":0,"gold_gain":0,"player_choice":"Joined the Cult","damage_taken":6,"max_hp_gain":0,"max_hp_loss":0,"event_name":"Nest","floor":21,"gold_loss":0,"cards_obtained":["RitualDagger"]}],"is_beta":false,"boss_relics":[{"not_picked":["Snecko Eye","Eternal Feather"],"picked":"Pandora\u0027s Box"}],"items_purged_floors":[20],"is_endless":false,"potions_floor_spawned":[1,3,11],"killed_by":"Gremlin Leader","ascension_level":18}