{"gold_per_floor":[111,34,109,109,121,121,154,154,154,169,188,188,5,16,16,90,90,102,129,129],"floor_reached":20,"playtime":590,"items_purged":["Strike_B"],"score":420,"play_id":"cb11ff82-09d6-4930-bc00-7078e35b9055","local_time":"20190419063341","is_ascension_mode":true,"campfire_choices":[{"data":"Zap","floor":6,"key":"SMITH"},{"data":"Sunder","floor":8,"key":"SMITH"},{"data":"Defragment","floor":12,"key":"SMITH"},{"data":"Consume","floor":15,"key":"SMITH"}],"neow_cost":"NONE","seed_source_timestamp":705946672152800,"circlet_count":0,"master_deck":["AscendersBane","Strike_B+1","Defend_B+1","Defend_B","Defend_B","Zap+1","Dualcast","Gash","Sunder+1","Coolheaded","Defragment+1","Consume+1","Leap","Capacitor","Redo","Capacitor","Multi-Cast","Coolheaded+1","Hologram+1","FTL+1","Chaos","Ball Lightning+1"],"relics":["Cracked Core","NeowsBlessing","Smiling Mask","Letter Opener","Astrolabe","Red Mask"],"potions_floor_usage":[11,16,19,20],"damage_taken":[{"damage":0,"enemies":"Jaw Worm","floor":1,"turns":1},{"damage":0,"enemies":"2 Louse","floor":5,"turns":1},{"damage":0,"enemies":"3 Sentries","floor":7,"turns":1},{"damage":0,"enemies":"Small Slimes","floor":10,"turns":1},{"damage":0,"enemies":"Blue Slaver","floor":11,"turns":3},{"damage":0,"enemies":"Large Slime","floor":14,"turns":4},{"damage":0,"enemies":"Slime Boss","floor":16,"turns":7},{"damage":8,"enemies":"Spheric Guardian","floor":18,"turns":4},{"damage":38,"enemies":"Masked Bandits","floor":19,"turns":4},{"damage":17,"enemies":"3 Byrds","floor":20,"turns":2}],"seed_played":"387443168748250186","potions_obtained":[{"floor":7,"key":"AttackPotion"},{"floor":14,"key":"Poison Potion"},{"floor":16,"key":"Weak Potion"},{"floor":19,"key":"SpeedPotion"}],"is_trial":false,"path_per_floor":["M","$","?","?","M","R","E","R","T","M","M","R","$","M","R","B",null,"M","?","M"],"character_chosen":"DEFECT","items_purchased":["Sunder","Capacitor","Redo"],"campfire_rested":0,"item_purchase_floors":[2,13,13],"current_hp_per_floor":[64,64,53,39,39,39,39,39,39,39,39,39,39,39,39,39,63,55,17,0],"gold":129,"neow_bonus":"THREE_ENEMY_KILL","is_prod":false,"is_daily":false,"chose_seed":false,"campfire_upgraded":4,"win_rate":0,"timestamp":1555648421,"path_taken":["M","$","?","?","M","R","E","R","T","M","M","R","$","M","R","BOSS","M","?","M"],"build_version":"2019-01-23","purchased_purges":1,"victory":false,"max_hp_per_floor":[71,71,71,71,71,71,71,71,71,71,71,71,71,71,71,71,71,71,71,71],"card_choices":[{"not_picked":["Hologram","Compile Driver"],"picked":"Gash","floor":1},{"not_picked":["Go for the Eyes","Rebound"],"picked":"Coolheaded","floor":5},{"not_picked":["Conserve Battery","Seek"],"picked":"Defragment","floor":7},{"not_picked":["Compile Driver","Barrage"],"picked":"Consume","floor":10},{"not_picked":["Hologram","Steam"],"picked":"Leap","floor":11},{"not_picked":["Turbo","Chaos"],"picked":"Capacitor","floor":14},{"not_picked":["Biased Cognition","Thunder Strike"],"picked":"Multi-Cast","floor":16},{"not_picked":["Sweeping Beam","Conserve Battery"],"picked":"Chaos","floor":18},{"not_picked":["Stack","Reprogram"],"picked":"Ball Lightning+1","floor":19}],"player_experience":1038571,"relics_obtained":[{"floor":7,"key":"Smiling Mask"},{"floor":9,"key":"Letter Opener"},{"floor":19,"key":"Red Mask"}],"event_choices":[{"damage_healed":0,"gold_gain":75,"player_choice":"Gather Gold","damage_taken":11,"max_hp_gain":0,"max_hp_loss":0,"event_name":"World of Goop","floor":3,"gold_loss":0},{"damage_healed":0,"gold_gain":0,"player_choice":"Entered Light","damage_taken":14,"max_hp_gain":0,"max_hp_loss":0,"event_name":"Shining Light","floor":4,"gold_loss":0,"cards_upgraded":["Strike_B","Defend_B"]},{"damage_healed":0,"gold_gain":0,"player_choice":"Fought Bandits","damage_taken":0,"max_hp_gain":0,"max_hp_loss":0,"event_name":"Masked Bandits","floor":19,"gold_loss":0}],"is_beta":false,"boss_relics":[{"not_picked":["Inserter","Runic Pyramid"],"picked":"Astrolabe"}],"items_purged_floors":[13],"is_endless":false,"potions_floor_spawned":[7,14,16,19],"killed_by":"3 Byrds","ascension_level":14}