{"gold_per_floor":[111,131,131,131,17,17,42,42,42,117,117],"floor_reached":11,"playtime":226,"items_purged":[],"score":110,"play_id":"7f677e64-0807-4568-af1b-bb5c4037789b","local_time":"20190625210205","is_ascension_mode":true,"campfire_choices":[{"data":"Zap","floor":6,"key":"SMITH"},{"data":"Self Repair","floor":8,"key":"SMITH"}],"neow_cost":"NONE","seed_source_timestamp":680206483395800,"circlet_count":0,"master_deck":["AscendersBane","Strike_B","Strike_B","Strike_B","Strike_B","Defend_B","Defend_B","Defend_B","Defend_B","Zap+1","Dualcast","Go for the Eyes","Heatsinks","Self Repair+1","Redo","Conserve Battery","Doom and Gloom"],"relics":["Cracked Core","Blood Vial","Golden Idol","Ginger","Letter Opener"],"potions_floor_usage":[10,11],"damage_taken":[{"damage":9,"enemies":"Small Slimes","floor":1,"turns":3},{"damage":7,"enemies":"Jaw Worm","floor":2,"turns":3},{"damage":0,"enemies":"2 Louse","floor":7,"turns":2},{"damage":40,"enemies":"Lagavulin Event","floor":10,"turns":7},{"damage":31,"enemies":"Gremlin Nob","floor":11,"turns":4}],"seed_played":"5632770359099011526","potions_obtained":[{"floor":2,"key":"Ancient Potion"},{"floor":10,"key":"Block Potion"}],"is_trial":false,"path_per_floor":["M","M","?","?","$","R","M","R","T","?","E"],"character_chosen":"DEFECT","items_purchased":["Self Repair","Redo"],"campfire_rested":0,"item_purchase_floors":[5,5],"current_hp_per_floor":[57,52,52,45,45,45,47,47,47,19,0],"gold":117,"neow_bonus":"RANDOM_COMMON_RELIC","is_prod":false,"is_daily":false,"chose_seed":false,"campfire_upgraded":2,"win_rate":0,"timestamp":1561489325,"path_taken":["M","M","?","?","?","R","M","R","T","?","E"],"build_version":"2019-01-23","purchased_purges":0,"victory":false,"max_hp_per_floor":[71,71,71,71,71,71,71,71,71,71,71],"card_choices":[{"not_picked":["Streamline","Turbo"],"picked":"Go for the Eyes","floor":1},{"not_picked":["Blizzard","Skim"],"picked":"Heatsinks","floor":2},{"not_picked":["Compile Driver","Chill"],"picked":"Conserve Battery","floor":7},{"not_picked":["Sweeping Beam","Cold Snap"],"picked":"Doom and Gloom","floor":10}],"player_experience":1478123,"relics_obtained":[{"floor":9,"key":"Ginger"},{"floor":10,"key":"Letter Opener"}],"event_choices":[{"damage_healed":0,"gold_gain":0,"player_choice":"Take Wound","damage_taken":0,"relics_obtained":["Golden Idol"],"max_hp_gain":0,"max_hp_loss":0,"event_name":"Golden Idol","floor":3,"gold_loss":0,"cards_obtained":["Injury"]},{"cards_removed":["Injury"],"damage_healed":0,"gold_gain":0,"player_choice":"Card Removal","damage_taken":7,"max_hp_gain":0,"max_hp_loss":0,"event_name":"Golden Wing","floor":4,"gold_loss":0},{"damage_healed":0,"gold_gain":0,"player_choice":"Searched \u00271\u0027 times","damage_taken":0,"max_hp_gain":0,"max_hp_loss":0,"event_name":"Dead Adventurer","floor":10,"gold_loss":0}],"is_beta":false,"boss_relics":[],"items_purged_floors":[],"is_endless":false,"potions_floor_spawned":[2,10],"killed_by":"Gremlin Nob","ascension_level":16}