{"gold_per_floor":[109,109,89,89,104,104,122,156,156,156,156,177,137,156,156,156],"floor_reached":16,"playtime":354,"items_purged":[],"score":175,"play_id":"1207cead-2b7a-4f23-a264-9e6ebf7c9ee2","local_time":"20190524201603","is_ascension_mode":true,"campfire_choices":[{"data":"Conserve Battery","floor":6,"key":"SMITH"},{"floor":11,"key":"REST"},{"floor":15,"key":"REST"}],"neow_cost":"NONE","seed_source_timestamp":940037090512000,"circlet_count":0,"master_deck":["AscendersBane","Strike_B","Strike_B","Strike_B","Strike_B","Defend_B","Defend_B","Defend_B","Defend_B","Zap+1","Dualcast+1","Conserve Battery+1","Injury","Cold Snap","Aggregate","BootSequence","Gash+1","White Noise"],"relics":["Cracked Core","Juzu Bracelet","Golden Idol","Boot","Molten Egg 2"],"potions_floor_usage":[8],"damage_taken":[{"damage":3,"enemies":"Small Slimes","floor":1,"turns":5},{"damage":0,"enemies":"Cultist","floor":5,"turns":3},{"damage":0,"enemies":"2 Louse","floor":7,"turns":3},{"damage":39,"enemies":"Gremlin Nob","floor":8,"turns":5},{"damage":0,"enemies":"Looter","floor":12,"turns":4},{"damage":7,"enemies":"Blue Slaver","floor":14,"turns":4},{"damage":36,"enemies":"Slime Boss","floor":16,"turns":8}],"seed_played":"-4507960077072886793","potions_obtained":[{"floor":1,"key":"Swift Potion"},{"floor":3,"key":"SmokeBomb"},{"floor":7,"key":"LiquidBronze"}],"is_trial":false,"path_per_floor":["M","?","?","?","M","R","M","E","T","?","R","M","?","M","R","B"],"character_chosen":"DEFECT","items_purchased":[],"campfire_rested":2,"item_purchase_floors":[],"current_hp_per_floor":[61,40,40,40,40,40,40,1,1,1,22,22,22,15,36,0],"gold":156,"neow_bonus":"RANDOM_COMMON_RELIC","is_prod":false,"is_daily":false,"chose_seed":false,"campfire_upgraded":1,"win_rate":0,"timestamp":1558721763,"path_taken":["M","?","?","?","M","R","M","E","T","?","R","M","?","M","R","BOSS"],"build_version":"2019-01-23","purchased_purges":0,"victory":false,"max_hp_per_floor":[71,71,71,71,71,71,71,71,71,71,71,71,71,71,71,71],"card_choices":[{"not_picked":["Rip and Tear","Darkness"],"picked":"Conserve Battery","floor":1},{"not_picked":["Turbo","Coolheaded"],"picked":"Cold Snap","floor":5},{"not_picked":["Barrage","Blizzard"],"picked":"Aggregate","floor":7},{"not_picked":["Redo","Reprogram"],"picked":"BootSequence","floor":8},{"not_picked":["Beam Cell+1","Cold Snap+1"],"picked":"Gash+1","floor":12},{"not_picked":["Redo","Tempest"],"picked":"White Noise","floor":14}],"player_experience":1197201,"relics_obtained":[{"floor":8,"key":"Boot"},{"floor":9,"key":"Molten Egg 2"}],"event_choices":[{"damage_healed":0,"gold_gain":0,"player_choice":"Entered Light","damage_taken":21,"max_hp_gain":0,"max_hp_loss":0,"event_name":"Shining Light","floor":2,"gold_loss":0,"cards_upgraded":["Zap","Dualcast"]},{"damage_healed":0,"gold_gain":0,"player_choice":"Bought 1 Potion","damage_taken":0,"max_hp_gain":0,"max_hp_loss":0,"event_name":"The Woman in Blue","floor":3,"gold_loss":0},{"damage_healed":0,"gold_gain":0,"player_choice":"Take Wound","damage_taken":0,"relics_obtained":["Golden Idol"],"max_hp_gain":0,"max_hp_loss":0,"event_name":"Golden Idol","floor":4,"gold_loss":0,"cards_obtained":["Injury"]},{"damage_healed":0,"gold_gain":0,"player_choice":"Ignored","damage_taken":0,"max_hp_gain":0,"max_hp_loss":0,"event_name":"Golden Wing","floor":10,"gold_loss":0},{"damage_healed":0,"gold_gain":0,"player_choice":"Left Gold","damage_taken":0,"max_hp_gain":0,"max_hp_loss":0,"event_name":"World of Goop","floor":13,"gold_loss":40}],"is_beta":false,"boss_relics":[],"items_purged_floors":[],"is_endless":false,"potions_floor_spawned":[1,7],"killed_by":"Slime Boss","ascension_level":15}