{"gold_per_floor":[117,129,129,129,143,143,171,171,171,171,198,198,198,213,213,287,287,300,317,21,33,33,62,74,74,74,128,128,146,60,106,106,106],"floor_reached":33,"playtime":1600,"items_purged":["Blood for Blood"],"score":557,"play_id":"417c382e-a16e-42ca-a8cf-d1bcf4d274b8","local_time":"20190813233621","is_ascension_mode":true,"campfire_choices":[{"data":"Body Slam","floor":6.0,"key":"SMITH"},{"data":"True Grit","floor":8.0,"key":"SMITH"},{"data":"Bash","floor":10.0,"key":"SMITH"},{"floor":13.0,"key":"REST"},{"floor":15.0,"key":"REST"},{"data":"Feel No Pain","floor":25.0,"key":"SMITH"},{"floor":32,"key":"REST"}],"neow_cost":"NONE","seed_source_timestamp":973286076928400,"circlet_count":0,"master_deck":["AscendersBane","Bash+1","Body Slam+1","Thunderclap+1","True Grit+1","Shockwave+1","Spot Weakness+1","Juggernaut","Searing Blow","Ghostly Armor+1","Sword Boomerang","Feel No Pain+1","Hemokinesis","Feed","Warcry+1","Pommel Strike","Armaments+1","Flex+1","Jack Of All Trades+1","Infernal Blade+1","Flex+1","Flame Barrier+1","Headbutt","Heavy Blade","Writhe","Feel No Pain","Finesse+1"],"special_seed":0,"relics":["Burning Blood","NeowsBlessing","Bird Faced Urn","Du-Vu Doll","Toxic Egg 2","Orichalcum","Pandora\u0027s Box","Enchiridion","Blood Vial","The Courier","Bag of Marbles","Mercury Hourglass","Centennial Puzzle"],"potions_floor_usage":[33],"damage_taken":[{"damage":0.0,"enemies":"2 Louse","floor":1.0,"turns":1.0},{"damage":0.0,"enemies":"Cultist","floor":2.0,"turns":1.0},{"damage":0.0,"enemies":"Jaw Worm","floor":5.0,"turns":1.0},{"damage":55.0,"enemies":"3 Sentries","floor":7.0,"turns":11.0},{"damage":27.0,"enemies":"Gremlin Nob","floor":11.0,"turns":4.0},{"damage":3.0,"enemies":"Looter","floor":14.0,"turns":3.0},{"damage":53.0,"enemies":"Slime Boss","floor":16.0,"turns":9.0},{"damage":12.0,"enemies":"3 Byrds","floor":18.0,"turns":6.0},{"damage":3.0,"enemies":"Chosen","floor":19.0,"turns":4.0},{"damage":8.0,"enemies":"Centurion and Healer","floor":21.0,"turns":5.0},{"damage":31.0,"enemies":"Slavers","floor":23.0,"turns":4.0},{"damage":9.0,"enemies":"Cultist and Chosen","floor":24.0,"turns":4.0},{"damage":43.0,"enemies":"Book of Stabbing","floor":27.0,"turns":5.0},{"damage":10.0,"enemies":"Snecko","floor":29.0,"turns":5.0},{"damage":80,"enemies":"Collector","floor":33,"turns":7}],"seed_played":"2989133565941972892","potions_obtained":[{"floor":7.0,"key":"Regen Potion"},{"floor":11.0,"key":"Energy Potion"},{"floor":16.0,"key":"AttackPotion"},{"floor":21.0,"key":"Dexterity Potion"},{"floor":24.0,"key":"BloodPotion"},{"floor":29.0,"key":"SteroidPotion"}],"is_trial":false,"path_per_floor":["M","M","?","$","M","R","E","R","T","R","E","?","R","M","R","B",null,"M","M","$","M","?","E","M","R","T","E","?","M","$","T","R","B"],"character_chosen":"IRONCLAD","items_purchased":["Flex+1","Jack Of All Trades+1","Infernal Blade+1","Finesse+1"],"campfire_rested":3,"item_purchase_floors":[20,20,20,30],"current_hp_per_floor":[74,75,75,75,75,75,26,26,26,26,17,17,39,42,64,17,61,60,70,70,72,51,35,43,43,43,35,35,37,37,37,63,0],"gold":106,"neow_bonus":"THREE_ENEMY_KILL","is_prod":false,"is_daily":false,"chose_seed":false,"campfire_upgraded":4,"win_rate":0,"timestamp":1565732181,"path_taken":["M","M","?","$","?","R","E","R","T","R","E","?","R","M","R","BOSS","M","?","$","M","?","E","M","R","T","E","?","M","$","?","R","BOSS"],"build_version":"2019-07-17","purchased_purges":1,"victory":false,"max_hp_per_floor":[75,75,75,75,75,75,75,75,75,75,75,75,75,75,75,75,75,78,81,81,81,81,84,87,87,87,87,87,87,87,87,87,87],"card_choices":[{"not_picked":["Sword Boomerang","Rupture"],"picked":"Intimidate","floor":1.0},{"not_picked":["Dual Wield","Cleave"],"picked":"Body Slam","floor":2.0},{"not_picked":["Searing Blow","Cleave"],"picked":"Thunderclap","floor":5.0},{"not_picked":["Twin Strike","Burning Pact"],"picked":"True Grit","floor":7.0},{"not_picked":["Cleave","Uppercut"],"picked":"Shockwave+1","floor":11.0},{"not_picked":["Perfected Strike","Rupture"],"picked":"Spot Weakness+1","floor":14.0},{"not_picked":["Exhume+1","Barricade"],"picked":"Juggernaut","floor":16.0},{"not_picked":["Hemokinesis","Searing Blow"],"picked":"Armaments+1","floor":18.0},{"not_picked":["Searing Blow","Sword Boomerang+1","Pommel Strike"],"picked":"SKIP","floor":19.0},{"not_picked":["Pommel Strike","Clothesline"],"picked":"Flex+1","floor":21.0},{"not_picked":["Rupture","Searing Blow"],"picked":"Flame Barrier+1","floor":23.0},{"not_picked":["Clothesline","Wild Strike+1"],"picked":"Headbutt","floor":24.0},{"not_picked":["Armaments+1","Flex+1"],"picked":"Heavy Blade","floor":27.0},{"not_picked":["Cleave","Heavy Blade"],"picked":"Feel No Pain","floor":29.0}],"player_experience":1875243,"relics_obtained":[{"floor":7.0,"key":"Du-Vu Doll"},{"floor":9.0,"key":"Toxic Egg 2"},{"floor":11.0,"key":"Orichalcum"},{"floor":22.0,"key":"Enchiridion"},{"floor":23.0,"key":"Blood Vial"},{"floor":26.0,"key":"The Courier"},{"floor":27.0,"key":"Bag of Marbles"},{"floor":31,"key":"Centennial Puzzle"}],"event_choices":[{"cards_removed":["Intimidate"],"damage_healed":0.0,"max_hp_gain":0.0,"max_hp_loss":0.0,"gold_gain":0.0,"event_name":"WeMeetAgain","player_choice":"Gave Card","floor":3.0,"gold_loss":0.0,"damage_taken":0.0,"relics_obtained":["Bird Faced Urn"]},{"damage_healed":0.0,"max_hp_gain":0.0,"max_hp_loss":0.0,"gold_gain":0.0,"event_name":"Accursed Blacksmith","player_choice":"Forge","floor":12.0,"gold_loss":0.0,"damage_taken":0.0,"cards_upgraded":["Thunderclap"]},{"damage_healed":0.0,"max_hp_gain":0.0,"max_hp_loss":0.0,"gold_gain":0.0,"event_name":"Cursed Tome","player_choice":"Obtained Book","floor":22.0,"gold_loss":0.0,"damage_taken":21.0},{"damage_healed":0.0,"max_hp_gain":0.0,"max_hp_loss":0.0,"gold_gain":0.0,"event_name":"The Mausoleum","player_choice":"Opened","floor":28.0,"gold_loss":0.0,"damage_taken":0.0,"relics_obtained":["Mercury Hourglass"],"cards_obtained":["Writhe"]}],"is_beta":false,"boss_relics":[{"not_picked":["Orrery","Velvet Choker"],"picked":"Pandora\u0027s Box"}],"items_purged_floors":[20],"is_endless":false,"potions_floor_spawned":[7,11,16,21,24,29],"killed_by":"Collector","ascension_level":18}