{"gold_per_floor":[20,39,56,56,70,70,95,95,95,95,95,114,124,159,159,235,235,248,273,273,273],"floor_reached":21,"playtime":739,"items_purged":[],"score":378,"play_id":"cca2a68c-7902-4cde-b47d-8508e559cde8","local_time":"20190225234413","is_ascension_mode":true,"campfire_choices":[{"data":"Creative AI","floor":6.0,"key":"SMITH"},{"data":"Biased Cognition","floor":8.0,"key":"SMITH"},{"floor":11.0,"key":"REST"},{"floor":15.0,"key":"REST"}],"neow_cost":"NO_GOLD","seed_source_timestamp":819692272870175,"circlet_count":0,"master_deck":["AscendersBane","Strike_B","Strike_B","Strike_B","Strike_B","Defend_B","Defend_B","Defend_B","Defend_B","Zap","Dualcast","Ball Lightning","Undo","Sweeping Beam","Regret","Creative AI+1","Biased Cognition+1","Melter","Chill","Leap","Core Surge","Ball Lightning+1","Defragment"],"special_seed":0,"relics":["Cracked Core","Thread and Needle","PreservedInsect","Ornamental Fan","DataDisk","Bronze Scales","Nuclear Battery","Red Mask"],"potions_floor_usage":[19,20],"damage_taken":[{"damage":0.0,"enemies":"Small Slimes","floor":1.0,"turns":4.0},{"damage":0.0,"enemies":"2 Louse","floor":2.0,"turns":2.0},{"damage":0.0,"enemies":"Cultist","floor":3.0,"turns":3.0},{"damage":6.0,"enemies":"Blue Slaver","floor":5.0,"turns":3.0},{"damage":16.0,"enemies":"3 Sentries","floor":7.0,"turns":7.0},{"damage":6.0,"enemies":"Exordium Wildlife","floor":12.0,"turns":3.0},{"damage":0.0,"enemies":"Looter","floor":13.0,"turns":2.0},{"damage":28.0,"enemies":"Lagavulin","floor":14.0,"turns":4.0},{"damage":24.0,"enemies":"The Guardian","floor":16.0,"turns":8.0},{"damage":18.0,"enemies":"2 Thieves","floor":18.0,"turns":4.0},{"damage":22,"enemies":"Masked Bandits","floor":19,"turns":4},{"damage":12,"enemies":"Colosseum Slavers","floor":20,"turns":5},{"damage":8,"enemies":"3 Byrds","floor":21,"turns":2}],"seed_played":"-58138278108552660","potions_obtained":[{"floor":3.0,"key":"Poison Potion"},{"floor":5.0,"key":"AttackPotion"},{"floor":7.0,"key":"PowerPotion"},{"floor":12.0,"key":"Ancient Potion"},{"floor":18.0,"key":"FearPotion"}],"is_trial":false,"path_per_floor":["M","M","M","?","M","R","E","R","T","?","R","M","M","E","R","B",null,"M","?","?","M"],"character_chosen":"DEFECT","items_purchased":[],"campfire_rested":2,"item_purchase_floors":[],"current_hp_per_floor":[64,64,64,64,58,58,42,42,42,42,63,57,57,29,50,26,60,42,20,8,0],"gold":273,"neow_bonus":"ONE_RARE_RELIC","is_prod":false,"is_daily":false,"chose_seed":false,"campfire_upgraded":2,"win_rate":0,"timestamp":1551134653,"path_taken":["M","M","M","?","M","R","E","R","T","?","R","M","M","E","R","BOSS","M","?","?","M"],"build_version":"2019-01-23","purchased_purges":0,"victory":false,"max_hp_per_floor":[71,71,71,71,71,71,71,71,71,71,71,71,71,71,71,71,71,71,71,71,71],"card_choices":[{"not_picked":["Undo","Redo"],"picked":"Ball Lightning","floor":1.0},{"not_picked":["Storm","Barrage"],"picked":"Undo","floor":2.0},{"not_picked":["Gash","Barrage"],"picked":"Sweeping Beam","floor":3.0},{"not_picked":["Gash","Rebound"],"picked":"Creative AI","floor":5.0},{"not_picked":["Leap","Turbo"],"picked":"Biased Cognition","floor":7.0},{"not_picked":["Barrage","Reprogram"],"picked":"Melter","floor":12.0},{"not_picked":["Compile Driver","Sweeping Beam"],"picked":"Chill","floor":13.0},{"not_picked":["Steam","Aggregate"],"picked":"Leap","floor":14.0},{"not_picked":["Machine Learning","Multi-Cast"],"picked":"Core Surge","floor":16.0},{"not_picked":["Turbo+1","Force Field"],"picked":"Ball Lightning+1","floor":18.0},{"not_picked":["Streamline","Chaos"],"picked":"Defragment","floor":19}],"player_experience":667139,"relics_obtained":[{"floor":7.0,"key":"Ornamental Fan"},{"floor":9.0,"key":"DataDisk"},{"floor":14.0,"key":"Bronze Scales"},{"floor":19,"key":"Red Mask"}],"event_choices":[{"damage_healed":0.0,"max_hp_gain":0.0,"max_hp_loss":0.0,"gold_gain":0.0,"event_name":"Big Fish","player_choice":"Box","floor":4.0,"gold_loss":0.0,"damage_taken":0.0,"relics_obtained":["PreservedInsect"],"cards_obtained":["Regret"]},{"damage_healed":0.0,"max_hp_gain":0.0,"max_hp_loss":0.0,"gold_gain":0.0,"event_name":"Shining Light","player_choice":"Ignored","floor":10.0,"gold_loss":0.0,"damage_taken":0.0},{"damage_healed":0,"gold_gain":0,"player_choice":"Fought Bandits","damage_taken":0,"max_hp_gain":0,"max_hp_loss":0,"event_name":"Masked Bandits","floor":19,"gold_loss":0},{"damage_healed":0,"gold_gain":0,"player_choice":"Fight","damage_taken":0,"max_hp_gain":0,"max_hp_loss":0,"event_name":"Colosseum","floor":20,"gold_loss":0},{"damage_healed":0,"gold_gain":0,"player_choice":"Fled From Nobs","damage_taken":0,"max_hp_gain":0,"max_hp_loss":0,"event_name":"Colosseum","floor":20,"gold_loss":0}],"is_beta":false,"boss_relics":[{"not_picked":["Runic Pyramid","Coffee Dripper"],"picked":"Nuclear Battery"}],"items_purged_floors":[],"is_endless":false,"potions_floor_spawned":[3,5,7,12,14,18,20],"killed_by":"3 Byrds","ascension_level":20}