{"gold_per_floor":[109,109,109,109,34,34,47,81,81,81,98,98,115,145,145,248,248,238,184,196,213,312,346,346,375,424,424,435,452,452,486,486,585,585,596,696,696,413,242,242],"floor_reached":40,"playtime":3616,"items_purged":["Regret"],"score":720,"play_id":"8b427bd0-33db-43e2-adbb-dc31e74fb735","local_time":"20191002204142","is_ascension_mode":true,"campfire_choices":[{"data":"True Grit","floor":6.0,"key":"SMITH"},{"data":"Battle Trance","floor":10.0,"key":"SMITH"},{"data":"Reaper","floor":12.0,"key":"SMITH"},{"data":"Corruption","floor":15.0,"key":"SMITH"},{"floor":24.0,"key":"REST"},{"data":"Battle Trance","floor":27.0,"key":"SMITH"},{"data":"Feel No Pain","floor":30.0,"key":"SMITH"},{"data":"Inflame","floor":32.0,"key":"SMITH"}],"neow_cost":"NONE","seed_source_timestamp":0,"circlet_count":0,"master_deck":["AscendersBane","Strike_R+1","Strike_R","Strike_R","Strike_R","Strike_R+1","Defend_R","Defend_R","Defend_R","Defend_R","Bash+1","True Grit+1","Battle Trance+1","Headbutt","Reaper+1","Corruption+1","Ghostly Armor","Immolate","Shrug It Off","Inflame+1","Battle Trance+1","Sentinel","True Grit","Feel No Pain+1","Impervious","Flame Barrier+1","Shrug It Off","Clothesline","Headbutt","Uppercut","True Grit","Feel No Pain"],"special_seed":0,"relics":["Burning Blood","Red Skull","Champion Belt","Ancient Tea Set","Incense Burner","Whetstone","Omamori","Black Star","Sundial","Blue Candle","Strawberry","Turnip","Lantern","Regal Pillow","Bottled Tornado","Coffee Dripper","Peace Pipe","Oddly Smooth Stone"],"potions_floor_usage":[],"damage_taken":[{"damage":10.0,"enemies":"Small Slimes","floor":1.0,"turns":5.0},{"damage":2.0,"enemies":"Jaw Worm","floor":7.0,"turns":4.0},{"damage":29.0,"enemies":"3 Sentries","floor":8.0,"turns":11.0},{"damage":1.0,"enemies":"2 Louse","floor":11.0,"turns":2.0},{"damage":0.0,"enemies":"Looter","floor":13.0,"turns":2.0},{"damage":32.0,"enemies":"Lagavulin","floor":14.0,"turns":8.0},{"damage":40.0,"enemies":"The Guardian","floor":16.0,"turns":11.0},{"damage":11.0,"enemies":"2 Thieves","floor":18.0,"turns":4.0},{"damage":28.0,"enemies":"3 Byrds","floor":20.0,"turns":6.0},{"damage":49.0,"enemies":"Cultist and Chosen","floor":21.0,"turns":8.0},{"damage":13.0,"enemies":"Gremlin Leader","floor":23.0,"turns":6.0},{"damage":22.0,"enemies":"Book of Stabbing","floor":25.0,"turns":5.0},{"damage":17.0,"enemies":"Sentry and Sphere","floor":28.0,"turns":6.0},{"damage":13.0,"enemies":"3 Cultists","floor":29.0,"turns":4.0},{"damage":22.0,"enemies":"Slavers","floor":31.0,"turns":4.0},{"damage":38.0,"enemies":"Champ","floor":33.0,"turns":15.0},{"damage":2.0,"enemies":"Orb Walker","floor":35.0,"turns":5.0},{"damage":9,"enemies":"Mind Bloom Boss Battle","floor":36,"turns":10},{"damage":89,"enemies":"Giant Head","floor":40,"turns":11}],"seed_played":"3616435710971456715","potions_obtained":[{"floor":8.0,"key":"Strength Potion"},{"floor":11.0,"key":"Fruit Juice"},{"floor":13.0,"key":"Strength Potion"},{"floor":23.0,"key":"Strength Potion"},{"floor":29.0,"key":"Energy Potion"},{"floor":36,"key":"Dexterity Potion"}],"is_trial":false,"path_per_floor":["M","?","?","?","$","R","M","E","T","R","M","R","M","E","R","B",null,"M","$","M","M","?","E","R","E","T","R","M","M","R","E","R","B",null,"M","?","?","$","$","E"],"character_chosen":"IRONCLAD","items_purchased":["Shrug It Off","Oddly Smooth Stone","Shrug It Off","Clothesline","Headbutt","Uppercut","True Grit","Feel No Pain"],"campfire_rested":1,"item_purchase_floors":[19,38,38,38,38,39,39,39],"current_hp_per_floor":[68,68,61,61,61,61,65,42,42,42,52,52,58,44,44,22,69,64,64,48,15,15,22,47,38,38,38,27,44,44,58,58,26,76,92,92,87,87,87,0],"gold":242,"neow_bonus":"RANDOM_COMMON_RELIC","is_prod":false,"is_daily":false,"chose_seed":false,"campfire_upgraded":7,"win_rate":0,"timestamp":1570063302,"path_taken":["M","?","?","?","$","R","M","E","T","R","M","R","M","E","R","BOSS","M","$","M","M","?","E","R","E","T","R","M","M","R","E","R","BOSS","M","?","?","?","$","E"],"build_version":"2019-10-02","purchased_purges":1,"victory":false,"max_hp_per_floor":[80,80,80,80,80,80,80,80,80,80,85,85,85,85,85,85,85,85,85,85,85,85,85,85,92,92,92,92,92,92,92,92,92,92,92,92,87,87,87,87],"card_choices":[{"not_picked":["Wild Strike","Clash"],"picked":"True Grit","floor":1.0},{"not_picked":["Searing Blow","Shockwave"],"picked":"Battle Trance","floor":7.0},{"not_picked":["Heavy Blade","Body Slam"],"picked":"Headbutt","floor":8.0},{"not_picked":["Clash","Shockwave"],"picked":"Reaper","floor":11.0},{"not_picked":["Carnage","Evolve"],"picked":"Corruption","floor":13.0},{"not_picked":["Heavy Blade","Havoc"],"picked":"Ghostly Armor","floor":14.0},{"not_picked":["Reaper","Exhume"],"picked":"Immolate","floor":16.0},{"not_picked":["Perfected Strike","Twin Strike","Intimidate"],"picked":"SKIP","floor":18.0},{"not_picked":["Heavy Blade","Iron Wave"],"picked":"Inflame","floor":20.0},{"not_picked":["Pummel","Hemokinesis"],"picked":"Battle Trance","floor":21.0},{"not_picked":["Body Slam+1","Barricade","Thunderclap"],"picked":"SKIP","floor":23.0},{"not_picked":["Clash","Wild Strike"],"picked":"Sentinel","floor":25.0},{"not_picked":["Berserk","Iron Wave"],"picked":"True Grit","floor":28.0},{"not_picked":["True Grit","Pommel Strike"],"picked":"Feel No Pain","floor":29.0},{"not_picked":["Berserk","Second Wind+1","Armaments"],"picked":"SKIP","floor":31.0},{"not_picked":["Exhume","Berserk"],"picked":"Impervious","floor":33.0},{"not_picked":["Hemokinesis","Corruption","Twin Strike"],"picked":"SKIP","floor":35.0},{"not_picked":["Twin Strike","Wild Strike"],"picked":"Flame Barrier+1","floor":36}],"player_experience":452040,"relics_obtained":[{"floor":8.0,"key":"Incense Burner"},{"floor":9.0,"key":"Whetstone"},{"floor":14.0,"key":"Omamori"},{"floor":23.0,"key":"Sundial"},{"floor":23.0,"key":"Blue Candle"},{"floor":25.0,"key":"Strawberry"},{"floor":25.0,"key":"Turnip"},{"floor":26.0,"key":"Lantern"},{"floor":31.0,"key":"Regal Pillow"},{"floor":31.0,"key":"Bottled Tornado"},{"floor":36,"key":"Peace Pipe"}],"event_choices":[{"damage_healed":0.0,"max_hp_gain":0.0,"max_hp_loss":0.0,"gold_gain":0.0,"event_name":"Living Wall","player_choice":"Grow","floor":2.0,"gold_loss":0.0,"damage_taken":0.0,"cards_upgraded":["Bash"]},{"damage_healed":0.0,"max_hp_gain":0.0,"max_hp_loss":0.0,"gold_gain":0.0,"event_name":"Scrap Ooze","player_choice":"Success","floor":3.0,"gold_loss":0.0,"damage_taken":7.0,"relics_obtained":["Champion Belt"]},{"damage_healed":0.0,"max_hp_gain":0.0,"max_hp_loss":0.0,"gold_gain":0.0,"event_name":"Big Fish","player_choice":"Box","floor":4.0,"gold_loss":0.0,"damage_taken":0.0,"relics_obtained":["Ancient Tea Set"],"cards_obtained":["Regret"]},{"damage_healed":0.0,"max_hp_gain":0.0,"max_hp_loss":0.0,"gold_gain":99.0,"event_name":"Nest","player_choice":"Stole From Cult","floor":22.0,"gold_loss":0.0,"damage_taken":0.0},{"damage_healed":0,"gold_gain":0,"player_choice":"Fight","damage_taken":0,"max_hp_gain":0,"max_hp_loss":0,"event_name":"MindBloom","floor":36,"gold_loss":0},{"damage_healed":0,"gold_gain":0,"player_choice":"Max HP","damage_taken":0,"max_hp_gain":0,"max_hp_loss":5,"event_name":"Winding Halls","floor":37,"gold_loss":0}],"is_beta":true,"boss_relics":[{"not_picked":["SlaversCollar","SacredBark"],"picked":"Black Star"},{"not_picked":["Runic Dome","Busted Crown"],"picked":"Coffee Dripper"}],"items_purged_floors":[5],"is_endless":false,"potions_floor_spawned":[8,11,13,16,20,23,29,36],"killed_by":"Giant Head","ascension_level":12}