{"gold_per_floor":[361,113,113,124,135,135,170,170,170,203,203,219,219,18,18,95,95,114,124,42,56,72,72,72],"floor_reached":24,"playtime":1145,"items_purged":["Doubt","Strike_R"],"score":361,"play_id":"e72f3fb4-8beb-45c0-b299-926bf6b036a9","local_time":"20180917105309","is_ascension_mode":true,"campfire_choices":[{"data":"Disarm","floor":6,"key":"SMITH"},{"floor":11,"key":"REST"},{"floor":15,"key":"REST"},{"data":"Demon Form","floor":23,"key":"SMITH"}],"neow_cost":"CURSE","seed_source_timestamp":5477261550708,"circlet_count":0,"master_deck":["Strike_R","Strike_R","Strike_R","Strike_R","Defend_R","Defend_R","Defend_R","Defend_R","Bash+1","AscendersBane","Pommel Strike","Shrug It Off","Disarm+1","Demon Form+1","Uppercut","Pummel","Immolate","Clothesline","Infernal Blade","Feel No Pain","Havoc","Reaper"],"relics":["Black Blood","Mummified Hand","Self Forming Clay","Smiling Mask","Bronze Scales"],"potions_floor_usage":[7,16],"damage_taken":[{"damage":15,"enemies":"Cultist","floor":1,"turns":5},{"damage":12,"enemies":"Jaw Worm","floor":4,"turns":2},{"damage":0,"enemies":"Small Slimes","floor":5,"turns":3},{"damage":30,"enemies":"Lagavulin","floor":7,"turns":5},{"damage":52,"enemies":"3 Sentries","floor":10,"turns":13},{"damage":11,"enemies":"Looter","floor":12,"turns":3},{"damage":36,"enemies":"The Guardian","floor":16,"turns":13},{"damage":20,"enemies":"Shell Parasite","floor":18,"turns":6},{"damage":24,"enemies":"Spheric Guardian","floor":19,"turns":4},{"damage":20,"enemies":"Centurion and Healer","floor":21,"turns":5},{"damage":11,"enemies":"Snecko","floor":22,"turns":5},{"damage":31,"enemies":"Snake Plant","floor":24,"turns":4}],"seed_played":"1182555920562566800","potions_obtained":[{"floor":7,"key":"FearPotion"},{"floor":16,"key":"PowerPotion"},{"floor":18,"key":"Explosive Potion"}],"is_trial":false,"path_per_floor":["M","$","?","M","M","R","E","?","T","E","R","M","?","$","R","B",null,"M","M","$","M","M","R"],"character_chosen":"IRONCLAD","items_purchased":["LiquidBronze","AttackPotion","Shrug It Off","Bronze Scales","Feel No Pain"],"campfire_rested":2,"item_purchase_floors":[2,2,2,14,20],"current_hp_per_floor":[59,59,59,53,59,59,35,60,60,14,36,31,31,31,53,23,62,52,38,38,28,27,27,0],"gold":72,"neow_bonus":"TWO_FIFTY_GOLD","is_prod":false,"is_daily":false,"chose_seed":false,"campfire_upgraded":2,"win_rate":0,"timestamp":1537177989,"path_taken":["M","$","?","M","M","R","E","?","T","E","R","M","?","$","R","BOSS","M","M","$","M","M","R","?"],"build_version":"2018-09-06","purchased_purges":2,"victory":false,"max_hp_per_floor":[75,75,75,75,75,75,75,75,75,75,75,75,75,75,75,75,75,75,75,75,75,75,75,75],"card_choices":[{"not_picked":["Sentinel","Second Wind"],"picked":"Pommel Strike","floor":1},{"not_picked":["Perfected Strike","Bloodletting"],"picked":"Disarm","floor":4},{"not_picked":["Iron Wave","Burning Pact","Sword Boomerang"],"picked":"SKIP","floor":5},{"not_picked":["Pummel","Whirlwind"],"picked":"Demon Form","floor":7},{"not_picked":["Rampage","Twin Strike"],"picked":"Uppercut","floor":10},{"not_picked":["Ghostly Armor","Cleave"],"picked":"Pummel","floor":12},{"not_picked":["Impervious","Barricade"],"picked":"Immolate","floor":16},{"not_picked":["Dual Wield","Armaments"],"picked":"Clothesline","floor":18},{"not_picked":["Pommel Strike","Perfected Strike"],"picked":"Infernal Blade","floor":19},{"not_picked":["Clothesline","Sentinel"],"picked":"Havoc","floor":21},{"not_picked":["Uppercut","Heavy Blade"],"picked":"Reaper","floor":22}],"player_experience":745793,"relics_obtained":[{"floor":7,"key":"Mummified Hand"},{"floor":9,"key":"Self Forming Clay"},{"floor":10,"key":"Smiling Mask"}],"event_choices":[{"event_name":"Living Wall","player_choice":"Grow","floor":3,"damage_taken":0},{"event_name":"Big Fish","player_choice":"Banana","floor":8,"damage_taken":0},{"event_name":"Dead Adventurer","player_choice":"Searched \u00270\u0027 times","floor":13,"damage_taken":0}],"is_beta":false,"boss_relics":[{"not_picked":["Eternal Feather","Coffee Dripper"],"picked":"Black Blood"}],"items_purged_floors":[2,14],"is_endless":false,"potions_floor_spawned":[5,7,10,16,18,21],"killed_by":"Snake Plant","ascension_level":15}