{"gold_per_floor":[113,131,146,146,161,161,186,197,197,197,197,197,208,27,27,27],"floor_reached":16,"playtime":562,"items_purged":["Strike_G"],"score":175,"play_id":"547cb2f8-c0a2-46ab-9e03-a375086312e0","local_time":"20190719213324","is_ascension_mode":true,"campfire_choices":[{"data":"Neutralize","floor":6,"key":"SMITH"},{"floor":10,"key":"REST"},{"floor":12,"key":"REST"},{"floor":15,"key":"REST"}],"neow_cost":"NONE","seed_source_timestamp":607874430334600,"circlet_count":0,"master_deck":["AscendersBane","Strike_G","Strike_G","Strike_G","Defend_G","Defend_G","Defend_G","Defend_G","Defend_G","Survivor","Neutralize+1","Choke","Caltrops+1","Footwork","Poisoned Stab+1","Flying Knee","Tactician","Wraith Form v2","Endless Agony","Backflip"],"relics":["Ring of the Snake","Odd Mushroom","Letter Opener"],"potions_floor_usage":[3,8,16],"damage_taken":[{"damage":6,"enemies":"Cultist","floor":1,"turns":6},{"damage":9,"enemies":"Jaw Worm","floor":2,"turns":5},{"damage":0,"enemies":"2 Louse","floor":3,"turns":3},{"damage":0,"enemies":"Exordium Wildlife","floor":5,"turns":5},{"damage":23,"enemies":"The Mushroom Lair","floor":7,"turns":7},{"damage":13,"enemies":"Lots of Slimes","floor":8,"turns":4},{"damage":0,"enemies":"Blue Slaver","floor":13,"turns":4},{"damage":56,"enemies":"Slime Boss","floor":16,"turns":8}],"seed_played":"418639998769808817","potions_obtained":[{"floor":2,"key":"Explosive Potion"},{"floor":7,"key":"SpeedPotion"},{"floor":8,"key":"GamblersBrew"}],"is_trial":false,"path_per_floor":["M","M","M","?","M","R","?","M","T","R","?","R","M","$","R","B"],"character_chosen":"THE_SILENT","items_purchased":["Endless Agony","Backflip"],"campfire_rested":3,"item_purchase_floors":[14,14],"current_hp_per_floor":[59,50,50,43,43,43,20,7,7,28,6,27,27,27,48,0],"gold":27,"neow_bonus":"TEN_PERCENT_HP_BONUS","is_prod":false,"is_daily":false,"chose_seed":false,"campfire_upgraded":1,"win_rate":0,"timestamp":1563564804,"path_taken":["M","M","M","?","M","R","?","M","T","R","?","R","M","?","R","BOSS"],"build_version":"2019-07-17","purchased_purges":1,"victory":false,"max_hp_per_floor":[72,72,72,72,72,72,72,72,72,72,72,72,72,72,72,72],"card_choices":[{"not_picked":["Outmaneuver","Underhanded Strike"],"picked":"Choke","floor":1},{"not_picked":["All Out Attack","Deflect"],"picked":"Caltrops","floor":2},{"not_picked":["Caltrops","Deflect"],"picked":"Footwork","floor":3},{"not_picked":["Accuracy","All Out Attack"],"picked":"Poisoned Stab","floor":5},{"not_picked":["Slice","Riddle With Holes"],"picked":"Flying Knee","floor":7},{"not_picked":["Dagger Throw","Expertise"],"picked":"Tactician","floor":8},{"not_picked":["Poisoned Stab","Prepared"],"picked":"Wraith Form v2","floor":13}],"player_experience":1689190,"relics_obtained":[{"floor":7,"key":"Odd Mushroom"},{"floor":9,"key":"Letter Opener"}],"event_choices":[{"cards_removed":["Strike_G"],"damage_healed":0,"gold_gain":0,"player_choice":"Card Removal","damage_taken":7,"max_hp_gain":0,"max_hp_loss":0,"event_name":"Golden Wing","floor":4,"gold_loss":0},{"damage_healed":0,"gold_gain":0,"player_choice":"Fought Mushrooms","damage_taken":0,"max_hp_gain":0,"max_hp_loss":0,"event_name":"Mushrooms","floor":7,"gold_loss":0},{"damage_healed":0,"gold_gain":0,"player_choice":"Entered Light","damage_taken":22,"max_hp_gain":0,"max_hp_loss":0,"event_name":"Shining Light","floor":11,"gold_loss":0,"cards_upgraded":["Caltrops","Poisoned Stab"]}],"is_beta":false,"boss_relics":[],"items_purged_floors":[14],"is_endless":false,"potions_floor_spawned":[2,7,8],"killed_by":"Slime Boss","ascension_level":18}