{"gold_per_floor":[117,117,130,130,130,163,163,179,179,179,196,216,228,24,24,103,103,119,119,132,132,132],"floor_reached":22,"playtime":591,"items_purged":["Strike_G"],"score":401,"play_id":"2b9f085d-8852-4c47-9179-f28aca73059f","local_time":"20190722022841","is_ascension_mode":true,"campfire_choices":[{"data":"Noxious Fumes","floor":7,"key":"SMITH"},{"data":"Deadly Poison","floor":10,"key":"SMITH"},{"data":"Blade Dance","floor":15,"key":"SMITH"}],"neow_cost":"NONE","seed_source_timestamp":59870773871900,"circlet_count":0,"master_deck":["AscendersBane","Defend_G","Defend_G","Defend_G","Defend_G","Defend_G","Survivor","Neutralize+1","Dagger Throw","Deadly Poison+1","Terror","Noxious Fumes+1","Flying Knee","Bouncing Flask","Choke","Blade Dance+1","Well Laid Plans","Deadly Poison","A Thousand Cuts","Finisher+1","Corpse Explosion+1","Skewer+1","Bane","Deadly Poison"],"relics":["Ring of the Snake","NeowsBlessing","Meat on the Bone","Bag of Marbles","Letter Opener","Astrolabe"],"potions_floor_usage":[11,16,22],"damage_taken":[{"damage":0,"enemies":"Small Slimes","floor":1,"turns":1},{"damage":0,"enemies":"Cultist","floor":3,"turns":1},{"damage":0,"enemies":"3 Sentries","floor":6,"turns":2},{"damage":4,"enemies":"Jaw Worm","floor":8,"turns":4},{"damage":3,"enemies":"3 Louse","floor":11,"turns":3},{"damage":26,"enemies":"Lots of Slimes","floor":12,"turns":3},{"damage":0,"enemies":"2 Fungi Beasts","floor":13,"turns":3},{"damage":32,"enemies":"Hexaghost","floor":16,"turns":7},{"damage":3,"enemies":"Spheric Guardian","floor":18,"turns":3},{"damage":8,"enemies":"Chosen","floor":20,"turns":5},{"damage":38,"enemies":"Shelled Parasite and Fungi","floor":22,"turns":3}],"seed_played":"3693566391541989098","potions_obtained":[{"floor":3,"key":"Explosive Potion"},{"floor":6,"key":"EssenceOfSteel"},{"floor":13,"key":"LiquidBronze"},{"floor":20,"key":"Explosive Potion"}],"is_trial":false,"path_per_floor":["M","?","M","?","?","E","R","M","T","R","M","M","M","$","R","B",null,"M","$","M","?","M"],"character_chosen":"THE_SILENT","items_purchased":["Well Laid Plans","Deadly Poison"],"campfire_rested":0,"item_purchase_floors":[14,14],"current_hp_per_floor":[59,59,59,59,59,59,59,55,55,55,52,38,38,38,38,18,54,51,51,43,37,0],"gold":132,"neow_bonus":"THREE_ENEMY_KILL","is_prod":false,"is_daily":false,"chose_seed":false,"campfire_upgraded":3,"win_rate":0,"timestamp":1563755321,"path_taken":["M","?","?","?","?","E","R","M","T","R","M","M","M","$","R","BOSS","M","?","M","?","?"],"build_version":"2019-07-17","purchased_purges":1,"victory":false,"max_hp_per_floor":[66,66,66,66,66,66,66,66,66,66,66,66,66,66,66,66,66,66,66,66,66,66],"card_choices":[{"not_picked":["Deadly Poison","Bane"],"picked":"Dagger Throw","floor":1},{"not_picked":["Distraction","Calculated Gamble"],"picked":"Deadly Poison","floor":3},{"not_picked":["All Out Attack","Backflip"],"picked":"Noxious Fumes","floor":6},{"not_picked":["Bane","Accuracy"],"picked":"Flying Knee","floor":8},{"not_picked":["Outmaneuver","Distraction"],"picked":"Bouncing Flask","floor":11},{"not_picked":["Slice","Flying Knee"],"picked":"Choke","floor":12},{"not_picked":["Flechettes","Bane"],"picked":"Blade Dance","floor":13},{"not_picked":["Venomology","Envenom"],"picked":"A Thousand Cuts","floor":16},{"not_picked":["Flying Knee","Riddle With Holes"],"picked":"Bane","floor":18},{"not_picked":["Flying Knee","Poisoned Stab"],"picked":"Deadly Poison","floor":20}],"player_experience":1726021,"relics_obtained":[{"floor":6,"key":"Bag of Marbles"},{"floor":9,"key":"Letter Opener"}],"event_choices":[{"damage_healed":0,"gold_gain":0,"player_choice":"Forge","damage_taken":0,"max_hp_gain":0,"max_hp_loss":0,"event_name":"Accursed Blacksmith","floor":2,"gold_loss":0,"cards_upgraded":["Neutralize"]},{"damage_healed":0,"gold_gain":0,"cards_transformed":["Strike_G"],"player_choice":"Change","damage_taken":0,"max_hp_gain":0,"max_hp_loss":0,"event_name":"Living Wall","floor":4,"gold_loss":0,"cards_obtained":["Terror"]},{"damage_healed":0,"gold_gain":0,"player_choice":"Gave Potion","damage_taken":0,"relics_obtained":["Meat on the Bone"],"max_hp_gain":0,"max_hp_loss":0,"event_name":"WeMeetAgain","floor":5,"gold_loss":0},{"damage_healed":0,"gold_gain":0,"player_choice":"","damage_taken":6,"max_hp_gain":0,"max_hp_loss":0,"event_name":"Knowing Skull","floor":21,"potions_obtained":[],"gold_loss":0,"cards_obtained":[]}],"is_beta":false,"boss_relics":[{"not_picked":["Calling Bell","White Beast Statue"],"picked":"Astrolabe"}],"items_purged_floors":[14],"is_endless":false,"potions_floor_spawned":[3,6,13,20],"killed_by":"Shelled Parasite and Fungi","ascension_level":18}