{"gold_per_floor":[114,114,189,189,204,204,230,230,230,230,250,264,244,256,256,333,333,349,264,264],"floor_reached":20,"playtime":1885,"items_purged":[],"score":364,"play_id":"ff07733b-aa9d-4814-bad5-e0ed5722ec2c","local_time":"20190703181609","is_ascension_mode":true,"campfire_choices":[{"data":"Neutralize","floor":6,"key":"SMITH"},{"data":"Footwork","floor":8,"key":"SMITH"},{"data":"Crippling Poison","floor":10,"key":"SMITH"},{"data":"Envenom","floor":15,"key":"SMITH"}],"neow_cost":"NONE","seed_source_timestamp":1359808731503300,"circlet_count":0,"master_deck":["AscendersBane","Strike_G","Strike_G","Defend_G","Defend_G","Defend_G","Defend_G","Defend_G","Survivor","Neutralize+1","Deflect","Crippling Poison+1","Footwork+1","Deadly Poison","Envenom+1","Bouncing Flask","Storm of Steel","Concentrate+1","Masterful Stab+1","Riddle With Holes+1","Dagger Spray"],"relics":["Ring of the Snake","NeowsBlessing","Omamori","Dead Branch","Astrolabe","Bag of Preparation"],"potions_floor_usage":[12,14,16,18],"damage_taken":[{"damage":0,"enemies":"Small Slimes","floor":1,"turns":1},{"damage":0,"enemies":"2 Louse","floor":5,"turns":2},{"damage":0,"enemies":"3 Sentries","floor":7,"turns":1},{"damage":0,"enemies":"Cultist","floor":11,"turns":3},{"damage":7,"enemies":"3 Louse","floor":12,"turns":5},{"damage":0,"enemies":"Lots of Slimes","floor":14,"turns":1},{"damage":4,"enemies":"The Guardian","floor":16,"turns":9},{"damage":0,"enemies":"3 Byrds","floor":18,"turns":4},{"damage":67,"enemies":"Masked Bandits","floor":20,"turns":6}],"seed_played":"7004316689420594847","potions_obtained":[{"floor":7,"key":"SkillPotion"},{"floor":12,"key":"AttackPotion"},{"floor":13,"key":"Fire Potion"},{"floor":14,"key":"Fire Potion"}],"is_trial":false,"path_per_floor":["M","$","?","?","M","R","E","R","T","R","M","M","?","M","R","B",null,"M","?","?"],"character_chosen":"THE_SILENT","items_purchased":[],"campfire_rested":0,"item_purchase_floors":[],"current_hp_per_floor":[59,59,48,66,66,66,66,66,66,66,66,59,59,59,59,55,63,63,63,0],"gold":264,"neow_bonus":"THREE_ENEMY_KILL","is_prod":false,"is_daily":false,"chose_seed":false,"campfire_upgraded":4,"win_rate":0,"timestamp":1562170569,"path_taken":["M","$","?","?","?","R","E","R","T","R","M","M","?","?","R","BOSS","M","?","?"],"build_version":"2019-07-01","purchased_purges":0,"victory":false,"max_hp_per_floor":[66,66,66,66,66,66,66,66,66,66,66,66,66,66,66,66,66,66,66,66],"card_choices":[{"not_picked":["Catalyst","Underhanded Strike"],"picked":"Deflect","floor":1},{"not_picked":["Sucker Punch","Deflect"],"picked":"Crippling Poison","floor":5},{"not_picked":["Dagger Spray","Riddle With Holes"],"picked":"Footwork","floor":7},{"not_picked":["Dodge and Roll","PiercingWail"],"picked":"Deadly Poison","floor":11},{"not_picked":["Dagger Spray","Bouncing Flask"],"picked":"Envenom","floor":12},{"not_picked":["Backflip","Cloak And Dagger"],"picked":"Bouncing Flask","floor":14},{"not_picked":["Unload","Doppelganger"],"picked":"Storm of Steel","floor":16},{"not_picked":["Dagger Throw","Slice"],"picked":"Dagger Spray","floor":18}],"player_experience":1565665,"relics_obtained":[{"floor":7,"key":"Omamori"},{"floor":9,"key":"Dead Branch"}],"event_choices":[{"damage_healed":0,"gold_gain":75,"player_choice":"Gather Gold","damage_taken":11,"max_hp_gain":0,"max_hp_loss":0,"event_name":"World of Goop","floor":3,"gold_loss":0},{"damage_healed":18,"gold_gain":0,"player_choice":"Full Heal","damage_taken":0,"max_hp_gain":0,"max_hp_loss":0,"event_name":"Wheel of Change","floor":4,"gold_loss":0},{"damage_healed":0,"gold_gain":0,"player_choice":"Bought 1 Potion","damage_taken":0,"max_hp_gain":0,"max_hp_loss":0,"event_name":"The Woman in Blue","floor":13,"gold_loss":0},{"damage_healed":0,"gold_gain":0,"player_choice":"Obtained Relic","damage_taken":0,"relics_obtained":["Bag of Preparation"],"max_hp_gain":0,"max_hp_loss":0,"event_name":"Addict","floor":19,"gold_loss":85},{"damage_healed":0,"gold_gain":0,"player_choice":"Fought Bandits","damage_taken":0,"max_hp_gain":0,"max_hp_loss":0,"event_name":"Masked Bandits","floor":20,"gold_loss":0}],"is_beta":false,"boss_relics":[{"not_picked":["Ectoplasm","Snecko Eye"],"picked":"Astrolabe"}],"items_purged_floors":[],"is_endless":false,"potions_floor_spawned":[7,12,14],"killed_by":"Masked Bandits","ascension_level":17}