{"gold_per_floor":[99,75,75,75,0,0,0,0,0,0,0,0,0,0,0,0,0,0,0,0,0,0,0,0,0,0,0,0,0,0,0,0,0,0,0,0,0,0,0,0,0,0,0,0,0,0,0,0,0,0],"floor_reached":51,"playtime":2170,"items_purged":["Strike_R"],"score":665,"play_id":"7ac0cdd0-534e-4eae-8f78-61b503578b88","local_time":"20191010002011","is_ascension_mode":false,"campfire_choices":[{"data":"Bash","floor":6.0,"key":"SMITH"},{"data":"Whirlwind","floor":13.0,"key":"SMITH"},{"data":"Demon Form","floor":15.0,"key":"SMITH"},{"data":"Entrench","floor":23.0,"key":"SMITH"},{"data":"Flame Barrier","floor":28.0,"key":"SMITH"},{"data":"Pommel Strike","floor":30.0,"key":"SMITH"},{"data":"Shrug It Off","floor":32.0,"key":"SMITH"},{"data":"Defend_R","floor":40.0,"key":"SMITH"},{"data":"Defend_R","floor":44.0,"key":"SMITH"},{"data":"Defend_R","floor":47.0,"key":"SMITH"},{"data":"Defend_R","floor":49.0,"key":"SMITH"}],"neow_cost":"NONE","seed_source_timestamp":291759352123393,"circlet_count":0,"master_deck":["Strike_R","Strike_R","Strike_R","Strike_R","Defend_R+1","Defend_R+1","Defend_R+1","Defend_R+1","Bash+1","Cleave","Pommel Strike+1","Flame Barrier+1","Whirlwind+1","Demon Form+1","Reaper","True Grit+1","Entrench+1","Shrug It Off+1","Shrug It Off+1","Madness","Madness"],"special_seed":0,"relics":["Ectoplasm"],"potions_floor_usage":[50,50],"damage_taken":[{"damage":0.0,"enemies":"2 Louse","floor":1.0,"turns":2.0},{"damage":1.0,"enemies":"Cultist","floor":4.0,"turns":3.0},{"damage":5.0,"enemies":"Small Slimes","floor":7.0,"turns":3.0},{"damage":4.0,"enemies":"Blue Slaver","floor":8.0,"turns":3.0},{"damage":0.0,"enemies":"Large Slime","floor":10.0,"turns":3.0},{"damage":1.0,"enemies":"Lots of Slimes","floor":11.0,"turns":2.0},{"damage":2.0,"enemies":"Red Slaver","floor":12.0,"turns":4.0},{"damage":0.0,"enemies":"Looter","floor":14.0,"turns":3.0},{"damage":42.0,"enemies":"Hexaghost","floor":16.0,"turns":7.0},{"damage":4.0,"enemies":"3 Byrds","floor":18.0,"turns":3.0},{"damage":5.0,"enemies":"Spheric Guardian","floor":22.0,"turns":4.0},{"damage":12.0,"enemies":"Snake Plant","floor":25.0,"turns":6.0},{"damage":33.0,"enemies":"Centurion and Healer","floor":27.0,"turns":16.0},{"damage":12.0,"enemies":"3 Cultists","floor":29.0,"turns":3.0},{"damage":34.0,"enemies":"Book of Stabbing","floor":31.0,"turns":7.0},{"damage":7.0,"enemies":"Champ","floor":33.0,"turns":11.0},{"damage":7.0,"enemies":"Orb Walker","floor":35.0,"turns":5.0},{"damage":32.0,"enemies":"3 Darklings","floor":37.0,"turns":7.0},{"damage":24.0,"enemies":"Writhing Mass","floor":39.0,"turns":10.0},{"damage":57.0,"enemies":"Spire Growth","floor":41.0,"turns":22.0},{"damage":15.0,"enemies":"Maw","floor":42.0,"turns":10.0},{"damage":30.0,"enemies":"4 Shapes","floor":45.0,"turns":10.0},{"damage":22.0,"enemies":"Spire Growth","floor":48.0,"turns":12.0},{"damage":31,"enemies":"Awakened One","floor":50,"turns":17}],"seed_played":"-1080093571136215456","potions_obtained":[{"floor":8.0,"key":"Poison Potion"},{"floor":10.0,"key":"EssenceOfSteel"},{"floor":11.0,"key":"Energy Potion"},{"floor":14.0,"key":"Explosive Potion"},{"floor":18.0,"key":"GamblersBrew"},{"floor":25.0,"key":"SkillPotion"},{"floor":29.0,"key":"Weak Potion"},{"floor":31.0,"key":"Energy Potion"}],"is_trial":false,"path_per_floor":["M","?","?","M","$","R","M","M","T","M","M","M","R","M","R","B",null,"M","$","?","?","M","R","?","M","T","M","R","M","R","E","R","B",null,"M","?","M","?","M","R","M","M","T","R","M","?","R","M","R","B",null],"character_chosen":"IRONCLAD","items_purchased":[],"campfire_rested":0,"item_purchase_floors":[],"current_hp_per_floor":[80,80,80,79,79,79,74,70,70,70,69,67,67,67,67,25,80,77,77,77,62,57,57,57,57,57,68,68,73,73,54,54,71,85,78,78,75,75,79,79,63,85,85,85,77,66,66,78,78,66],"gold":0,"neow_bonus":"BOSS_RELIC","is_prod":false,"is_daily":false,"chose_seed":false,"campfire_upgraded":11,"win_rate":0,"timestamp":1570692011,"path_taken":["M","?","?","M","$","R","?","M","T","M","M","M","R","?","R","BOSS","M","$","?","?","M","R","?","M","T","M","R","M","R","E","R","BOSS","M","?","?","?","M","R","M","?","T","R","M","?","R","M","R","BOSS"],"build_version":"2019-07-17","purchased_purges":1,"victory":true,"max_hp_per_floor":[80,80,80,80,80,80,80,80,80,80,80,80,80,80,80,80,80,80,80,80,85,85,85,85,85,85,85,85,85,85,85,85,85,85,85,85,85,85,85,85,85,85,85,85,85,85,85,85,85,85],"card_choices":[{"not_picked":["Sword Boomerang","Pummel","Thunderclap"],"picked":"SKIP","floor":1.0},{"not_picked":["Shrug It Off","Fire Breathing"],"picked":"Cleave","floor":4.0},{"not_picked":["Power Through","Twin Strike"],"picked":"Pommel Strike","floor":7.0},{"not_picked":["Wild Strike","Heavy Blade","Iron Wave"],"picked":"SKIP","floor":8.0},{"not_picked":["Flex","Searing Blow"],"picked":"Flame Barrier","floor":10.0},{"not_picked":["Battle Trance","Power Through"],"picked":"Whirlwind","floor":11.0},{"not_picked":["Headbutt","Sword Boomerang","Dropkick"],"picked":"SKIP","floor":12.0},{"not_picked":["Infernal Blade","Seeing Red"],"picked":"Demon Form","floor":14.0},{"not_picked":["Offering","Impervious"],"picked":"Reaper","floor":16.0},{"not_picked":["Sword Boomerang","Sentinel"],"picked":"True Grit+1","floor":18.0},{"not_picked":["Clothesline+1","Rage"],"picked":"Entrench","floor":22.0},{"not_picked":["Fire Breathing","Body Slam","Cleave"],"picked":"SKIP","floor":25.0},{"not_picked":["Sever Soul","Headbutt+1","Twin Strike"],"picked":"SKIP","floor":27.0},{"not_picked":["Sword Boomerang","Heavy Blade","Reckless Charge"],"picked":"SKIP","floor":29.0},{"not_picked":["Feed","Inflame"],"picked":"Shrug It Off","floor":31.0},{"not_picked":["Bloodletting","Carnage+1"],"picked":"Shrug It Off+1","floor":35.0},{"not_picked":["Intimidate","Cleave","Flex+1"],"picked":"SKIP","floor":37.0},{"not_picked":["Rage+1","Twin Strike","Dropkick+1"],"picked":"SKIP","floor":39.0},{"not_picked":["Dropkick","Flame Barrier","Reckless Charge"],"picked":"SKIP","floor":41.0},{"not_picked":["Clash","Headbutt+1","Wild Strike+1"],"picked":"SKIP","floor":42.0},{"not_picked":["Barricade","Wild Strike","Sever Soul"],"picked":"SKIP","floor":45.0},{"not_picked":["Evolve","Flex+1","Infernal Blade"],"picked":"SKIP","floor":48.0}],"player_experience":384216,"relics_obtained":[],"event_choices":[{"damage_healed":0.0,"max_hp_gain":0.0,"max_hp_loss":0.0,"gold_gain":0.0,"event_name":"World of Goop","player_choice":"Left Gold","floor":2.0,"gold_loss":24.0,"damage_taken":0.0},{"damage_healed":0.0,"max_hp_gain":0.0,"max_hp_loss":0.0,"gold_gain":0.0,"event_name":"Golden Shrine","player_choice":"Ignored","floor":3.0,"gold_loss":0.0,"damage_taken":0.0},{"damage_healed":0.0,"max_hp_gain":5.0,"max_hp_loss":0.0,"gold_gain":0.0,"event_name":"Forgotten Altar","player_choice":"Shed Blood","floor":21.0,"gold_loss":0.0,"damage_taken":20.0},{"damage_healed":0.0,"max_hp_gain":0.0,"max_hp_loss":0.0,"gold_gain":0.0,"event_name":"Golden Shrine","player_choice":"Ignored","floor":36.0,"gold_loss":0.0,"damage_taken":0.0},{"damage_healed":0.0,"max_hp_gain":0.0,"max_hp_loss":0.0,"gold_gain":0.0,"event_name":"FaceTrader","player_choice":"Leave","floor":38.0,"gold_loss":0.0,"damage_taken":0.0},{"damage_healed":0.0,"max_hp_gain":0.0,"max_hp_loss":0.0,"gold_gain":0.0,"event_name":"Winding Halls","player_choice":"Embrace Madness","floor":46.0,"gold_loss":0.0,"damage_taken":11.0,"cards_obtained":["Madness","Madness"]}],"is_beta":false,"boss_relics":[{"not_picked":["White Beast Statue","Tiny House","Mark of Pain"]},{"not_picked":["Runic Pyramid","Calling Bell","Empty Cage"]}],"items_purged_floors":[5],"is_endless":false,"potions_floor_spawned":[8,10,11,14,18,25,29,31,37,41,42],"ascension_level":0}