{"gold_per_floor":[116,41,51,70,90,90,422,422,422,422,422,422,442,20,20,122,122,132,152,177,52,62,62],"floor_reached":23,"playtime":2196,"items_purged":["Strike_B","Strike_B","Strike_B"],"score":191,"play_id":"7a67178b-09b1-4a63-a4b7-d88d21dc499f","local_time":"20190601172021","is_ascension_mode":false,"campfire_choices":[{"data":"Dualcast","floor":6.0,"key":"SMITH"},{"floor":10.0,"key":"REST"},{"floor":12.0,"key":"REST"},{"data":"Machine Learning","floor":15.0,"key":"SMITH"}],"neow_cost":"PERCENT_DAMAGE","seed_source_timestamp":0,"circlet_count":0,"master_deck":["Defend_B","Defend_B","Defend_B","Defend_B","Zap","Dualcast+1","Conserve Battery","Leap","Machine Learning+1","Storm","Chill","Tempest","Conserve Battery","Master of Strategy","Multi-Cast","BootSequence+1","Sunder","Chill+1"],"special_seed":0,"relics":["Cracked Core","Old Coin","Prayer Wheel","Ginger","Happy Flower","Sozu","Red Mask"],"potions_floor_usage":[],"damage_taken":[{"damage":0.0,"enemies":"Small Slimes","floor":1.0,"turns":4.0},{"damage":1.0,"enemies":"2 Louse","floor":3.0,"turns":2.0},{"damage":0.0,"enemies":"Jaw Worm","floor":4.0,"turns":3.0},{"damage":0.0,"enemies":"2 Fungi Beasts","floor":5.0,"turns":4.0},{"damage":45.0,"enemies":"Gremlin Nob","floor":7.0,"turns":5.0},{"damage":0.0,"enemies":"Blue Slaver","floor":13.0,"turns":4.0},{"damage":16.0,"enemies":"The Guardian","floor":16.0,"turns":17.0},{"damage":0,"enemies":"Spheric Guardian","floor":18,"turns":3},{"damage":0,"enemies":"Chosen","floor":19,"turns":4},{"damage":30,"enemies":"Masked Bandits","floor":20,"turns":5},{"damage":1,"enemies":"Centurion and Healer","floor":22,"turns":6},{"damage":61,"enemies":"Book of Stabbing","floor":23,"turns":8}],"seed_played":"3844553230074471119","potions_obtained":[{"floor":3.0,"key":"Swift Potion"},{"floor":7.0,"key":"Strength Potion"}],"is_trial":false,"path_per_floor":["M","$","M","M","M","R","E","?","T","R","?","R","M","$","R","B",null,"M","M","?","$","M","E"],"character_chosen":"DEFECT","items_purchased":["Master of Strategy","Happy Flower"],"campfire_rested":2,"item_purchase_floors":[14,14],"current_hp_per_floor":[68,68,67,67,67,67,22,15,15,41,34,60,60,60,60,44,89,89,89,59,59,58,0],"gold":62,"neow_bonus":"TWENTY_PERCENT_HP_BONUS","is_prod":false,"is_daily":false,"chose_seed":false,"campfire_upgraded":2,"win_rate":0.0,"timestamp":1559424021,"path_taken":["M","$","M","M","M","R","E","?","T","R","?","R","M","$","R","BOSS","M","M","?","$","M","E"],"build_version":"2019-01-23","purchased_purges":3,"victory":false,"max_hp_per_floor":[89,89,89,89,89,89,89,89,89,89,89,89,89,89,89,89,89,89,89,89,89,89,89],"card_choices":[{"not_picked":["Turbo","Chaos"],"picked":"Conserve Battery","floor":1.0},{"not_picked":["Redo","Coolheaded"],"picked":"Leap","floor":3.0},{"not_picked":["Streamline","Hologram"],"picked":"Machine Learning","floor":4.0},{"not_picked":["Leap","Go for the Eyes"],"picked":"Storm","floor":5.0},{"not_picked":["Turbo","Compile Driver"],"picked":"Chill","floor":7.0},{"not_picked":["Coolheaded","Turbo"],"picked":"Tempest","floor":13.0},{"not_picked":["Barrage","Coolheaded"],"picked":"Conserve Battery","floor":13.0},{"not_picked":["Core Surge","Thunder Strike"],"picked":"Multi-Cast","floor":16.0},{"not_picked":["Steam","Gash","Beam Cell"],"picked":"SKIP","floor":18},{"not_picked":["Coolheaded","Compile Driver","Sweeping Beam"],"picked":"SKIP","floor":18},{"not_picked":["Reboot","Redo+1"],"picked":"BootSequence+1","floor":19},{"not_picked":["Recycle","Steam","Beam Cell"],"picked":"SKIP","floor":19},{"not_picked":["Steam Power","Gash+1"],"picked":"Sunder","floor":20},{"not_picked":["Redo","Hologram"],"picked":"Chill+1","floor":22},{"not_picked":["Hello World","Core Surge","Cold Snap"],"picked":"SKIP","floor":22}],"player_experience":74077,"relics_obtained":[{"floor":7.0,"key":"Old Coin"},{"floor":9.0,"key":"Ginger"},{"floor":20,"key":"Red Mask"}],"event_choices":[{"damage_healed":0.0,"max_hp_gain":0.0,"max_hp_loss":0.0,"gold_gain":0.0,"event_name":"Scrap Ooze","player_choice":"Success","floor":8.0,"gold_loss":0.0,"damage_taken":7.0,"relics_obtained":["Prayer Wheel"]},{"cards_removed":["Strike_B"],"damage_healed":0.0,"max_hp_gain":0.0,"max_hp_loss":0.0,"gold_gain":0.0,"event_name":"Golden Wing","player_choice":"Card Removal","floor":11.0,"gold_loss":0.0,"damage_taken":7.0},{"damage_healed":0,"gold_gain":0,"player_choice":"Fought Bandits","damage_taken":0,"max_hp_gain":0,"max_hp_loss":0,"event_name":"Masked Bandits","floor":20,"gold_loss":0}],"is_beta":false,"boss_relics":[{"not_picked":["Black Star","Lizard Tail"],"picked":"Sozu"}],"items_purged_floors":[2,14,21],"is_endless":false,"potions_floor_spawned":[3,7,19,22],"killed_by":"Book of Stabbing","ascension_level":0}