{"gold_per_floor":[110,128,128,144,144,144,163,163,237,270,270,290,315,315,315,413,413,432,10,10,29,29,59,59,59,59,59,88,88,7,7,7,110,110,129,145,19,119,119,119,149,149,195,266,293,293,325,344,344,344],"floor_reached":51,"playtime":2340,"items_purged":["Strike_B","Defend_B"],"score":1355,"play_id":"9339a7e3-b4d5-4ef6-a5f6-eaf35376c334","local_time":"20190228172832","is_ascension_mode":true,"campfire_choices":[{"floor":6.0,"key":"REST"},{"data":"Capacitor","floor":8.0,"key":"SMITH"},{"data":"White Noise","floor":11.0,"key":"SMITH"},{"data":"Zap","floor":15.0,"key":"SMITH"},{"data":"Ghostly","floor":24.0,"key":"SMITH"},{"floor":27.0,"key":"REST"},{"data":"Double Energy","floor":29.0,"key":"SMITH"},{"data":"Conserve Battery","floor":32.0,"key":"SMITH"},{"data":"Barrage","floor":40.0,"key":"SMITH"},{"data":"Conserve Battery","floor":46,"key":"SMITH"},{"data":"Echo Form","floor":49,"key":"SMITH"}],"neow_cost":"PERCENT_DAMAGE","seed_source_timestamp":0,"circlet_count":0,"master_deck":["AscendersBane","Defend_B","Zap+1","Dualcast","Capacitor+1","Rainbow","Hologram","Barrage+1","Coolheaded","Glacier","White Noise+1","Conserve Battery+1","Compile Driver","Electrodynamics","Conserve Battery+1","Ghostly+1","Ghostly","Ghostly","Ghostly","Ghostly","Beam Cell+1","Double Energy+1","Chill+1","Fusion+1","Reboot+1","Hologram+1","Barrage+1","Loop+1","Madness+1","Madness+1","Storm+1","Sweeping Beam+1","Echo Form+1","Chaos+1"],"special_seed":0,"relics":["Cracked Core","Bottled Flame","Art of War","Symbiotic Virus","PreservedInsect","Inserter","Bronze Scales","Runic Capacitor","Singing Bowl","Ice Cream","Toxic Egg 2","DataDisk","Sozu","Bird Faced Urn","Kunai","Pen Nib","Whetstone","Gremlin Horn","Smiling Mask","Strawberry"],"potions_floor_usage":[],"damage_taken":[{"damage":6.0,"enemies":"Jaw Worm","floor":1.0,"turns":5.0},{"damage":0.0,"enemies":"Cultist","floor":2.0,"turns":4.0},{"damage":15.0,"enemies":"Small Slimes","floor":4.0,"turns":3.0},{"damage":19.0,"enemies":"3 Louse","floor":7.0,"turns":3.0},{"damage":14.0,"enemies":"Lagavulin","floor":10.0,"turns":7.0},{"damage":1.0,"enemies":"Blue Slaver","floor":12.0,"turns":5.0},{"damage":0.0,"enemies":"3 Sentries","floor":13.0,"turns":7.0},{"damage":19.0,"enemies":"Hexaghost","floor":16.0,"turns":9.0},{"damage":33.0,"enemies":"2 Thieves","floor":18.0,"turns":3.0},{"damage":0.0,"enemies":"Shell Parasite","floor":21.0,"turns":5.0},{"damage":8.0,"enemies":"Slavers","floor":23.0,"turns":4.0},{"damage":5.0,"enemies":"Book of Stabbing","floor":28.0,"turns":5.0},{"damage":27.0,"enemies":"Collector","floor":33.0,"turns":9.0},{"damage":0.0,"enemies":"3 Darklings","floor":35.0,"turns":4.0},{"damage":0.0,"enemies":"3 Shapes","floor":36.0,"turns":5.0},{"damage":0.0,"enemies":"Mind Bloom Boss Battle","floor":38.0,"turns":5.0},{"damage":0.0,"enemies":"Nemesis","floor":41.0,"turns":3.0},{"damage":6,"enemies":"Reptomancer","floor":45,"turns":3},{"damage":0,"enemies":"Giant Head","floor":47,"turns":5},{"damage":0,"enemies":"Transient","floor":48,"turns":5},{"damage":40,"enemies":"Awakened One","floor":50,"turns":8}],"seed_played":"-6927492922594583169","potions_obtained":[{"floor":2.0,"key":"Strength Potion"},{"floor":7.0,"key":"Regen Potion"},{"floor":10.0,"key":"Poison Potion"},{"floor":13.0,"key":"Regen Potion"},{"floor":18.0,"key":"AttackPotion"},{"floor":23.0,"key":"Regen Potion"}],"is_trial":false,"path_per_floor":["M","M","?","M","?","R","M","R","T","E","R","M","E","?","R","B",null,"M","$","?","M","?","E","R","T","T","R","E","R","$","?","R","B",null,"M","M","$","?","?","R","E","T","T","T","E","R","E","M","R","B",null],"character_chosen":"DEFECT","items_purchased":["Bronze Scales","Runic Capacitor","Fusion+1","Barrage"],"campfire_rested":2,"item_purchase_floors":[19,19,30,37],"current_hp_per_floor":[44,44,44,29,22,44,25,25,25,26,26,25,25,22,22,18,61,28,28,28,28,28,20,20,20,20,31,37,37,37,37,37,10,30,30,32,32,32,27,27,29,29,29,29,29,29,46,46,46,15],"gold":344,"neow_bonus":"TRANSFORM_TWO_CARDS","is_prod":false,"is_daily":false,"chose_seed":false,"campfire_upgraded":9,"win_rate":0,"timestamp":1551371312,"path_taken":["M","M","?","?","?","R","M","R","T","E","R","M","E","?","R","BOSS","M","$","?","M","?","E","R","?","T","R","E","R","$","?","R","BOSS","M","M","$","?","?","R","E","?","T","?","E","R","E","?","R","BOSS"],"build_version":"2019-01-23","purchased_purges":2,"victory":true,"max_hp_per_floor":[75,75,75,75,75,75,75,75,75,75,75,75,75,75,75,75,75,75,75,37,37,37,37,37,37,37,37,37,37,37,37,37,37,37,37,39,39,39,39,39,39,39,39,39,39,39,46,46,46,46],"card_choices":[{"not_picked":["Aggregate","Stack"],"picked":"Hologram","floor":1.0},{"not_picked":["Ball Lightning","Reprogram"],"picked":"Barrage","floor":2.0},{"not_picked":["Reinforced Body","Stack"],"picked":"Coolheaded","floor":4.0},{"not_picked":["Compile Driver","Stack"],"picked":"Glacier","floor":7.0},{"not_picked":["Sweeping Beam","Tempest"],"picked":"White Noise","floor":10.0},{"not_picked":["Recycle","Blizzard"],"picked":"Conserve Battery","floor":12.0},{"not_picked":["Sweeping Beam","Chill"],"picked":"Compile Driver","floor":13.0},{"not_picked":["Seek","Creative AI"],"picked":"Electrodynamics","floor":16.0},{"not_picked":["Turbo","Stack"],"picked":"Conserve Battery","floor":18.0},{"not_picked":["Glacier","Hello World"],"picked":"Beam Cell","floor":21.0},{"not_picked":["Melter","Beam Cell"],"picked":"Double Energy","floor":23.0},{"not_picked":["Gash","Electrodynamics"],"picked":"Chill+1","floor":28.0},{"not_picked":["Hyperbeam","All For One"],"picked":"Reboot+1","floor":33.0},{"not_picked":["Rebound","Coolheaded+1"],"picked":"Hologram+1","floor":35.0},{"not_picked":["Go for the Eyes","Steam Power+1","Turbo+1"],"picked":"Singing Bowl","floor":36.0},{"not_picked":["Ball Lightning+1","Conserve Battery+1"],"picked":"Loop+1","floor":38.0},{"not_picked":["Stack+1","Capacitor"],"picked":"Storm+1","floor":41.0},{"not_picked":["Hologram+1","Gash"],"picked":"Sweeping Beam+1","floor":45},{"not_picked":["Conserve Battery+1","Hologram+1"],"picked":"Echo Form","floor":47},{"not_picked":["Force Field+1","Gash+1"],"picked":"Chaos+1","floor":48}],"player_experience":878401,"relics_obtained":[{"floor":9.0,"key":"Bottled Flame"},{"floor":10.0,"key":"Art of War"},{"floor":13.0,"key":"Symbiotic Virus"},{"floor":23.0,"key":"Singing Bowl"},{"floor":25.0,"key":"Ice Cream"},{"floor":26.0,"key":"Toxic Egg 2"},{"floor":28.0,"key":"DataDisk"},{"floor":38.0,"key":"Bird Faced Urn"},{"floor":41.0,"key":"Kunai"},{"floor":42.0,"key":"Pen Nib"},{"floor":43.0,"key":"Whetstone"},{"floor":44,"key":"Gremlin Horn"},{"floor":45,"key":"Smiling Mask"},{"floor":47,"key":"Strawberry"}],"event_choices":[{"cards_removed":["Strike_B"],"damage_healed":0.0,"max_hp_gain":0.0,"max_hp_loss":0.0,"gold_gain":0.0,"event_name":"Bonfire Elementals","player_choice":"Offered Basic","floor":3.0,"gold_loss":0.0,"damage_taken":0.0},{"cards_removed":["Defend_B"],"damage_healed":0.0,"max_hp_gain":0.0,"max_hp_loss":0.0,"gold_gain":0.0,"event_name":"Golden Wing","player_choice":"Card Removal","floor":5.0,"gold_loss":0.0,"damage_taken":7.0},{"damage_healed":0.0,"max_hp_gain":0.0,"max_hp_loss":0.0,"gold_gain":0.0,"event_name":"Scrap Ooze","player_choice":"Success","floor":14.0,"gold_loss":0.0,"damage_taken":3.0,"relics_obtained":["PreservedInsect"]},{"damage_healed":0.0,"max_hp_gain":0.0,"max_hp_loss":38.0,"gold_gain":0.0,"event_name":"Ghosts","player_choice":"Became a Ghost","floor":20.0,"gold_loss":0.0,"damage_taken":0.0,"cards_obtained":["Ghostly","Ghostly","Ghostly","Ghostly","Ghostly"]},{"cards_removed":["Defend_B"],"damage_healed":0.0,"max_hp_gain":0.0,"max_hp_loss":0.0,"gold_gain":0.0,"event_name":"Back to Basics","player_choice":"Elegance","floor":31.0,"gold_loss":0.0,"damage_taken":0.0},{"damage_healed":0.0,"max_hp_gain":0.0,"max_hp_loss":0.0,"gold_gain":0.0,"event_name":"MindBloom","player_choice":"Fight","floor":38.0,"gold_loss":0.0,"damage_taken":0.0},{"damage_healed":0.0,"max_hp_gain":0.0,"max_hp_loss":0.0,"gold_gain":0.0,"event_name":"Winding Halls","player_choice":"Embrace Madness","floor":39.0,"gold_loss":0.0,"damage_taken":5.0,"cards_obtained":["Madness","Madness"]}],"is_beta":false,"boss_relics":[{"not_picked":["Busted Crown","Nuclear Battery"],"picked":"Inserter"},{"not_picked":["Velvet Choker","Runic Dome"],"picked":"Sozu"}],"items_purged_floors":[19,37],"is_endless":false,"potions_floor_spawned":[2,7,10,13,18,23,35,38,45,48],"ascension_level":12}