{"path_per_floor":["M","?","M","?","$","E","R","E","T","E","M","M","M","E","R","B",null,"M","M","M","$","?","E","R","?","T","$"],"character_chosen":"IRONCLAD","items_purchased":["Blood Vial","Explosive Potion"],"gold_per_floor":[110,110,123,73,73,105,105,133,133,158,170,182,198,228,228,329,359,370,381,393,318,318,345,345,345,399,145],"floor_reached":28,"campfire_rested":0,"playtime":1239,"current_hp_per_floor":[78,62,68,68,68,74,74,45,45,39,45,51,57,59,59,33,73,29,29,28,28,56,16,16,16,16,16],"items_purged":["Clothesline","Flex"],"gold":145,"score":393,"play_id":"387e5357-a271-4149-90ad-de400b703a55","is_prod":false,"is_daily":false,"is_ascension_mode":true,"campfire_upgraded":3,"path_taken":["M","?","M","?","$","E","R","E","T","E","M","M","M","E","R","BOSS","M","M","M","$","?","E","R","?","T","$","E"],"build_version":"2018-02-12-PROD1","purchased_purges":3,"victory":false,"master_deck":["Strike_R+1","Strike_R+1","Strike_R","Strike_R","Strike_R","Defend_R","Defend_R","Defend_R","Bash+1","Inflame","Dropkick","True Grit+1","Brutality+1","Offering+1","Dropkick","Dropkick","Rupture+1"],"max_hp_per_floor":[80,80,80,80,80,80,80,80,80,80,80,80,80,80,80,80,85,85,85,85,85,85,85,85,85,85,85],"relics":["Burning Blood","NeowsBlessing","Toxic Egg 2","Centennial Puzzle","Bag of Marbles","Anchor","Art of War","Tiny House","Smiling Mask","Dream Catcher","Blood Vial"],"card_choices":[{"not_picked":["Wild Strike","Heavy Blade"],"picked":"Inflame"},{"not_picked":["Body Slam","Pommel Strike"],"picked":"Flex"},{"not_picked":["Fiend Fire","Bludgeon"],"picked":"Clothesline"},{"not_picked":["Battle Trance","True Grit"],"picked":"Dropkick"},{"not_picked":["Body Slam","Sever Soul"],"picked":"True Grit"},{"not_picked":["Cleave","Ghostly Armor"],"picked":"Brutality"},{"not_picked":["Bludgeon","Demon Form"],"picked":"Offering"},{"not_picked":["Uppercut","Armaments"],"picked":"Dropkick"},{"not_picked":["Carnage","Pommel Strike"],"picked":"Dropkick"},{"not_picked":["Heavy Blade","Warcry"],"picked":"Rupture"}],"player_experience":211958,"potions_floor_usage":[16,23,23,28],"damage_taken":[{"damage":0,"enemies":"Small Slimes","floor":1,"turns":1},{"damage":0,"enemies":"Jaw Worm","floor":3,"turns":1},{"damage":0,"enemies":"Gremlin Nob","floor":6,"turns":1},{"damage":35,"enemies":"Lagavulin","floor":8,"turns":5},{"damage":12,"enemies":"Gremlin Nob","floor":10,"turns":3},{"damage":0,"enemies":"Cultist","floor":11,"turns":2},{"damage":0,"enemies":"2 Fungi Beasts","floor":12,"turns":2},{"damage":0,"enemies":"3 Louse","floor":13,"turns":3},{"damage":4,"enemies":"3 Sentries","floor":14,"turns":7},{"damage":32,"enemies":"Slime Boss","floor":16,"turns":8},{"damage":50,"enemies":"Spheric Guardian","floor":18,"turns":6},{"damage":6,"enemies":"2 Thieves","floor":19,"turns":3},{"damage":7,"enemies":"Snecko","floor":20,"turns":3},{"damage":61,"enemies":"Slavers","floor":23,"turns":9},{"damage":18,"enemies":"Book of Stabbing","floor":28,"turns":5}],"event_choices":[{"event_name":"Shining Light","player_choice":"Entered Light","floor":2,"damage_taken":0},{"event_name":"The Cleric","player_choice":"Card Removal","floor":4,"damage_taken":0},{"event_name":"The Library","player_choice":"Heal","floor":22,"damage_taken":0},{"event_name":"Drug Dealer","player_choice":"Ignored","floor":25,"damage_taken":0}],"boss_relics":[{"not_picked":["Velvet Choker","Question Card"],"picked":"Tiny House"}],"potions_floor_spawned":[1,8,12,16,20,23],"seed_played":"-1444872086181205008","killed_by":"Book of Stabbing","ascension_level":7,"is_trial":false}