{"gold_per_floor":[218,230,244,319,39,39,70,70,70,70,80,80,98,120,120,192,192,211,211,261,261,281,281,88,3,30,45,61,61,76,92,92,168,168,185,205,90,90,40,40,56,69,69,0,17,17,42,62,62,62],"floor_reached":51,"playtime":3149,"items_purged":["Strike_B","Strike_B","Strike_B"],"score":1123,"play_id":"6b8c8156-adb8-4cac-970a-044545ca105b","local_time":"20181002221450","is_ascension_mode":true,"campfire_choices":[{"data":"Go for the Eyes","floor":6,"key":"SMITH"},{"data":"Melter","floor":8,"key":"SMITH"},{"floor":10,"key":"REST"},{"data":"Defragment","floor":15,"key":"SMITH"},{"data":"Zap","floor":23,"key":"SMITH"},{"floor":29,"key":"REST"},{"data":"Sunder","floor":32,"key":"SMITH"},{"data":"Defragment","floor":40,"key":"SMITH"},{"data":"Consume","floor":49,"key":"SMITH"}],"neow_cost":"NONE","seed_source_timestamp":520862191168442,"circlet_count":0,"master_deck":["Strike_B","Defend_B","Defend_B","Defend_B","Defend_B","Zap+1","Dualcast","AscendersBane","Go for the Eyes+1","Cold Snap","Cold Snap","Melter+1","Conserve Battery","Chill","Electrodynamics","Defragment+1","Glacier","Core Surge","Compile Driver","Cold Snap","Cold Snap","Blizzard","Sunder+1","Ball Lightning+1","Defragment+1","Consume+1","Creative AI","Redo+1","Sunder+1","Glacier","Force Field"],"relics":["Cracked Core","Runic Capacitor","The Courier","Gremlin Horn","Odd Mushroom","Nuclear Battery","Regal Pillow","Smiling Mask","DataDisk","Bag of Marbles","Snecko Eye","Shovel","Bottled Lightning","Red Mask","Blood Vial"],"potions_floor_usage":[7,7,16,16,41,50,50],"damage_taken":[{"damage":6,"enemies":"Cultist","floor":1,"turns":4},{"damage":4,"enemies":"Jaw Worm","floor":2,"turns":4},{"damage":5,"enemies":"2 Louse","floor":3,"turns":3},{"damage":6,"enemies":"Gremlin Nob","floor":7,"turns":3},{"damage":7,"enemies":"Blue Slaver","floor":11,"turns":3},{"damage":8,"enemies":"Exordium Thugs","floor":13,"turns":5},{"damage":5,"enemies":"The Mushroom Lair","floor":14,"turns":2},{"damage":20,"enemies":"Slime Boss","floor":16,"turns":6},{"damage":1,"enemies":"3 Byrds","floor":18,"turns":4},{"damage":10,"enemies":"Chosen","floor":22,"turns":4},{"damage":8,"enemies":"Shelled Parasite and Fungi","floor":27,"turns":5},{"damage":15,"enemies":"Centurion and Healer","floor":28,"turns":5},{"damage":0,"enemies":"Sentry and Sphere","floor":30,"turns":4},{"damage":0,"enemies":"Snake Plant","floor":31,"turns":2},{"damage":4,"enemies":"Collector","floor":33,"turns":12},{"damage":18,"enemies":"3 Shapes","floor":35,"turns":3},{"damage":0,"enemies":"Orb Walker","floor":36,"turns":2},{"damage":0,"enemies":"Transient","floor":41,"turns":5},{"damage":0,"enemies":"Maw","floor":42,"turns":6},{"damage":2,"enemies":"Reptomancer","floor":45,"turns":5},{"damage":0,"enemies":"Sphere and 2 Shapes","floor":48,"turns":4},{"damage":10,"enemies":"Awakened One","floor":50,"turns":19}],"seed_played":"2958446142616051262","potions_obtained":[{"floor":3,"key":"SkillPotion"},{"floor":7,"key":"SpeedPotion"},{"floor":11,"key":"Fire Potion"},{"floor":16,"key":"Strength Potion"},{"floor":18,"key":"FearPotion"},{"floor":33,"key":"Weak Potion"},{"floor":36,"key":"SpeedPotion"},{"floor":42,"key":"FocusPotion"}],"is_trial":false,"path_per_floor":["M","M","M","?","$","R","E","R","T","R","M","?","M","?","R","B",null,"M","?","?","T","M","R","$","?","T","M","M","R","M","M","R","B",null,"M","M","$","T","$","R","M","M","T","?","M","?","T","M","R","B"],"character_chosen":"DEFECT","items_purchased":["Runic Capacitor","Poison Potion","Melter","Cold Snap","Blizzard","Sunder","Glacier"],"campfire_rested":2,"item_purchase_floors":[5,5,5,24,24,24,37],"current_hp_per_floor":[58,54,49,38,38,38,32,32,32,53,46,46,38,33,33,13,57,56,56,56,56,46,46,46,46,46,38,23,59,59,59,59,55,67,49,49,49,49,49,49,49,49,49,49,47,47,47,49,49,41],"gold":62,"neow_bonus":"HUNDRED_GOLD","is_prod":false,"is_daily":false,"chose_seed":false,"campfire_upgraded":7,"win_rate":0,"timestamp":1538514890,"path_taken":["M","?","M","?","$","R","E","R","T","R","M","?","M","?","R","BOSS","M","?","?","?","M","R","$","?","T","?","M","R","M","M","R","BOSS","M","?","$","?","$","R","M","M","T","?","?","?","?","M","R","BOSS"],"build_version":"2018-09-27","purchased_purges":3,"victory":true,"max_hp_per_floor":[71,71,71,71,71,71,71,71,71,71,71,71,71,71,71,71,71,71,71,71,71,71,71,71,71,71,71,71,71,71,71,71,71,71,71,71,71,71,71,71,71,71,71,71,71,71,71,71,71,71],"card_choices":[{"not_picked":["Skim","Turbo"],"picked":"Go for the Eyes","floor":1},{"not_picked":["Undo","Amplify"],"picked":"Cold Snap","floor":2},{"not_picked":["Reinforced Body","Go for the Eyes"],"picked":"Cold Snap","floor":3},{"not_picked":["FTL","Redo"],"picked":"Conserve Battery","floor":7},{"not_picked":["Turbo","Undo"],"picked":"Chill","floor":11},{"not_picked":["Aggregate","Go for the Eyes"],"picked":"Defragment","floor":13},{"not_picked":["Skim","Steam"],"picked":"Glacier","floor":14},{"not_picked":["Buffer","Fission"],"picked":"Core Surge","floor":16},{"not_picked":["Sweeping Beam+1","Reprogram+1"],"picked":"Compile Driver","floor":18},{"not_picked":["Rebound","Steam"],"picked":"Cold Snap","floor":22},{"not_picked":["Gash","Cold Snap","Fusion"],"picked":"SKIP","floor":27},{"not_picked":["FTL","Compile Driver"],"picked":"Ball Lightning+1","floor":28},{"not_picked":["Rip and Tear+1","Scrape"],"picked":"Defragment","floor":30},{"not_picked":["Coolheaded","Rip and Tear"],"picked":"Consume","floor":31},{"not_picked":["Reboot","All For One"],"picked":"Creative AI","floor":33},{"not_picked":["White Noise","Gash"],"picked":"Redo+1","floor":35},{"not_picked":["Lockon+1","Leap"],"picked":"Sunder+1","floor":36},{"not_picked":["Turbo","Cold Snap"],"picked":"Force Field","floor":41},{"not_picked":["Stack","Blizzard","Go for the Eyes"],"picked":"SKIP","floor":42},{"not_picked":["Sweeping Beam","Scrape","Barrage+1"],"picked":"SKIP","floor":45},{"not_picked":["Gash","Compile Driver","Stack"],"picked":"SKIP","floor":48}],"player_experience":790263,"relics_obtained":[{"floor":7,"key":"The Courier"},{"floor":9,"key":"Gremlin Horn"},{"floor":14,"key":"Odd Mushroom"},{"floor":19,"key":"Regal Pillow"},{"floor":21,"key":"Smiling Mask"},{"floor":26,"key":"Bag of Marbles"},{"floor":38,"key":"Shovel"},{"floor":43,"key":"Bottled Lightning"},{"floor":47,"key":"Blood Vial"}],"event_choices":[{"event_name":"World of Goop","player_choice":"Gather Gold","floor":4,"damage_taken":0},{"event_name":"Match and Keep!","player_choice":"1 cards matched","floor":12,"damage_taken":0},{"event_name":"Mushrooms","player_choice":"Fought Mushrooms","floor":14,"damage_taken":0},{"event_name":"Wheel of Change","player_choice":"Relic","floor":19,"damage_taken":0},{"event_name":"Nest","player_choice":"Stole From Cult","floor":20,"damage_taken":0},{"event_name":"Addict","player_choice":"Obtained Relic","floor":25,"damage_taken":0},{"event_name":"Tomb of Lord Red Mask","player_choice":"Paid","floor":44,"damage_taken":0},{"event_name":"SensoryStone","player_choice":"Memory 1","floor":46,"damage_taken":0}],"is_beta":false,"boss_relics":[{"not_picked":["Black Star","Orrery"],"picked":"Nuclear Battery"},{"not_picked":["Runic Dome","White Beast Statue"],"picked":"Snecko Eye"}],"items_purged_floors":[24,37,39],"is_endless":false,"potions_floor_spawned":[3,7,11,16,18,28,33,36,42,45,48],"ascension_level":15}