{"gold_per_floor":[119,119,136,50,200,231,231,261,261,261,261,282,282,321,321,414,414,433,433,11,34,34,34],"floor_reached":23,"playtime":715,"items_purged":["Doubt"],"score":414,"play_id":"dd48d883-1dcb-4db4-9296-b6c8add5d6d9","local_time":"20181102002321","is_ascension_mode":true,"campfire_choices":[{"data":"Noxious Fumes","floor":7.0,"key":"SMITH"},{"floor":10.0,"key":"REST"},{"data":"Footwork","floor":13.0,"key":"SMITH"},{"floor":15.0,"key":"REST"}],"neow_cost":"NONE","seed_source_timestamp":1493183386844664,"circlet_count":0,"master_deck":["Defend_G+1","Defend_G+1","Defend_G+1","Defend_G+1","Defend_G+1","Strike_G+1","Strike_G+1","Strike_G+1","Strike_G+1","Strike_G+1","Survivor","Neutralize","AscendersBane","Noxious Fumes+1","Poisoned Stab","Blur","Backflip","Catalyst","Footwork+1","Dash","All Out Attack","Night Terror","Outmaneuver+1","Backflip","Noxious Fumes+1","Deadly Poison","Poisoned Stab"],"special_seed":0,"relics":["Ring of the Snake","NeowsBlessing","Potion Belt","Anchor","Ornamental Fan","Golden Idol","Frozen Egg 2","White Beast Statue","Medical Kit"],"potions_floor_usage":[23],"damage_taken":[{"damage":0.0,"enemies":"Small Slimes","floor":1.0,"turns":1.0},{"damage":0.0,"enemies":"2 Louse","floor":3.0,"turns":1.0},{"damage":0.0,"enemies":"Gremlin Nob","floor":6.0,"turns":1.0},{"damage":22.0,"enemies":"Lagavulin","floor":8.0,"turns":6.0},{"damage":0.0,"enemies":"Cultist","floor":12.0,"turns":5.0},{"damage":9.0,"enemies":"Gremlin Nob","floor":14.0,"turns":5.0},{"damage":23.0,"enemies":"Slime Boss","floor":16.0,"turns":11.0},{"damage":13.0,"enemies":"Spheric Guardian","floor":18.0,"turns":9.0},{"damage":32,"enemies":"Shell Parasite","floor":21,"turns":9},{"damage":9,"enemies":"Slavers","floor":23,"turns":2}],"seed_played":"4233843887132639434","potions_obtained":[{"floor":1.0,"key":"SkillPotion"},{"floor":6.0,"key":"Fire Potion"},{"floor":18.0,"key":"Swift Potion"},{"floor":21,"key":"GamblersBrew"}],"is_trial":false,"path_per_floor":["M","?","M","$","?","E","R","E","T","R","?","M","R","E","R","B",null,"M","?","$","M","?"],"character_chosen":"THE_SILENT","items_purchased":["Blur","Backflip","Noxious Fumes+1","Medical Kit","Deadly Poison"],"campfire_rested":2,"item_purchase_floors":[4,4,20,20,20],"current_hp_per_floor":[59,39,39,39,39,39,39,17,17,36,36,36,36,27,45,22,51,38,38,38,6,6,0],"gold":34,"neow_bonus":"THREE_ENEMY_KILL","is_prod":false,"is_daily":false,"chose_seed":false,"campfire_upgraded":2,"win_rate":0,"timestamp":1541114601,"path_taken":["M","?","?","?","?","E","R","E","T","R","?","M","R","E","R","BOSS","M","?","$","?","?","E"],"build_version":"2018-10-25v2","purchased_purges":1,"victory":false,"max_hp_per_floor":[66,66,66,66,66,66,66,66,66,66,60,60,60,60,60,60,60,60,60,60,60,60,60],"card_choices":[{"not_picked":["Choke","Slice"],"picked":"Noxious Fumes","floor":1.0},{"not_picked":["Deflect","Dagger Spray"],"picked":"Poisoned Stab","floor":3.0},{"not_picked":["Masterful Stab","Endless Agony"],"picked":"Catalyst","floor":6.0},{"not_picked":["Acrobatics","Concentrate"],"picked":"Footwork","floor":8.0},{"not_picked":["Outmaneuver","Prepared"],"picked":"Dash","floor":12.0},{"not_picked":["Quick Slash","Endless Agony"],"picked":"All Out Attack","floor":14.0},{"not_picked":["Die Die Die","Doppelganger"],"picked":"Night Terror","floor":16.0},{"not_picked":["Prepared","Riddle With Holes"],"picked":"Outmaneuver+1","floor":18.0},{"not_picked":["Deflect","Calculated Gamble"],"picked":"Poisoned Stab","floor":21}],"player_experience":473727,"relics_obtained":[{"floor":6.0,"key":"Potion Belt"},{"floor":8.0,"key":"Anchor"},{"floor":9.0,"key":"Ornamental Fan"},{"floor":14.0,"key":"Frozen Egg 2"}],"event_choices":[{"damage_healed":0.0,"max_hp_gain":0.0,"max_hp_loss":0.0,"gold_gain":0.0,"event_name":"Shining Light","player_choice":"Entered Light","floor":2.0,"gold_loss":0.0,"damage_taken":20.0,"cards_upgraded":["Strike_G","Defend_G"]},{"damage_healed":0.0,"max_hp_gain":0.0,"max_hp_loss":0.0,"gold_gain":150.0,"event_name":"Liars Game","player_choice":"AGREE","floor":5.0,"gold_loss":0.0,"damage_taken":0.0,"cards_obtained":["Doubt"]},{"damage_healed":0.0,"max_hp_gain":0.0,"max_hp_loss":6.0,"gold_gain":0.0,"event_name":"Golden Idol","player_choice":"Lose Max HP","floor":11.0,"gold_loss":0.0,"damage_taken":0.0,"relics_obtained":["Golden Idol"]},{"damage_healed":0.0,"max_hp_gain":0.0,"max_hp_loss":0.0,"gold_gain":0.0,"event_name":"The Library","player_choice":"Read","floor":19.0,"gold_loss":0.0,"damage_taken":0.0,"cards_obtained":["Backflip"]},{"damage_healed":0,"gold_gain":0,"player_choice":"Simplicity","damage_taken":0,"max_hp_gain":0,"max_hp_loss":0,"event_name":"Back to Basics","floor":22,"gold_loss":0,"cards_upgraded":["Defend_G","Defend_G","Defend_G","Defend_G","Strike_G","Strike_G","Strike_G","Strike_G"]}],"is_beta":false,"boss_relics":[{"not_picked":["Coffee Dripper","Fusion Hammer"],"picked":"White Beast Statue"}],"items_purged_floors":[20],"is_endless":false,"potions_floor_spawned":[1,6,18,21],"killed_by":"Slavers","ascension_level":16}