{"gold_per_floor":[114,130,130,150,161,161,181,181,205,224,224,224,224],"floor_reached":13,"playtime":439,"items_purged":[],"score":139,"play_id":"6be5d29e-a8f4-401b-b50e-55c9850ce853","local_time":"20190531162357","is_ascension_mode":true,"campfire_choices":[{"data":"Neutralize","floor":6,"key":"SMITH"},{"data":"Malaise","floor":8,"key":"SMITH"},{"floor":11,"key":"REST"}],"neow_cost":"NONE","seed_source_timestamp":1530839919826600,"circlet_count":0,"master_deck":["AscendersBane","Defend_G","Defend_G","Defend_G","Defend_G","Defend_G+1","Strike_G","Strike_G","Strike_G","Strike_G","Strike_G","Survivor+1","Neutralize+1","Phantasmal Killer","Caltrops","Sucker Punch","Dagger Spray","Malaise+1","Deflect","PiercingWail"],"relics":["Ring of the Snake","Happy Flower","Ancient Tea Set"],"potions_floor_usage":[7,13],"damage_taken":[{"damage":3,"enemies":"Jaw Worm","floor":1,"turns":6},{"damage":1,"enemies":"Small Slimes","floor":2,"turns":5},{"damage":3,"enemies":"2 Louse","floor":4,"turns":3},{"damage":6,"enemies":"Looter","floor":5,"turns":5},{"damage":0,"enemies":"Red Slaver","floor":7,"turns":2},{"damage":1,"enemies":"Exordium Thugs","floor":10,"turns":5},{"damage":21,"enemies":"3 Sentries","floor":13,"turns":5}],"seed_played":"-957103645852503270","potions_obtained":[{"floor":1,"key":"PowerPotion"},{"floor":2,"key":"Energy Potion"}],"is_trial":false,"path_per_floor":["M","M","?","M","M","R","M","R","T","M","R","?","E"],"character_chosen":"THE_SILENT","items_purchased":[],"campfire_rested":1,"item_purchase_floors":[],"current_hp_per_floor":[56,55,29,26,20,20,20,20,20,19,38,18,0],"gold":224,"neow_bonus":"ONE_RANDOM_RARE_CARD","is_prod":false,"is_daily":false,"chose_seed":false,"campfire_upgraded":2,"win_rate":0,"timestamp":1559312637,"path_taken":["M","M","?","M","M","R","M","R","T","M","R","?","E"],"build_version":"2019-01-23","purchased_purges":0,"victory":false,"max_hp_per_floor":[66,66,66,66,66,66,66,66,66,66,66,66,66],"card_choices":[{"not_picked":["Deadly Poison","PiercingWail"],"picked":"Caltrops","floor":1},{"not_picked":["Underhanded Strike","Prepared"],"picked":"Sucker Punch","floor":2},{"not_picked":["Choke","Bane"],"picked":"Dagger Spray","floor":4},{"not_picked":["Quick Slash","Flying Knee"],"picked":"Malaise","floor":5},{"not_picked":["Prepared","Masterful Stab"],"picked":"Deflect","floor":7},{"not_picked":["Prepared","Cloak And Dagger"],"picked":"PiercingWail","floor":10}],"player_experience":1221206,"relics_obtained":[{"floor":9,"key":"Ancient Tea Set"}],"event_choices":[{"damage_healed":0,"gold_gain":0,"player_choice":"Success","damage_taken":26,"relics_obtained":["Happy Flower"],"max_hp_gain":0,"max_hp_loss":0,"event_name":"Scrap Ooze","floor":3,"gold_loss":0},{"damage_healed":0,"gold_gain":0,"player_choice":"Entered Light","damage_taken":20,"max_hp_gain":0,"max_hp_loss":0,"event_name":"Shining Light","floor":12,"gold_loss":0,"cards_upgraded":["Defend_G","Survivor"]}],"is_beta":false,"boss_relics":[],"items_purged_floors":[],"is_endless":false,"potions_floor_spawned":[1,2,5],"killed_by":"3 Sentries","ascension_level":16}