{"gold_per_floor":[365,379,391,391,405,405,436,451,451,451,526,526,676,689,689,689],"floor_reached":16,"playtime":311,"items_purged":[],"score":189,"play_id":"7ba4b44c-21f5-46e5-8248-1e4a17669a56","local_time":"20190713172133","is_ascension_mode":true,"campfire_choices":[{"data":"Rampage","floor":6,"key":"SMITH"},{"data":"Anger","floor":10,"key":"SMITH"},{"data":"Pommel Strike","floor":12,"key":"SMITH"},{"floor":15,"key":"REST"}],"neow_cost":"TEN_PERCENT_HP_LOSS","seed_source_timestamp":74598357910800,"circlet_count":0,"master_deck":["AscendersBane","Strike_R","Strike_R","Strike_R","Strike_R","Strike_R","Defend_R","Defend_R","Defend_R","Defend_R","Bash+1","Anger+1","Rampage+1","Pommel Strike+1","Anger","Anger","Doubt","Rupture"],"relics":["Burning Blood","Torii","The Courier"],"potions_floor_usage":[3,8,16],"damage_taken":[{"damage":6,"enemies":"Cultist","floor":1,"turns":3},{"damage":7,"enemies":"Small Slimes","floor":2,"turns":3},{"damage":0,"enemies":"2 Louse","floor":3,"turns":1},{"damage":11,"enemies":"Looter","floor":5,"turns":2},{"damage":32,"enemies":"Gremlin Nob","floor":7,"turns":4},{"damage":6,"enemies":"Large Slime","floor":8,"turns":4},{"damage":9,"enemies":"Blue Slaver","floor":14,"turns":3},{"damage":51,"enemies":"Slime Boss","floor":16,"turns":5}],"seed_played":"-7838719049437003709","potions_obtained":[{"floor":2,"key":"Explosive Potion"},{"floor":7,"key":"Block Potion"},{"floor":14,"key":"PowerPotion"}],"is_trial":false,"path_per_floor":["M","M","M","?","M","R","E","M","T","R","?","R","?","M","R","B"],"character_chosen":"IRONCLAD","items_purchased":[],"campfire_rested":1,"item_purchase_floors":[],"current_hp_per_floor":[68,67,68,68,63,63,37,37,37,37,26,26,26,23,43,0],"gold":689,"neow_bonus":"TWO_FIFTY_GOLD","is_prod":false,"is_daily":false,"chose_seed":false,"campfire_upgraded":3,"win_rate":0,"timestamp":1563031293,"path_taken":["M","M","?","?","M","R","E","?","T","R","?","R","?","M","R","BOSS"],"build_version":"2019-07-05","purchased_purges":0,"victory":false,"max_hp_per_floor":[68,68,68,68,68,68,68,68,68,68,68,68,68,68,68,68],"card_choices":[{"not_picked":["Sword Boomerang","Wild Strike","Twin Strike"],"picked":"SKIP","floor":1},{"not_picked":["Infernal Blade","Combust"],"picked":"Anger","floor":2},{"not_picked":["Corruption","Combust"],"picked":"Rampage","floor":3},{"not_picked":["Uppercut","Evolve"],"picked":"Pommel Strike","floor":5},{"not_picked":["Disarm","Shrug It Off"],"picked":"Anger","floor":7},{"not_picked":["Twin Strike","Havoc"],"picked":"Anger","floor":8},{"not_picked":["Clothesline","Combust"],"picked":"Rupture","floor":14}],"player_experience":1643511,"relics_obtained":[{"floor":7,"key":"Torii"},{"floor":9,"key":"The Courier"}],"event_choices":[{"damage_healed":0,"gold_gain":0,"player_choice":"Upgraded","damage_taken":0,"max_hp_gain":0,"max_hp_loss":0,"event_name":"Upgrade Shrine","floor":4,"gold_loss":0,"cards_upgraded":["Bash"]},{"damage_healed":0,"gold_gain":75,"player_choice":"Gather Gold","damage_taken":11,"max_hp_gain":0,"max_hp_loss":0,"event_name":"World of Goop","floor":11,"gold_loss":0},{"damage_healed":0,"gold_gain":150,"player_choice":"AGREE","damage_taken":0,"max_hp_gain":0,"max_hp_loss":0,"event_name":"Liars Game","floor":13,"gold_loss":0,"cards_obtained":["Doubt"]}],"is_beta":false,"boss_relics":[],"items_purged_floors":[],"is_endless":false,"potions_floor_spawned":[2,7,14],"killed_by":"Slime Boss","ascension_level":17}