{"gold_per_floor":[112,129,129,129,129,149,149,183,213,213],"floor_reached":10,"playtime":371,"items_purged":[],"score":122,"play_id":"2498190a-7855-4b85-a4a6-4341ed506288","local_time":"20190701124141","is_ascension_mode":true,"campfire_choices":[{"floor":7,"key":"REST"}],"neow_cost":"NONE","seed_source_timestamp":1168450325225100,"circlet_count":0,"master_deck":["AscendersBane","Defend_G","Defend_G","Defend_G","Defend_G","Defend_G","Strike_G","Strike_G","Strike_G","Survivor","Neutralize","Blur","Deadly Poison","Poisoned Stab","Footwork"],"relics":["Runic Pyramid","Question Card","Vajra","Tiny Chest"],"potions_floor_usage":[2,8],"damage_taken":[{"damage":0,"enemies":"Jaw Worm","floor":1,"turns":7},{"damage":4,"enemies":"Small Slimes","floor":2,"turns":4},{"damage":7,"enemies":"2 Louse","floor":6,"turns":5},{"damage":23,"enemies":"Gremlin Nob","floor":8,"turns":5},{"damage":21,"enemies":"Gremlin Gang","floor":10,"turns":4}],"seed_played":"1238387692260503182","potions_obtained":[{"floor":1,"key":"Poison Potion"},{"floor":2,"key":"Block Potion"}],"is_trial":false,"path_per_floor":["M","M","?","?","?","M","R","E","T","M"],"character_chosen":"THE_SILENT","items_purchased":[],"campfire_rested":1,"item_purchase_floors":[],"current_hp_per_floor":[59,55,48,30,30,23,42,19,19,0],"gold":213,"neow_bonus":"BOSS_RELIC","is_prod":false,"is_daily":false,"chose_seed":false,"campfire_upgraded":0,"win_rate":0,"timestamp":1561977701,"path_taken":["M","M","?","?","?","M","R","E","T","M"],"build_version":"2019-01-23","purchased_purges":0,"victory":false,"max_hp_per_floor":[66,66,66,66,66,66,66,66,66,66],"card_choices":[{"not_picked":["Blade Dance","Infinite Blades"],"picked":"Blur","floor":1},{"not_picked":["Dagger Throw","Masterful Stab"],"picked":"Deadly Poison","floor":2},{"not_picked":["Bane","Outmaneuver","Masterful Stab"],"picked":"Poisoned Stab","floor":6},{"not_picked":["Tactician","Underhanded Strike","Distraction"],"picked":"Footwork","floor":8}],"player_experience":1548212,"relics_obtained":[{"floor":8,"key":"Vajra"},{"floor":9,"key":"Tiny Chest"}],"event_choices":[{"cards_removed":["Strike_G"],"damage_healed":0,"gold_gain":0,"player_choice":"Card Removal","damage_taken":7,"max_hp_gain":0,"max_hp_loss":0,"event_name":"Golden Wing","floor":3,"gold_loss":0},{"damage_healed":0,"gold_gain":0,"player_choice":"Success","damage_taken":18,"relics_obtained":["Question Card"],"max_hp_gain":0,"max_hp_loss":0,"event_name":"Scrap Ooze","floor":4,"gold_loss":0},{"cards_removed":["Strike_G"],"damage_healed":0,"gold_gain":0,"player_choice":"Purged","damage_taken":0,"max_hp_gain":0,"max_hp_loss":0,"event_name":"Purifier","floor":5,"gold_loss":0}],"is_beta":false,"boss_relics":[],"items_purged_floors":[],"is_endless":false,"potions_floor_spawned":[1,2],"killed_by":"Gremlin Gang","ascension_level":17}