{"gold_per_floor":[110,33,43,60,60,104,104,125,152,152,152,173,48,66,66,160,160,174,174,192,206,206],"floor_reached":22,"playtime":991,"items_purged":["Strike_G"],"score":320,"play_id":"1fdcf665-2a3e-4eb3-8265-02fa32794de9","local_time":"20191001234008","is_ascension_mode":true,"campfire_choices":[{"data":"Malaise","floor":7,"key":"SMITH"},{"data":"Neutralize","floor":11,"key":"SMITH"},{"data":"Noxious Fumes","floor":15,"key":"SMITH"}],"neow_cost":"NONE","seed_source_timestamp":61423612913167,"circlet_count":0,"master_deck":["AscendersBane","Strike_G","Strike_G","Strike_G","Strike_G","Defend_G","Defend_G","Defend_G","Defend_G","Defend_G","Survivor","Neutralize+1","Malaise+1","Poisoned Stab","Caltrops+1","Noxious Fumes+1","Backflip","Corpse Explosion","Crippling Poison+1","Well Laid Plans"],"relics":["White Beast Statue","Golden Idol","Smiling Mask","Strawberry","Black Star","Enchiridion"],"potions_floor_usage":[6,6,12,16,18,21],"damage_taken":[{"damage":8,"enemies":"Small Slimes","floor":1,"turns":6},{"damage":1,"enemies":"Cultist","floor":3,"turns":4},{"damage":2,"enemies":"2 Louse","floor":4,"turns":3},{"damage":28,"enemies":"Gremlin Nob","floor":6,"turns":4},{"damage":0,"enemies":"2 Fungi Beasts","floor":8,"turns":5},{"damage":0,"enemies":"3 Louse","floor":12,"turns":2},{"damage":13,"enemies":"Looter","floor":14,"turns":4},{"damage":6,"enemies":"The Guardian","floor":16,"turns":10},{"damage":6,"enemies":"Chosen","floor":18,"turns":7},{"damage":3,"enemies":"3 Byrds","floor":20,"turns":4},{"damage":29,"enemies":"Centurion and Healer","floor":21,"turns":6},{"damage":15,"enemies":"Snake Plant","floor":22,"turns":3}],"seed_played":"184311387542246761","potions_obtained":[{"floor":1,"key":"Strength Potion"},{"floor":3,"key":"FearPotion"},{"floor":6,"key":"Ancient Potion"},{"floor":8,"key":"Explosive Potion"},{"floor":12,"key":"Dexterity Potion"},{"floor":14,"key":"SkillPotion"},{"floor":16,"key":"Weak Potion"},{"floor":18,"key":"Dexterity Potion"},{"floor":20,"key":"Regen Potion"},{"floor":21,"key":"SteroidPotion"}],"is_trial":false,"path_per_floor":["M","$","M","M","?","E","R","M","T","?","R","M","$","M","R","B",null,"M","?","M","M","M"],"character_chosen":"THE_SILENT","items_purchased":["Malaise","Noxious Fumes"],"campfire_rested":0,"item_purchase_floors":[2,13],"current_hp_per_floor":[51,51,50,48,48,20,20,20,27,27,27,27,27,14,14,8,53,47,31,28,14,0],"gold":206,"neow_bonus":"BOSS_RELIC","is_prod":false,"is_daily":false,"chose_seed":false,"campfire_upgraded":3,"win_rate":0,"timestamp":1569998408,"path_taken":["M","$","M","M","?","E","R","M","T","?","R","?","$","M","R","BOSS","M","?","M","M","M"],"build_version":"2019-07-17","purchased_purges":1,"victory":false,"max_hp_per_floor":[66,66,66,66,61,61,61,61,68,68,68,68,68,68,68,68,68,68,68,68,68,68],"card_choices":[{"not_picked":["Acrobatics","PiercingWail","Deflect"],"picked":"SKIP","floor":1},{"not_picked":["Cloak And Dagger","Eviscerate","Concentrate"],"picked":"SKIP","floor":3},{"not_picked":["Slice","PiercingWail"],"picked":"Poisoned Stab","floor":4},{"not_picked":["Prepared","Acrobatics","Flechettes"],"picked":"SKIP","floor":6},{"not_picked":["Blur","Dodge and Roll"],"picked":"Caltrops","floor":8},{"not_picked":["Setup","Wraith Form v2","Slice"],"picked":"SKIP","floor":12},{"not_picked":["Flying Knee","Outmaneuver"],"picked":"Backflip","floor":14},{"not_picked":["After Image","Doppelganger"],"picked":"Corpse Explosion","floor":16},{"not_picked":["Acrobatics","Skewer","Flying Knee"],"picked":"SKIP","floor":18},{"not_picked":["Deflect","Crippling Poison+1","Acrobatics"],"picked":"SKIP","floor":20},{"not_picked":["Deflect","Acrobatics"],"picked":"Crippling Poison+1","floor":20},{"not_picked":["Flying Knee","Infinite Blades"],"picked":"Well Laid Plans","floor":21}],"player_experience":291626,"relics_obtained":[{"floor":6,"key":"Smiling Mask"},{"floor":9,"key":"Strawberry"},{"floor":19,"key":"Enchiridion"}],"event_choices":[{"damage_healed":0,"gold_gain":0,"player_choice":"Lose Max HP","damage_taken":0,"relics_obtained":["Golden Idol"],"max_hp_gain":0,"max_hp_loss":5,"event_name":"Golden Idol","floor":5,"gold_loss":0},{"damage_healed":0,"gold_gain":0,"player_choice":"Upgraded","damage_taken":0,"max_hp_gain":0,"max_hp_loss":0,"event_name":"Upgrade Shrine","floor":10,"gold_loss":0,"cards_upgraded":["Caltrops"]},{"damage_healed":0,"gold_gain":0,"player_choice":"Obtained Book","damage_taken":16,"max_hp_gain":0,"max_hp_loss":0,"event_name":"Cursed Tome","floor":19,"gold_loss":0}],"is_beta":false,"boss_relics":[{"not_picked":["Runic Dome","Sozu"],"picked":"Black Star"}],"items_purged_floors":[13],"is_endless":false,"potions_floor_spawned":[1,3,4,6,8,12,14,16,18,20,21],"killed_by":"Snake Plant","ascension_level":14}