{"path_per_floor":["M","M","M","M","T","E","M","E","T","E","?","M","$","M","R","B",null,"M","M","M","?","M","R","?","E","T","M","M","E","?","M","R"],"character_chosen":"THE_SILENT","items_purchased":["Shuriken"],"gold_per_floor":[117,129,148,166,166,199,212,242,242,272,272,288,47,59,59,156,156,167,183,196,196,206,206,131,157,157,170,185,216,216,236,236],"floor_reached":33,"campfire_rested":0,"playtime":3636,"current_hp_per_floor":[63,63,63,63,77,73,70,77,77,73,73,65,65,62,62,28,84,81,81,78,78,78,78,78,78,78,67,69,66,50,54,54],"items_purged":[],"gold":236,"play_id":"b607671d-4e02-40c7-888f-e532677cac4a","is_prod":false,"is_daily":false,"is_ascension_mode":true,"campfire_upgraded":3,"path_taken":["M","M","?","M","?","E","M","E","T","E","?","M","$","?","R","BOSS","M","?","M","?","?","R","?","E","T","M","M","E","?","M","R","BOSS"],"build_version":"2018-01-25-PROD3","purchased_purges":0,"victory":false,"master_deck":["Defend_G+1","Defend_G+1","Defend_G+1","Defend_G+1","Strike_G+1","Strike_G+1","Strike_G+1","Strike_G+1","Survivor","Neutralize","Blade Dance+1","Flying Knee","Flying Knee","Leg Sweep","Dagger Throw","Heel Hook","Skewer+1","Endless Agony","Sucker Punch+1","Flying Knee+1","Blade Dance+1"],"max_hp_per_floor":[70,70,70,70,84,84,84,84,84,84,84,84,84,84,84,84,84,84,84,84,84,84,84,84,84,84,84,84,84,84,84,84],"relics":["Ring of the Snake","Oddly Smooth Stone","Mango","Bird Faced Urn","Vajra","Gambling Chip","Frozen Eye","Shuriken","Blood Vial","Dead Branch","Kunai","Enchiridion"],"card_choices":[{"not_picked":["PiercingWail","Dagger Spray"],"picked":"Blade Dance"},{"not_picked":["Acrobatics","PiercingWail"],"picked":"Flying Knee"},{"not_picked":["Malaise","Dodge and Roll"],"picked":"Flying Knee"},{"not_picked":["Masterful Stab","Deflect"],"picked":"Leg Sweep"},{"not_picked":["Choke","Quick Slash"],"picked":"Dagger Throw"},{"not_picked":["Backflip","Crippling Poison"],"picked":"Heel Hook"},{"not_picked":["A Thousand Cuts","Distraction"],"picked":"Skewer"},{"not_picked":["Dagger Throw","Dodge and Roll"],"picked":"Endless Agony"},{"not_picked":["Dagger Throw","Dodge and Roll"],"picked":"Sucker Punch"},{"not_picked":["Backflip","Poisoned Stab"],"picked":"Flying Knee"},{"not_picked":["Quick Slash","Slice"],"picked":"Blade Dance"}],"player_experience":121579,"potions_floor_usage":[4,8,25,27,33],"damage_taken":[{"damage":7,"enemies":"Blue Slaver","floor":1,"turns":5},{"damage":0,"enemies":"Small Slimes","floor":2,"turns":3},{"damage":0,"enemies":"Cultist","floor":3,"turns":3},{"damage":0,"enemies":"Red Slaver","floor":4,"turns":4},{"damage":4,"enemies":"Lagavulin","floor":6,"turns":11},{"damage":3,"enemies":"Exordium Thugs","floor":7,"turns":5},{"damage":8,"enemies":"3 Sentries","floor":8,"turns":11},{"damage":4,"enemies":"Lagavulin","floor":10,"turns":5},{"damage":8,"enemies":"Gremlin Gang","floor":12,"turns":3},{"damage":3,"enemies":"Red Slaver","floor":14,"turns":2},{"damage":34,"enemies":"Hexaghost","floor":16,"turns":8},{"damage":3,"enemies":"3 Byrds","floor":18,"turns":3},{"damage":0,"enemies":"Spheric Guardian","floor":19,"turns":2},{"damage":3,"enemies":"Chosen and Byrds","floor":20,"turns":5},{"damage":0,"enemies":"Snecko","floor":22,"turns":3},{"damage":0,"enemies":"Gremlin Leader","floor":25,"turns":5},{"damage":13,"enemies":"Centurion and Healer","floor":27,"turns":3},{"damage":0,"enemies":"3 Cultists","floor":28,"turns":3},{"damage":5,"enemies":"Book of Stabbing","floor":29,"turns":4},{"damage":0,"enemies":"Snecko","floor":31,"turns":3},{"damage":66,"enemies":"Automaton","floor":33,"turns":6}],"event_choices":[{"event_name":"Living Wall","player_choice":"Forget","floor":11,"damage_taken":0},{"event_name":"Back to Basics","player_choice":"Simplicity","floor":21,"damage_taken":0},{"event_name":"Beggar","player_choice":"Gave Gold","floor":24,"damage_taken":0},{"event_name":"Cursed Tome","player_choice":"Obtained Book","floor":30,"damage_taken":0}],"boss_relics":[{"not_picked":["Philosopher\u0027s Stone","Snecko Eye","Runic Dome"]}],"potions_floor_spawned":[3,7,8,12,18,20,28,31],"seed_played":"7586331260330627082","killed_by":"Automaton","ascension_level":1,"is_trial":false}