{"gold_per_floor":[109,84,41,41,51,76,95,105,105,130,147,160,195,195,195,195],"floor_reached":16,"playtime":602,"items_purged":[],"score":319,"play_id":"6e290d03-d7d0-4092-87bd-ed904abf750f","local_time":"20190407233845","is_ascension_mode":true,"campfire_choices":[{"floor":15,"key":"REST"}],"neow_cost":"NONE","seed_source_timestamp":0,"circlet_count":0,"master_deck":["AscendersBane","Strike_B","Strike_B","Strike_B","Strike_B","Defend_B","Defend_B","Defend_B","Defend_B","Zap","Dualcast","Coolheaded","Ball Lightning","Static Discharge","Rip and Tear","Coolheaded","Coolheaded","Compile Driver","Coolheaded","Leap","Glacier","Conserve Battery","Leap"],"special_seed":0,"relics":["Cracked Core","NeowsBlessing","Dream Catcher","Frozen Egg 2","Bird Faced Urn","Anchor"],"potions_floor_usage":[13,13,13,13],"damage_taken":[{"damage":0.0,"enemies":"Cultist","floor":1.0,"turns":1.0},{"damage":0.0,"enemies":"Small Slimes","floor":5.0,"turns":1.0},{"damage":0.0,"enemies":"Gremlin Nob","floor":6.0,"turns":1.0},{"damage":8.0,"enemies":"Jaw Worm","floor":7.0,"turns":3.0},{"damage":0.0,"enemies":"Blue Slaver","floor":8.0,"turns":3.0},{"damage":23,"enemies":"3 Sentries","floor":10,"turns":5},{"damage":8,"enemies":"2 Fungi Beasts","floor":11,"turns":3},{"damage":10,"enemies":"Looter","floor":12,"turns":3},{"damage":18,"enemies":"Lagavulin","floor":13,"turns":10},{"damage":50,"enemies":"The Guardian","floor":16,"turns":8}],"seed_played":"3317217546716641735","potions_obtained":[{"floor":4.0,"key":"Swift Potion"},{"floor":4.0,"key":"EntropicBrew"},{"floor":5.0,"key":"Block Potion"},{"floor":11,"key":"Poison Potion"}],"is_trial":false,"path_per_floor":["M","$","$","?","M","E","M","M","T","E","M","M","E","?","R","B"],"character_chosen":"DEFECT","items_purchased":["Ball Lightning","Static Discharge"],"campfire_rested":1,"item_purchase_floors":[2,3],"current_hp_per_floor":[64,64,64,64,64,64,56,56,56,33,27,17,1,1,22,0],"gold":195,"neow_bonus":"THREE_ENEMY_KILL","is_prod":false,"is_daily":false,"chose_seed":false,"campfire_upgraded":0,"win_rate":0,"timestamp":1554673125,"path_taken":["M","?","$","?","M","E","?","M","T","E","?","M","E","?","R","BOSS"],"build_version":"2019-01-23","purchased_purges":0,"victory":false,"max_hp_per_floor":[71,71,71,71,71,71,71,71,71,71,71,71,71,71,71,71],"card_choices":[{"not_picked":["Beam Cell","Chill"],"picked":"Coolheaded","floor":1.0},{"not_picked":["Redo","Fusion"],"picked":"Rip and Tear","floor":5.0},{"not_picked":["Recycle","Scrape"],"picked":"Coolheaded","floor":6.0},{"not_picked":["Genetic Algorithm","Tempest"],"picked":"Coolheaded","floor":7.0},{"not_picked":["Go for the Eyes","Hologram"],"picked":"Compile Driver","floor":8.0},{"not_picked":["FTL","Compile Driver"],"picked":"Coolheaded","floor":10},{"not_picked":["Redo","Sweeping Beam"],"picked":"Leap","floor":11},{"not_picked":["Darkness","Turbo"],"picked":"Glacier","floor":12},{"not_picked":["Leap","Ball Lightning"],"picked":"Conserve Battery","floor":13},{"not_picked":["Genetic Algorithm","Rip and Tear"],"picked":"Leap","floor":15}],"player_experience":759335,"relics_obtained":[{"floor":6.0,"key":"Dream Catcher"},{"floor":9.0,"key":"Frozen Egg 2"},{"floor":10,"key":"Bird Faced Urn"},{"floor":13,"key":"Anchor"}],"event_choices":[{"damage_healed":0.0,"max_hp_gain":0.0,"max_hp_loss":0.0,"gold_gain":0.0,"event_name":"Lab","player_choice":"Got Potions","floor":4.0,"gold_loss":0.0,"damage_taken":0.0},{"damage_healed":0,"gold_gain":0,"player_choice":"Ignored","damage_taken":0,"max_hp_gain":0,"max_hp_loss":0,"event_name":"Golden Wing","floor":14,"gold_loss":0}],"is_beta":false,"boss_relics":[],"items_purged_floors":[],"is_endless":false,"potions_floor_spawned":[5,6,11,12],"killed_by":"The Guardian","ascension_level":20}