{"gold_per_floor":[114,114,114,35,35,74,74,113,136,136,180,82,97,113,113,113],"floor_reached":16,"playtime":409,"items_purged":["Strike_R"],"score":282,"play_id":"07ea7a2d-0cc9-429c-adde-878120980ad8","local_time":"20190930172834","is_ascension_mode":true,"campfire_choices":[{"data":"Body Slam","floor":7.0,"key":"SMITH"},{"data":"Demon Form","floor":10.0,"key":"SMITH"},{"data":"Bash","floor":15.0,"key":"SMITH"}],"neow_cost":"NONE","seed_source_timestamp":4785225652259,"circlet_count":0,"master_deck":["AscendersBane","Strike_R","Strike_R","Strike_R","Defend_R","Defend_R","Defend_R","Defend_R","Bash+1","Flame Barrier","Twin Strike","Shrug It Off","Body Slam+1","Demon Form+1","Shrug It Off"],"special_seed":0,"relics":["Burning Blood","NeowsBlessing","Golden Idol","Omamori","Ancient Tea Set","Orichalcum","Molten Egg 2"],"potions_floor_usage":[],"damage_taken":[{"damage":0.0,"enemies":"Jaw Worm","floor":1.0,"turns":1.0},{"damage":0.0,"enemies":"Lagavulin","floor":6.0,"turns":1.0},{"damage":0.0,"enemies":"Gremlin Nob","floor":8.0,"turns":1.0},{"damage":12.0,"enemies":"3 Sentries","floor":11.0,"turns":7.0},{"damage":0.0,"enemies":"Small Slimes","floor":13.0,"turns":5.0},{"damage":2.0,"enemies":"Cultist","floor":14.0,"turns":4.0},{"damage":75,"enemies":"Slime Boss","floor":16,"turns":7}],"seed_played":"-1583147250879654847","potions_obtained":[{"floor":1.0,"key":"SteroidPotion"},{"floor":8.0,"key":"SpeedPotion"},{"floor":13.0,"key":"SkillPotion"}],"is_trial":false,"path_per_floor":["M","?","?","$","?","E","R","E","T","R","E","$","M","M","R","B"],"character_chosen":"IRONCLAD","items_purchased":["Twin Strike","Shrug It Off","Shrug It Off"],"campfire_rested":0,"item_purchase_floors":[4,4,12],"current_hp_per_floor":[74,79,74,74,67,73,73,74,74,74,68,68,74,74,74,0],"gold":113,"neow_bonus":"THREE_ENEMY_KILL","is_prod":false,"is_daily":false,"chose_seed":false,"campfire_upgraded":3,"win_rate":0,"timestamp":1569889714,"path_taken":["M","?","?","$","?","E","R","E","T","R","E","?","?","M","R","BOSS"],"build_version":"2019-07-17","purchased_purges":1,"victory":false,"max_hp_per_floor":[75,80,74,74,74,74,74,74,74,74,74,74,74,74,74,74],"card_choices":[{"not_picked":["Clash","Bloodletting"],"picked":"Flame Barrier","floor":1.0},{"not_picked":["Havoc","Burning Pact"],"picked":"Body Slam","floor":6.0},{"not_picked":["Havoc","Ghostly Armor"],"picked":"Demon Form","floor":8.0},{"not_picked":["Metallicize","Perfected Strike","Clothesline"],"picked":"SKIP","floor":11.0},{"not_picked":["Bloodletting","Wild Strike+1","Headbutt+1"],"picked":"SKIP","floor":13.0},{"not_picked":["Iron Wave+1","Power Through","Intimidate"],"picked":"SKIP","floor":14.0}],"player_experience":277247,"relics_obtained":[{"floor":6.0,"key":"Omamori"},{"floor":8.0,"key":"Ancient Tea Set"},{"floor":9.0,"key":"Orichalcum"},{"floor":11.0,"key":"Molten Egg 2"}],"event_choices":[{"damage_healed":0.0,"max_hp_gain":5.0,"max_hp_loss":0.0,"gold_gain":0.0,"event_name":"Big Fish","player_choice":"Donut","floor":2.0,"gold_loss":0.0,"damage_taken":0.0},{"damage_healed":0.0,"max_hp_gain":0.0,"max_hp_loss":6.0,"gold_gain":0.0,"event_name":"Golden Idol","player_choice":"Lose Max HP","floor":3.0,"gold_loss":0.0,"damage_taken":0.0,"relics_obtained":["Golden Idol"]},{"cards_removed":["Strike_R"],"damage_healed":0.0,"max_hp_gain":0.0,"max_hp_loss":0.0,"gold_gain":0.0,"event_name":"Golden Wing","player_choice":"Card Removal","floor":5.0,"gold_loss":0.0,"damage_taken":7.0}],"is_beta":false,"boss_relics":[],"items_purged_floors":[12],"is_endless":false,"potions_floor_spawned":[1,8,13],"killed_by":"Slime Boss","ascension_level":14}