{"gold_per_floor":[116,41,41,6,6,6,17,17,41,53,70,70,70,83,83,83],"floor_reached":16,"playtime":304,"items_purged":["Strike_R"],"score":144,"play_id":"28cfb290-eef9-4657-a8cb-fc067ed68c57","local_time":"20190220190653","is_ascension_mode":true,"campfire_choices":[{"data":"Bash","floor":6,"key":"SMITH"},{"data":"Perfected Strike","floor":8,"key":"SMITH"},{"data":"Corruption","floor":13,"key":"SMITH"},{"data":"Body Slam","floor":15,"key":"SMITH"}],"neow_cost":"NONE","seed_source_timestamp":55773001451200,"circlet_count":0,"master_deck":["AscendersBane","Strike_R","Strike_R","Strike_R","Defend_R","Defend_R","Defend_R","Defend_R","Bash+1","Wild Strike","Sever Soul","Perfected Strike+1","Battle Trance","Corruption+1","Body Slam+1"],"relics":["Burning Blood","Juzu Bracelet","Omamori","Potion Belt"],"potions_floor_usage":[16,16],"damage_taken":[{"damage":11,"enemies":"Cultist","floor":1,"turns":4},{"damage":12,"enemies":"Small Slimes","floor":7,"turns":3},{"damage":14,"enemies":"Jaw Worm","floor":10,"turns":3},{"damage":22,"enemies":"Exordium Thugs","floor":11,"turns":3},{"damage":6,"enemies":"3 Louse","floor":14,"turns":2},{"damage":44,"enemies":"The Guardian","floor":16,"turns":6}],"seed_played":"-4640310986123869194","potions_obtained":[{"floor":1,"key":"Poison Potion"},{"floor":10,"key":"Strength Potion"}],"is_trial":false,"path_per_floor":["M","$","T","?","?","R","M","R","T","M","M","?","R","M","R","B"],"character_chosen":"IRONCLAD","items_purchased":[],"campfire_rested":0,"item_purchase_floors":[],"current_hp_per_floor":[67,67,67,80,80,80,74,74,74,66,50,42,42,42,42,0],"gold":83,"neow_bonus":"RANDOM_COMMON_RELIC","is_prod":false,"is_daily":false,"chose_seed":false,"campfire_upgraded":4,"win_rate":0,"timestamp":1550686013,"path_taken":["M","$","?","?","?","R","M","R","T","M","M","?","R","M","R","BOSS"],"build_version":"2019-01-23","purchased_purges":1,"victory":false,"max_hp_per_floor":[80,80,80,80,80,80,80,80,80,80,80,80,80,80,80,80],"card_choices":[{"not_picked":["Combust","Bloodletting"],"picked":"Wild Strike","floor":1},{"not_picked":["Bloodletting","Heavy Blade"],"picked":"Perfected Strike","floor":7},{"not_picked":["Twin Strike","Iron Wave"],"picked":"Battle Trance","floor":10},{"not_picked":["Flex","Combust"],"picked":"Corruption","floor":11},{"not_picked":["Iron Wave","Corruption"],"picked":"Body Slam","floor":14}],"player_experience":812154,"relics_obtained":[{"floor":3,"key":"Omamori"},{"floor":9,"key":"Potion Belt"}],"event_choices":[{"damage_healed":20,"gold_gain":0,"player_choice":"Healed","damage_taken":0,"max_hp_gain":0,"max_hp_loss":0,"event_name":"The Cleric","floor":4,"gold_loss":35},{"damage_healed":0,"gold_gain":0,"cards_transformed":["Strike_R"],"player_choice":"Change","damage_taken":0,"max_hp_gain":0,"max_hp_loss":0,"event_name":"Living Wall","floor":5,"gold_loss":0,"cards_obtained":["Sever Soul"]},{"damage_healed":0,"gold_gain":0,"player_choice":"Damaged","damage_taken":8,"max_hp_gain":0,"max_hp_loss":0,"event_name":"Wheel of Change","floor":12,"gold_loss":0}],"is_beta":false,"boss_relics":[],"items_purged_floors":[2],"is_endless":false,"potions_floor_spawned":[1,10],"killed_by":"The Guardian","ascension_level":12}