{"gold_per_floor":[116,116,32,47,61,61,121,121,199,224,224,224,9,44,44,120,120,131,56,56,74,48,48,65,79,79,79,29,29],"floor_reached":29,"playtime":832,"items_purged":[],"score":478,"play_id":"f7e34346-ae69-49ae-af63-9b8521f2ab00","local_time":"20181217230323","is_ascension_mode":true,"campfire_choices":[{"data":"Bash","floor":6.0,"key":"SMITH"},{"data":"True Grit","floor":8.0,"key":"SMITH"},{"floor":12.0,"key":"REST"},{"data":"Whirlwind","floor":15.0,"key":"SMITH"},{"floor":23.0,"key":"REST"}],"neow_cost":"NONE","seed_source_timestamp":275611130639537,"circlet_count":0,"master_deck":["AscendersBane","Strike_R","Strike_R","Strike_R","Strike_R","Defend_R","Defend_R","Defend_R","Defend_R","Bash+1","Inflame+1","True Grit+1","Iron Wave","Corruption","Fire Breathing","Cleave","Whirlwind+1","Mayhem+1","Pommel Strike+1","Double Tap+1","Shockwave","Body Slam+1","Sentinel","Shrug It Off","Shame"],"special_seed":0,"relics":["Burning Blood","NeowsBlessing","Tiny Chest","Frozen Egg 2","Potion Belt","Molten Egg 2","Gambling Chip","Fusion Hammer","Ginger","Bird Faced Urn"],"potions_floor_usage":[],"damage_taken":[{"damage":0.0,"enemies":"Small Slimes","floor":1.0,"turns":1.0},{"damage":0.0,"enemies":"Cultist","floor":4.0,"turns":1.0},{"damage":0.0,"enemies":"Jaw Worm","floor":5.0,"turns":1.0},{"damage":32.0,"enemies":"Lagavulin","floor":7.0,"turns":7.0},{"damage":16.0,"enemies":"3 Sentries","floor":10.0,"turns":5.0},{"damage":36.0,"enemies":"Lagavulin","floor":14.0,"turns":6.0},{"damage":29.0,"enemies":"The Guardian","floor":16.0,"turns":11.0},{"damage":40.0,"enemies":"Shell Parasite","floor":18.0,"turns":5.0},{"damage":11.0,"enemies":"2 Thieves","floor":21.0,"turns":2.0},{"damage":9.0,"enemies":"Snecko","floor":24.0,"turns":5.0},{"damage":36,"enemies":"Snake Plant","floor":25,"turns":4},{"damage":21,"enemies":"Slavers","floor":29,"turns":1}],"seed_played":"174295529539242276","potions_obtained":[{"floor":1.0,"key":"Explosive Potion"},{"floor":4.0,"key":"Block Potion"},{"floor":21.0,"key":"Block Potion"}],"is_trial":false,"path_per_floor":["M","?","$","M","M","R","E","R","T","E","T","R","$","E","R","B",null,"M","?","?","M","$","R","M","M","T","?","?","E"],"character_chosen":"IRONCLAD","items_purchased":["True Grit","Iron Wave","Mayhem+1","Body Slam+1"],"campfire_rested":2,"item_purchase_floors":[3,3,13,22],"current_hp_per_floor":[74,74,74,75,75,75,49,49,49,39,39,61,61,31,31,8,58,24,24,24,19,19,41,38,8,8,8,8,0],"gold":29,"neow_bonus":"THREE_ENEMY_KILL","is_prod":false,"is_daily":false,"chose_seed":false,"campfire_upgraded":3,"win_rate":0,"timestamp":1545084203,"path_taken":["M","?","$","?","M","R","E","R","T","E","?","R","$","E","R","BOSS","M","?","?","?","$","R","M","M","T","?","?","E"],"build_version":"2018-12-13","purchased_purges":0,"victory":false,"max_hp_per_floor":[75,75,75,75,75,75,75,75,75,75,75,75,75,75,75,75,75,75,75,75,75,75,75,75,75,75,75,75,75],"card_choices":[{"not_picked":["Spot Weakness","Shrug It Off"],"picked":"Inflame","floor":1.0},{"not_picked":["Pommel Strike","Perfected Strike"],"picked":"Corruption","floor":4.0},{"not_picked":["Clash","Warcry"],"picked":"Fire Breathing","floor":5.0},{"not_picked":["Iron Wave","Brutality"],"picked":"Cleave","floor":7.0},{"not_picked":["Wild Strike","Perfected Strike"],"picked":"Whirlwind","floor":10.0},{"not_picked":["Warcry","Clash+1"],"picked":"Pommel Strike+1","floor":14.0},{"not_picked":["Fiend Fire+1","Feed+1"],"picked":"Double Tap","floor":16.0},{"not_picked":["Searing Blow+1","Anger+1"],"picked":"Shockwave","floor":18.0},{"not_picked":["Sever Soul+1","Warcry","Havoc"],"picked":"SKIP","floor":21.0},{"not_picked":["Sever Soul+1","Perfected Strike+1"],"picked":"Sentinel","floor":24.0},{"not_picked":["Twin Strike+1","Perfected Strike+1"],"picked":"Shrug It Off","floor":25}],"player_experience":528913,"relics_obtained":[{"floor":7.0,"key":"Tiny Chest"},{"floor":9.0,"key":"Frozen Egg 2"},{"floor":10.0,"key":"Potion Belt"},{"floor":11.0,"key":"Molten Egg 2"},{"floor":14.0,"key":"Gambling Chip"},{"floor":26,"key":"Ginger"}],"event_choices":[{"damage_healed":0.0,"max_hp_gain":0.0,"max_hp_loss":0.0,"gold_gain":0.0,"event_name":"Upgrade Shrine","player_choice":"Upgraded","floor":2.0,"gold_loss":0.0,"damage_taken":0.0,"cards_upgraded":["Inflame"]},{"cards_removed":["Strike_R"],"damage_healed":0.0,"max_hp_gain":0.0,"max_hp_loss":0.0,"gold_gain":0.0,"event_name":"Beggar","player_choice":"Gave Gold","floor":19.0,"gold_loss":75.0,"damage_taken":0.0},{"damage_healed":0.0,"max_hp_gain":0.0,"max_hp_loss":0.0,"gold_gain":0.0,"event_name":"Accursed Blacksmith","player_choice":"Forge","floor":20.0,"gold_loss":0.0,"damage_taken":0.0,"cards_upgraded":["Double Tap"]},{"damage_healed":0,"gold_gain":0,"player_choice":"Stole Relic","damage_taken":0,"relics_obtained":["Bird Faced Urn"],"max_hp_gain":0,"max_hp_loss":0,"event_name":"Addict","floor":27,"gold_loss":0,"cards_obtained":["Shame"]},{"damage_healed":0,"gold_gain":0,"player_choice":"Bet on Owner","damage_taken":0,"max_hp_gain":0,"max_hp_loss":0,"event_name":"The Joust","floor":28,"gold_loss":50}],"is_beta":false,"boss_relics":[{"not_picked":["Black Blood","White Beast Statue"],"picked":"Fusion Hammer"}],"items_purged_floors":[],"is_endless":false,"potions_floor_spawned":[1,4,5,21],"killed_by":"Slavers","ascension_level":20}