{"gold_per_floor":[110,110,122,122,142,142,175,198,221,95,115,151,151,22,22,116,116,139,152,171,46,60,60,73,73,127,152,152,152,202,8,8,98,98,112,36,36,49,10,10,10],"floor_reached":41,"playtime":1599,"items_purged":["Injury","Strike_R","Normality"],"score":772,"play_id":"b5871283-1649-4de3-9b4c-617818c49e58","local_time":"20190610162433","is_ascension_mode":true,"campfire_choices":[{"data":"Bash","floor":6,"key":"SMITH"},{"data":"Fiend Fire","floor":13,"key":"SMITH"},{"data":"Body Slam","floor":15,"key":"SMITH"},{"data":"Armaments","floor":23,"key":"SMITH"},{"floor":25,"key":"REST"},{"floor":32,"key":"REST"},{"floor":40,"key":"REST"}],"neow_cost":"NONE","seed_source_timestamp":1711366426200,"circlet_count":0,"master_deck":["AscendersBane","Defend_R+1","Defend_R+1","Defend_R+1","Defend_R+1","Bash+1","Sever Soul","Shrug It Off","Perfected Strike","Flame Barrier","Fiend Fire+1","Anger","Anger","Clothesline","Thunderclap","Body Slam+1","Exhume","Writhe","Clash","Armaments+1","Seeing Red","Anger","Heavy Blade+1","Second Wind","Bite","Bite","Bite","Bite","Bite","Deep Breath","Rampage","Sword Boomerang","Demon Form","Clash","Whirlwind","Doubt","Body Slam","Rampage"],"relics":["Burning Blood","Shuriken","Golden Idol","Juzu Bracelet","Bronze Scales","Vajra","Calling Bell","Centennial Puzzle","Self Forming Clay","Du-Vu Doll","Ancient Tea Set","Cursed Key"],"potions_floor_usage":[7,8,16,16,22,24,33,33,41],"damage_taken":[{"damage":1,"enemies":"Cultist","floor":1,"turns":3},{"damage":2,"enemies":"Jaw Worm","floor":3,"turns":4},{"damage":0,"enemies":"2 Louse","floor":5,"turns":2},{"damage":27,"enemies":"3 Sentries","floor":7,"turns":13},{"damage":2,"enemies":"Looter","floor":8,"turns":2},{"damage":0,"enemies":"3 Louse","floor":11,"turns":2},{"damage":24,"enemies":"Gremlin Nob","floor":12,"turns":4},{"damage":20,"enemies":"Slime Boss","floor":16,"turns":7},{"damage":19,"enemies":"2 Thieves","floor":18,"turns":3},{"damage":7,"enemies":"Chosen","floor":19,"turns":3},{"damage":27,"enemies":"Shelled Parasite and Fungi","floor":20,"turns":5},{"damage":0,"enemies":"Snecko","floor":22,"turns":3},{"damage":18,"enemies":"Centurion and Healer","floor":24,"turns":2},{"damage":24,"enemies":"Snake Plant","floor":27,"turns":2},{"damage":33,"enemies":"Collector","floor":33,"turns":10},{"damage":0,"enemies":"Orb Walker","floor":35,"turns":2},{"damage":28,"enemies":"3 Darklings","floor":38,"turns":3},{"damage":55,"enemies":"Transient","floor":41,"turns":5}],"seed_played":"7269660771799537653","potions_obtained":[{"floor":3,"key":"GamblersBrew"},{"floor":5,"key":"GamblersBrew"},{"floor":7,"key":"EssenceOfSteel"},{"floor":11,"key":"SkillPotion"},{"floor":18,"key":"SpeedPotion"},{"floor":19,"key":"Ancient Potion"},{"floor":22,"key":"PowerPotion"},{"floor":27,"key":"Energy Potion"},{"floor":38,"key":"Regen Potion"}],"is_trial":false,"path_per_floor":["M","T","M","?","M","R","E","M","T","$","M","E","R","$","R","B",null,"M","M","M","$","M","R","M","R","T","M","?","?","?","$","R","B",null,"M","$","?","M","$","R","M"],"character_chosen":"IRONCLAD","items_purchased":["Anger","Body Slam","Deep Breath","Rampage","Sword Boomerang","Whirlwind","Rampage"],"campfire_rested":3,"item_purchase_floors":[10,14,31,31,31,36,39],"current_hp_per_floor":[73,73,75,75,75,75,54,58,58,58,64,46,46,46,46,32,64,51,50,29,29,35,35,23,45,45,27,27,27,27,27,42,23,45,52,52,52,30,30,45,0],"gold":10,"neow_bonus":"THREE_CARDS","is_prod":false,"is_daily":false,"chose_seed":false,"campfire_upgraded":4,"win_rate":0,"timestamp":1560176673,"path_taken":["M","?","M","?","M","R","E","M","T","$","M","E","R","$","R","BOSS","M","M","M","$","M","R","M","R","T","M","?","?","?","$","R","BOSS","M","$","?","M","?","R","M"],"build_version":"2019-01-23","purchased_purges":3,"victory":false,"max_hp_per_floor":[75,75,75,75,75,75,75,75,75,75,75,75,75,75,75,75,75,75,75,75,75,75,75,75,75,75,75,75,52,52,52,52,52,52,52,52,52,52,52,52,52],"card_choices":[{"not_picked":["True Grit","Bloodletting"],"picked":"Sever Soul","floor":0},{"not_picked":["True Grit","Flex"],"picked":"Shrug It Off","floor":1},{"not_picked":["Bloodletting","Flex"],"picked":"Perfected Strike","floor":3},{"not_picked":["Uppercut","Iron Wave"],"picked":"Flame Barrier","floor":5},{"not_picked":["Carnage","Thunderclap"],"picked":"Fiend Fire","floor":7},{"not_picked":["Body Slam","Bloodletting"],"picked":"Anger","floor":8},{"not_picked":["Sword Boomerang","Seeing Red"],"picked":"Clothesline","floor":11},{"not_picked":["Combust","Sword Boomerang"],"picked":"Thunderclap","floor":12},{"not_picked":["Impervious","Berserk"],"picked":"Exhume","floor":16},{"not_picked":["Warcry","Body Slam"],"picked":"Clash","floor":18},{"not_picked":["Seeing Red","Cleave"],"picked":"Armaments","floor":19},{"not_picked":["Shrug It Off+1","Reckless Charge"],"picked":"Seeing Red","floor":20},{"not_picked":["Carnage","Heavy Blade"],"picked":"Anger","floor":22},{"not_picked":["Uppercut","True Grit"],"picked":"Heavy Blade+1","floor":24},{"not_picked":["Metallicize","Rage"],"picked":"Second Wind","floor":27},{"not_picked":["Exhume","Fiend Fire"],"picked":"Demon Form","floor":33},{"not_picked":["Thunderclap","Whirlwind"],"picked":"Clash","floor":35},{"not_picked":["Shrug It Off+1","Iron Wave"],"picked":"Body Slam","floor":38}],"player_experience":1289026,"relics_obtained":[{"floor":2,"key":"Shuriken"},{"floor":7,"key":"Juzu Bracelet"},{"floor":9,"key":"Bronze Scales"},{"floor":12,"key":"Vajra"},{"floor":17,"key":"Centennial Puzzle"},{"floor":17,"key":"Self Forming Clay"},{"floor":17,"key":"Du-Vu Doll"},{"floor":26,"key":"Ancient Tea Set"}],"event_choices":[{"damage_healed":0,"gold_gain":0,"player_choice":"Take Wound","damage_taken":0,"relics_obtained":["Golden Idol"],"max_hp_gain":0,"max_hp_loss":0,"event_name":"Golden Idol","floor":4,"gold_loss":0,"cards_obtained":["Injury"]},{"damage_healed":0,"gold_gain":0,"player_choice":"Simplicity","damage_taken":0,"max_hp_gain":0,"max_hp_loss":0,"event_name":"Back to Basics","floor":28,"gold_loss":0,"cards_upgraded":["Strike_R","Strike_R","Strike_R","Strike_R","Defend_R","Defend_R","Defend_R","Defend_R"]},{"damage_healed":0,"gold_gain":0,"player_choice":"Became a vampire","damage_taken":0,"max_hp_gain":0,"max_hp_loss":23,"event_name":"Vampires","floor":29,"gold_loss":0,"cards_obtained":["Bite","Bite","Bite","Bite","Bite"]},{"damage_healed":0,"gold_gain":50,"player_choice":"Stole From Cult","damage_taken":0,"max_hp_gain":0,"max_hp_loss":0,"event_name":"Nest","floor":30,"gold_loss":0},{"damage_healed":0,"gold_gain":0,"cards_transformed":["Pain"],"player_choice":"Transformed","damage_taken":0,"max_hp_gain":0,"max_hp_loss":0,"event_name":"Transmorgrifier","floor":37,"gold_loss":0,"cards_obtained":["Doubt"]}],"is_beta":false,"boss_relics":[{"not_picked":["Black Blood","Runic Dome"],"picked":"Calling Bell"},{"not_picked":["Tiny House","Runic Pyramid"],"picked":"Cursed Key"}],"items_purged_floors":[10,14,21],"is_endless":false,"potions_floor_spawned":[3,5,7,11,18,19,22,27,38],"killed_by":"Transient","ascension_level":16}