{"gold_per_floor":[119,40,40,40,56,56,70,70,123,73,73,73,73,91,91,194,194,205,130,130,30,230,230,230,230,230,330,330,355,355,371,371,470,470,485,360,374,374,67,67,67,82,82,3,3,3,31,31,31,31],"floor_reached":51,"playtime":1522,"items_purged":["Strike_G","Strike_G","Strike_G+1","Strike_G+1"],"score":798,"play_id":"86780b12-d68c-4717-b134-cd549736ebc1","local_time":"20181225235516","is_ascension_mode":false,"campfire_choices":[{"data":"Noxious Fumes","floor":6.0,"key":"SMITH"},{"data":"Neutralize","floor":11.0,"key":"SMITH"},{"data":"Strike_G","floor":13.0,"key":"SMITH"},{"data":"Strike_G","floor":15.0,"key":"SMITH"},{"data":"Night Terror","floor":23,"key":"SMITH"},{"data":"Survivor","floor":25,"key":"SMITH"},{"floor":28,"key":"REST"},{"floor":32,"key":"REST"},{"floor":40,"key":"REST"},{"floor":46,"key":"REST"},{"floor":49,"key":"REST"}],"neow_cost":"NONE","seed_source_timestamp":311210020147678,"circlet_count":0,"master_deck":["Defend_G+1","Survivor+1","Neutralize+1","Noxious Fumes+1","Night Terror+1"],"special_seed":0,"relics":["Ring of the Snake","Letter Opener","Darkstone Periapt","Bronze Scales","Juzu Bracelet","Busted Crown","Pantograph","Calipers","Toxic Egg 2","Potion Belt","Lizard Tail","Snake Skull","Shuriken","Sundial"],"potions_floor_usage":[27,47,50,50],"damage_taken":[{"damage":0.0,"enemies":"2 Louse","floor":1.0,"turns":2.0},{"damage":5.0,"enemies":"Small Slimes","floor":5.0,"turns":3.0},{"damage":1.0,"enemies":"Cultist","floor":7.0,"turns":4.0},{"damage":6.0,"enemies":"Exordium Thugs","floor":14.0,"turns":4.0},{"damage":29.0,"enemies":"Slime Boss","floor":16.0,"turns":10.0},{"damage":5.0,"enemies":"3 Byrds","floor":18.0,"turns":4.0},{"damage":15,"enemies":"Colosseum Slavers","floor":27,"turns":4},{"damage":36,"enemies":"Colosseum Nobs","floor":27,"turns":5},{"damage":22,"enemies":"Gremlin Leader","floor":29,"turns":5},{"damage":3,"enemies":"Spheric Guardian","floor":31,"turns":4},{"damage":26,"enemies":"Automaton","floor":33,"turns":8},{"damage":8,"enemies":"Orb Walker","floor":35,"turns":4},{"damage":8,"enemies":"3 Darklings","floor":37,"turns":4},{"damage":41,"enemies":"Transient","floor":42,"turns":5},{"damage":23,"enemies":"Reptomancer","floor":47,"turns":7},{"damage":20,"enemies":"Time Eater","floor":50,"turns":14}],"seed_played":"-8542425523751841491","potions_obtained":[{"floor":5.0,"key":"SteroidPotion"},{"floor":16.0,"key":"Regen Potion"},{"floor":27,"key":"GhostInAJar"},{"floor":29,"key":"Weak Potion"},{"floor":33,"key":"FearPotion"},{"floor":37,"key":"SteroidPotion"},{"floor":42,"key":"EssenceOfSteel"}],"is_trial":false,"path_per_floor":["M","$","?","?","M","R","M","T","T","?","R","T","R","M","R","B",null,"M","$","?","$","?","R","?","R","T","?","R","E","?","M","R","B",null,"M","$","M","?","$","R","?","M","T","$","?","R","E","?","R","B",null],"character_chosen":"THE_SILENT","items_purchased":["Noxious Fumes","Snake Skull","GhostInAJar"],"campfire_rested":5,"item_purchase_floors":[2,39,44],"current_hp_per_floor":[70,70,63,63,58,58,57,57,57,57,57,57,57,51,51,22,70,65,65,65,65,65,65,65,65,65,26,47,25,25,22,43,42,70,62,62,54,54,54,70,70,29,29,29,29,50,27,27,48,50],"gold":31,"neow_bonus":"REMOVE_CARD","is_prod":false,"is_daily":false,"chose_seed":false,"campfire_upgraded":6,"win_rate":0,"timestamp":1545778516,"path_taken":["M","$","?","?","?","R","M","?","T","?","R","?","R","M","R","BOSS","M","$","?","$","?","R","?","R","T","?","R","E","?","M","R","BOSS","M","$","M","?","$","R","?","M","T","$","?","R","E","?","R","BOSS"],"build_version":"2018-12-20","purchased_purges":4,"victory":true,"max_hp_per_floor":[70,70,70,70,70,70,70,70,70,70,70,70,70,70,70,70,70,70,70,70,70,70,70,70,70,70,70,70,70,70,70,70,70,70,70,70,70,70,70,70,70,70,70,70,70,70,70,70,70,70],"card_choices":[{"not_picked":["Bane","Escape Plan","PiercingWail"],"picked":"SKIP","floor":1.0},{"not_picked":["Quick Slash","Blade Dance","Acrobatics"],"picked":"SKIP","floor":5.0},{"not_picked":["Sucker Punch","Finisher","Underhanded Strike"],"picked":"SKIP","floor":7.0},{"not_picked":["Dash","Cloak And Dagger","Outmaneuver"],"picked":"SKIP","floor":14.0},{"not_picked":["Doppelganger","Corpse Explosion"],"picked":"Night Terror","floor":16.0},{"not_picked":["Deflect"],"picked":"SKIP","floor":18.0},{"not_picked":["Eviscerate"],"picked":"SKIP","floor":29},{"not_picked":["Deadly Poison+1"],"picked":"SKIP","floor":31},{"not_picked":["Reflex+1"],"picked":"SKIP","floor":35},{"not_picked":["Quick Slash"],"picked":"SKIP","floor":37},{"not_picked":["Flying Knee+1"],"picked":"SKIP","floor":42},{"not_picked":["Flying Knee"],"picked":"SKIP","floor":47}],"player_experience":546412,"relics_obtained":[{"floor":8.0,"key":"Darkstone Periapt"},{"floor":9.0,"key":"Bronze Scales"},{"floor":12.0,"key":"Juzu Bracelet"},{"floor":26,"key":"Pantograph"},{"floor":27,"key":"Calipers"},{"floor":27,"key":"Toxic Egg 2"},{"floor":29,"key":"Potion Belt"},{"floor":43,"key":"Shuriken"},{"floor":47,"key":"Sundial"}],"event_choices":[{"damage_healed":0.0,"max_hp_gain":0.0,"max_hp_loss":0.0,"gold_gain":0.0,"event_name":"Scrap Ooze","player_choice":"Success","floor":3.0,"gold_loss":0.0,"damage_taken":7.0,"relics_obtained":["Letter Opener"]},{"cards_removed":["Strike_G"],"damage_healed":0.0,"max_hp_gain":0.0,"max_hp_loss":0.0,"gold_gain":0.0,"event_name":"Bonfire Elementals","player_choice":"Offered Basic","floor":4.0,"gold_loss":0.0,"damage_taken":0.0},{"cards_removed":["Defend_G"],"damage_healed":0.0,"max_hp_gain":0.0,"max_hp_loss":0.0,"gold_gain":0.0,"event_name":"The Cleric","player_choice":"Card Removal","floor":10.0,"gold_loss":50.0,"damage_taken":0.0},{"damage_healed":0,"gold_gain":200,"player_choice":"Gold","damage_taken":0,"max_hp_gain":0,"max_hp_loss":0,"event_name":"Wheel of Change","floor":22,"gold_loss":0},{"cards_removed":["Defend_G"],"damage_healed":0,"gold_gain":0,"player_choice":"Elegance","damage_taken":0,"max_hp_gain":0,"max_hp_loss":0,"event_name":"Back to Basics","floor":24,"gold_loss":0},{"damage_healed":0,"gold_gain":0,"player_choice":"Fight","damage_taken":0,"max_hp_gain":0,"max_hp_loss":0,"event_name":"Colosseum","floor":27,"gold_loss":0},{"damage_healed":0,"gold_gain":0,"player_choice":"Fought Nobs","damage_taken":0,"max_hp_gain":0,"max_hp_loss":0,"event_name":"Colosseum","floor":27,"gold_loss":0},{"damage_healed":0,"gold_gain":0,"player_choice":"0 cards matched","damage_taken":0,"max_hp_gain":0,"max_hp_loss":0,"event_name":"Match and Keep!","floor":30,"gold_loss":0,"cards_obtained":[]},{"cards_removed":["Defend_G"],"damage_healed":0,"gold_gain":0,"player_choice":"Removed Skill","damage_taken":0,"max_hp_gain":0,"max_hp_loss":0,"event_name":"Falling","floor":38,"gold_loss":0},{"damage_healed":0,"gold_gain":0,"player_choice":"Ignored","damage_taken":0,"max_hp_gain":0,"max_hp_loss":0,"event_name":"Tomb of Lord Red Mask","floor":41,"gold_loss":0},{"damage_healed":0,"gold_gain":0,"player_choice":"Memory 1","damage_taken":0,"max_hp_gain":0,"max_hp_loss":0,"event_name":"SensoryStone","floor":45,"gold_loss":0},{"damage_healed":0,"gold_gain":0,"player_choice":"Upgraded","damage_taken":0,"max_hp_gain":0,"max_hp_loss":0,"event_name":"Upgrade Shrine","floor":48,"gold_loss":0,"cards_upgraded":["Defend_G"]}],"is_beta":false,"boss_relics":[{"not_picked":["Runic Dome","Black Star"],"picked":"Busted Crown"},{"not_picked":["White Beast Statue","Coffee Dripper"],"picked":"Lizard Tail"}],"items_purged_floors":[19,21,36,39],"is_endless":false,"potions_floor_spawned":[5,16,27,29,33,37,42],"ascension_level":0}