{"gold_per_floor":[116,134,3,3,14,14,164,164,164,229,229,18,18,45,45,122,122,141,141,155,172,185,185],"floor_reached":23,"playtime":784,"items_purged":["Strike_R"],"score":480,"play_id":"2a47f8f5-3a7b-4e51-8176-1b35c402be23","local_time":"20190610015719","is_ascension_mode":true,"campfire_choices":[{"data":"Bash","floor":6,"key":"SMITH"},{"data":"Feel No Pain","floor":11,"key":"SMITH"},{"data":"True Grit","floor":13,"key":"SMITH"},{"data":"Body Slam","floor":15,"key":"SMITH"}],"neow_cost":"PERCENT_DAMAGE","seed_source_timestamp":249339092194800,"circlet_count":0,"master_deck":["AscendersBane","Strike_R","Strike_R","Strike_R","Strike_R","Defend_R","Defend_R","Defend_R+1","Defend_R+1","Bash+1","Iron Wave","Body Slam+1","True Grit+1","Anger","Doubt","Feel No Pain+1","Demon Form+1","Clothesline","Flame Barrier","Heavy Blade+1","Clash"],"relics":["Burning Blood","Pear","Red Skull","Tiny Chest","Lee\u0027s Waffle","War Paint","Lizard Tail"],"potions_floor_usage":[16,18,21],"damage_taken":[{"damage":13,"enemies":"2 Louse","floor":1,"turns":3},{"damage":8,"enemies":"Jaw Worm","floor":2,"turns":4},{"damage":8,"enemies":"Small Slimes","floor":5,"turns":4},{"damage":24,"enemies":"Gremlin Nob","floor":10,"turns":4},{"damage":0,"enemies":"Slime Boss","floor":16,"turns":12},{"damage":43,"enemies":"Spheric Guardian","floor":18,"turns":8},{"damage":28,"enemies":"Shell Parasite","floor":20,"turns":8},{"damage":67,"enemies":"3 Cultists","floor":21,"turns":8},{"damage":6,"enemies":"Chosen and Byrds","floor":22,"turns":7},{"damage":53,"enemies":"Book of Stabbing","floor":23,"turns":5}],"seed_played":"-7382327243115569745","potions_obtained":[{"floor":2,"key":"PowerPotion"},{"floor":10,"key":"PowerPotion"},{"floor":16,"key":"Explosive Potion"},{"floor":21,"key":"Fire Potion"}],"is_trial":false,"path_per_floor":["M","M","$","?","M","R","?","?","T","E","R","$","R","T","R","B",null,"M","?","M","M","M","E"],"character_chosen":"IRONCLAD","items_purchased":["True Grit","Lee\u0027s Waffle"],"campfire_rested":0,"item_purchase_floors":[3,12],"current_hp_per_floor":[57,55,55,60,58,58,58,63,63,45,45,111,111,111,111,111,111,74,74,52,52,52,0],"gold":185,"neow_bonus":"TWENTY_PERCENT_HP_BONUS","is_prod":false,"is_daily":false,"chose_seed":false,"campfire_upgraded":4,"win_rate":0,"timestamp":1560124639,"path_taken":["M","M","$","?","M","R","?","?","T","E","R","$","R","?","R","BOSS","M","?","?","M","M","E"],"build_version":"2019-01-23","purchased_purges":1,"victory":false,"max_hp_per_floor":[89,89,89,99,99,99,99,104,104,104,104,111,111,111,111,111,111,111,111,111,111,111,111],"card_choices":[{"not_picked":["Thunderclap","Seeing Red"],"picked":"Iron Wave","floor":1},{"not_picked":["Seeing Red","Disarm"],"picked":"Body Slam","floor":2},{"not_picked":["Dropkick","Uppercut"],"picked":"Anger","floor":5},{"not_picked":["Body Slam","Limit Break"],"picked":"Feel No Pain","floor":10},{"not_picked":["Brutality","Feed"],"picked":"Demon Form","floor":16},{"not_picked":["Wild Strike","Infernal Blade"],"picked":"Clothesline","floor":18},{"not_picked":["Cleave","Clothesline"],"picked":"Flame Barrier","floor":20},{"not_picked":["Wild Strike","Flex"],"picked":"Heavy Blade+1","floor":21},{"not_picked":["Wild Strike","Sword Boomerang"],"picked":"Clash","floor":22}],"player_experience":1260469,"relics_obtained":[{"floor":9,"key":"Red Skull"},{"floor":10,"key":"Tiny Chest"},{"floor":14,"key":"War Paint"}],"event_choices":[{"damage_healed":0,"gold_gain":0,"player_choice":"Success","damage_taken":5,"relics_obtained":["Pear"],"max_hp_gain":0,"max_hp_loss":0,"event_name":"Scrap Ooze","floor":4,"gold_loss":0},{"damage_healed":0,"gold_gain":150,"player_choice":"AGREE","damage_taken":0,"max_hp_gain":0,"max_hp_loss":0,"event_name":"Liars Game","floor":7,"gold_loss":0,"cards_obtained":["Doubt"]},{"damage_healed":0,"gold_gain":0,"player_choice":"Donut","damage_taken":0,"max_hp_gain":5,"max_hp_loss":0,"event_name":"Big Fish","floor":8,"gold_loss":0},{"damage_healed":0,"gold_gain":0,"player_choice":"Upgraded","damage_taken":0,"max_hp_gain":0,"max_hp_loss":0,"event_name":"Upgrade Shrine","floor":19,"gold_loss":0,"cards_upgraded":["Demon Form"]}],"is_beta":false,"boss_relics":[{"not_picked":["Sozu","Runic Pyramid"],"picked":"Lizard Tail"}],"items_purged_floors":[3],"is_endless":false,"potions_floor_spawned":[2,10,16,21],"killed_by":"Book of Stabbing","ascension_level":16}