{"gold_per_floor":[113,113,113,38,113,113,13,13,87,122,222,241,274,294,294,395,395,395],"floor_reached":18,"playtime":431,"items_purged":["Strike_R","Strike_R"],"score":193,"play_id":"8a1c5b15-11d5-49f8-b65e-d246e3d88eae","local_time":"20191010233936","is_ascension_mode":false,"campfire_choices":[{"data":"Bash","floor":6.0,"key":"SMITH"},{"data":"Defend_R","floor":8.0,"key":"SMITH"},{"data":"Immolate","floor":15.0,"key":"SMITH"}],"neow_cost":"NONE","seed_source_timestamp":0,"circlet_count":0,"master_deck":["Strike_R","Strike_R","Strike_R","Defend_R","Defend_R","Defend_R+1","Bash+1","Clash","Immolate+1","Double Tap"],"special_seed":0,"relics":["Burning Blood","NeowsBlessing","Pantograph","Ancient Tea Set","Question Card","SacredBark"],"potions_floor_usage":[],"damage_taken":[{"damage":0.0,"enemies":"Jaw Worm","floor":1.0,"turns":1.0},{"damage":0.0,"enemies":"Cultist","floor":3.0,"turns":1.0},{"damage":0.0,"enemies":"Lagavulin","floor":10.0,"turns":1.0},{"damage":2.0,"enemies":"Small Slimes","floor":12.0,"turns":4.0},{"damage":26.0,"enemies":"3 Sentries","floor":13.0,"turns":10.0},{"damage":7.0,"enemies":"Exordium Thugs","floor":14.0,"turns":2.0},{"damage":55.0,"enemies":"The Guardian","floor":16.0,"turns":11.0},{"damage":0,"enemies":"Spheric Guardian","floor":18,"turns":2}],"seed_played":"-2974424995414168506","potions_obtained":[{"floor":10.0,"key":"Ancient Potion"},{"floor":14.0,"key":"EntropicBrew"},{"floor":16.0,"key":"FearPotion"}],"is_trial":false,"path_per_floor":["M","?","M","$","?","R","$","R","T","E","?","M","E","M","R","B",null,"M"],"character_chosen":"IRONCLAD","items_purchased":[],"campfire_rested":0,"item_purchase_floors":[],"current_hp_per_floor":[80,80,80,80,69,69,69,69,69,75,75,79,59,58,58,31,80,80],"gold":395,"neow_bonus":"THREE_ENEMY_KILL","is_prod":false,"is_daily":false,"chose_seed":false,"campfire_upgraded":3,"win_rate":0,"timestamp":1570772376,"path_taken":["M","?","?","$","?","R","?","R","T","E","?","M","E","?","R","BOSS","M"],"build_version":"2019-10-10","purchased_purges":2,"victory":false,"max_hp_per_floor":[80,80,80,80,80,80,80,80,80,80,80,80,80,80,80,80,80,80],"card_choices":[{"not_picked":["True Grit","Heavy Blade","Perfected Strike"],"picked":"SKIP","floor":1.0},{"not_picked":["Pommel Strike","Anger","Twin Strike"],"picked":"SKIP","floor":3.0},{"not_picked":["Intimidate","Perfected Strike","Dropkick"],"picked":"SKIP","floor":10.0},{"not_picked":["Sword Boomerang","Iron Wave"],"picked":"Clash","floor":12.0},{"not_picked":["True Grit","Twin Strike"],"picked":"Immolate","floor":13.0},{"not_picked":["Sword Boomerang","Havoc","Rupture","Armaments"],"picked":"SKIP","floor":14.0},{"not_picked":["Reaper","Limit Break","Impervious"],"picked":"Double Tap","floor":16.0}],"player_experience":1600082,"relics_obtained":[{"floor":9.0,"key":"Pantograph"},{"floor":10.0,"key":"Ancient Tea Set"},{"floor":13.0,"key":"Question Card"}],"event_choices":[{"cards_removed":["Defend_R"],"damage_healed":0.0,"max_hp_gain":0.0,"max_hp_loss":0.0,"gold_gain":0.0,"event_name":"Purifier","player_choice":"Purged","floor":2.0,"gold_loss":0.0,"damage_taken":0.0},{"damage_healed":0.0,"max_hp_gain":0.0,"max_hp_loss":0.0,"gold_gain":75.0,"event_name":"World of Goop","player_choice":"Gather Gold","floor":5.0,"gold_loss":0.0,"damage_taken":11.0},{"damage_healed":0.0,"max_hp_gain":0.0,"max_hp_loss":0.0,"gold_gain":100.0,"event_name":"Wheel of Change","player_choice":"Gold","floor":11.0,"gold_loss":0.0,"damage_taken":0.0}],"is_beta":true,"boss_relics":[{"not_picked":["Runic Cube","Black Star"],"picked":"SacredBark"}],"items_purged_floors":[4,7],"is_endless":false,"potions_floor_spawned":[10,14,16],"killed_by":"Spheric Guardian","ascension_level":0}