{"gold_per_floor":[119,119,119,44,44,44,57,57,57,57,81,97,97,113,113,208,208,224,64,64,64,89,89,39,39,63,63,81,81,112,112,112,208,208,231,52,72,72],"floor_reached":38,"playtime":1006,"items_purged":["Strike_R","Shame"],"score":818,"play_id":"f3a0b4b5-5858-45b6-8bcd-4ad3823efa86","local_time":"20190814163614","is_ascension_mode":true,"campfire_choices":[{"data":"Power Through","floor":6,"key":"SMITH"},{"data":"True Grit","floor":8,"key":"SMITH"},{"floor":10,"key":"REST"},{"data":"Sword Boomerang","floor":15,"key":"SMITH"},{"data":"Bludgeon","floor":23,"key":"SMITH"},{"data":"Armaments","floor":25,"key":"SMITH"},{"data":"Feel No Pain","floor":27,"key":"SMITH"},{"data":"Metallicize","floor":29,"key":"SMITH"},{"floor":32,"key":"REST"}],"neow_cost":"PERCENT_DAMAGE","seed_source_timestamp":41163057139400,"circlet_count":0,"master_deck":["AscendersBane","Strike_R+1","Defend_R","Defend_R","Defend_R","Defend_R+1","Bash+1","Power Through+1","Injury","True Grit+1","Cleave+1","Sword Boomerang+1","Bludgeon+1","Feel No Pain+1","Metallicize+1","Uppercut","Sever Soul","Disarm","Armaments+1","Injury","Second Wind","Rampage","Necronomicurse","Limit Break","Parasite","Clumsy","Writhe","Whirlwind+1","Uppercut+1","Burning Pact+1"],"relics":["Burning Blood","Du-Vu Doll","Golden Idol","Mummified Hand","Boot","Cursed Key","Regal Pillow","Art of War","Incense Burner","Necronomicon","Calling Bell","Happy Flower","Molten Egg 2","Nunchaku"],"potions_floor_usage":[16,16,33,35],"damage_taken":[{"damage":3,"enemies":"2 Louse","floor":1,"turns":3},{"damage":3,"enemies":"Small Slimes","floor":7,"turns":5},{"damage":5,"enemies":"Jaw Worm","floor":12,"turns":4},{"damage":3,"enemies":"Blue Slaver","floor":14,"turns":5},{"damage":46,"enemies":"Slime Boss","floor":16,"turns":10},{"damage":8,"enemies":"3 Byrds","floor":18,"turns":6},{"damage":2,"enemies":"Spheric Guardian","floor":22,"turns":3},{"damage":0,"enemies":"Snake Plant","floor":28,"turns":1},{"damage":45,"enemies":"Slavers","floor":30,"turns":6},{"damage":26,"enemies":"Champ","floor":33,"turns":8},{"damage":34,"enemies":"3 Darklings","floor":35,"turns":7},{"damage":5,"enemies":"3 Shapes","floor":37,"turns":3},{"damage":37,"enemies":"Jaw Worm Horde","floor":38,"turns":2}],"seed_played":"3448840759815618961","potions_obtained":[{"floor":1,"key":"GamblersBrew"},{"floor":12,"key":"SpeedPotion"},{"floor":16,"key":"GamblersBrew"},{"floor":33,"key":"Block Potion"},{"floor":35,"key":"EssenceOfSteel"}],"is_trial":false,"path_per_floor":["M","?","?","?","?","R","M","R","T","R","T","M","?","M","R","B",null,"M","$","?","?","M","R","$","R","T","R","M","R","E","?","R","B",null,"M","$","M","M"],"character_chosen":"IRONCLAD","items_purchased":["Metallicize","Armaments","Uppercut+1"],"campfire_rested":2,"item_purchase_floors":[19,24,36],"current_hp_per_floor":[53,53,53,53,30,30,33,33,33,55,55,56,56,59,59,19,61,59,59,59,59,63,63,63,63,63,63,69,69,30,9,46,26,63,35,35,36,0],"gold":72,"neow_bonus":"ONE_RARE_RELIC","is_prod":false,"is_daily":false,"chose_seed":false,"campfire_upgraded":7,"win_rate":0,"timestamp":1565793374,"path_taken":["M","?","?","?","?","R","M","R","T","R","?","?","?","M","R","BOSS","M","$","?","?","M","R","$","R","T","R","M","R","E","?","R","BOSS","M","$","M","M"],"build_version":"2019-07-17","purchased_purges":2,"victory":false,"max_hp_per_floor":[75,75,75,75,75,75,75,75,75,75,75,75,75,75,75,75,75,75,75,75,75,75,75,75,75,75,75,75,75,75,75,75,75,75,75,75,75,75],"card_choices":[{"not_picked":["Warcry","Reckless Charge"],"picked":"Power Through","floor":1},{"not_picked":["Uppercut","Twin Strike"],"picked":"True Grit","floor":7},{"not_picked":["Intimidate","Searing Blow"],"picked":"Cleave","floor":12},{"not_picked":["Fire Breathing","Cleave"],"picked":"Sword Boomerang","floor":14},{"not_picked":["Reaper","Immolate"],"picked":"Bludgeon","floor":16},{"not_picked":["Havoc","Power Through"],"picked":"Feel No Pain","floor":18},{"not_picked":["Havoc","Sword Boomerang"],"picked":"Disarm","floor":22},{"not_picked":["Metallicize","Iron Wave"],"picked":"Second Wind","floor":28},{"not_picked":["Heavy Blade","Headbutt"],"picked":"Rampage","floor":30},{"not_picked":["Feed","Reaper"],"picked":"Limit Break","floor":33},{"not_picked":["Twin Strike+1","Warcry+1"],"picked":"Whirlwind+1","floor":35},{"not_picked":["Clothesline+1","True Grit"],"picked":"Burning Pact+1","floor":37}],"player_experience":1881349,"relics_obtained":[{"floor":9,"key":"Mummified Hand"},{"floor":11,"key":"Boot"},{"floor":26,"key":"Art of War"},{"floor":30,"key":"Incense Burner"},{"floor":31,"key":"Necronomicon"},{"floor":34,"key":"Happy Flower"},{"floor":34,"key":"Molten Egg 2"},{"floor":34,"key":"Nunchaku"}],"event_choices":[{"damage_healed":0,"gold_gain":0,"player_choice":"Grow","damage_taken":0,"max_hp_gain":0,"max_hp_loss":0,"event_name":"Living Wall","floor":2,"gold_loss":0,"cards_upgraded":["Bash"]},{"damage_healed":0,"gold_gain":0,"player_choice":"Take Wound","damage_taken":0,"relics_obtained":["Golden Idol"],"max_hp_gain":0,"max_hp_loss":0,"event_name":"Golden Idol","floor":3,"gold_loss":0,"cards_obtained":["Injury"]},{"cards_removed":["Strike_R"],"damage_healed":0,"gold_gain":0,"player_choice":"Card Removal","damage_taken":0,"max_hp_gain":0,"max_hp_loss":0,"event_name":"The Cleric","floor":4,"gold_loss":75},{"damage_healed":0,"gold_gain":0,"player_choice":"Entered Light","damage_taken":23,"max_hp_gain":0,"max_hp_loss":0,"event_name":"Shining Light","floor":5,"gold_loss":0,"cards_upgraded":["Strike_R","Defend_R"]},{"damage_healed":0,"gold_gain":0,"player_choice":"Forge","damage_taken":0,"max_hp_gain":0,"max_hp_loss":0,"event_name":"Accursed Blacksmith","floor":13,"gold_loss":0,"cards_upgraded":["Cleave"]},{"damage_healed":0,"gold_gain":0,"cards_transformed":["Strike_R","Strike_R"],"player_choice":"Became Test Subject","damage_taken":0,"max_hp_gain":0,"max_hp_loss":0,"event_name":"Drug Dealer","floor":20,"gold_loss":0,"cards_obtained":["Uppercut","Sever Soul"]},{"damage_healed":0,"gold_gain":0,"player_choice":"Stole Relic","damage_taken":0,"relics_obtained":["Regal Pillow"],"max_hp_gain":0,"max_hp_loss":0,"event_name":"Addict","floor":21,"gold_loss":0,"cards_obtained":["Shame"]},{"damage_healed":0,"gold_gain":0,"player_choice":"Obtained Book","damage_taken":21,"max_hp_gain":0,"max_hp_loss":0,"event_name":"Cursed Tome","floor":31,"gold_loss":0}],"is_beta":false,"boss_relics":[{"not_picked":["Empty Cage","White Beast Statue"],"picked":"Cursed Key"},{"not_picked":["Tiny House","Runic Dome"],"picked":"Calling Bell"}],"items_purged_floors":[19,36],"is_endless":false,"potions_floor_spawned":[1,12,16,33,35],"killed_by":"Jaw Worm Horde","ascension_level":18}