{"gold_per_floor":[111,126,51,51,71,128,138,138,138,152,152,183,20,20,20,96,96,114,128,148,148,167,167,193,193,193,193,193,193],"floor_reached":29,"playtime":832,"items_purged":[],"score":506,"play_id":"f004acb6-942d-43ed-9b6a-f1bfb92e7311","local_time":"20190428191852","is_ascension_mode":true,"campfire_choices":[{"floor":8.0,"key":"REST"},{"data":"Chaos","floor":11.0,"key":"SMITH"},{"data":"Chaos","floor":15.0,"key":"SMITH"},{"floor":23.0,"key":"REST"},{"floor":28,"key":"REST"}],"neow_cost":"NONE","seed_source_timestamp":1384679782731744,"circlet_count":0,"master_deck":["AscendersBane","Strike_B","Strike_B","Strike_B","Defend_B","Defend_B","Defend_B","Defend_B","Zap","Dualcast","Melter","Genetic Algorithm","Doom and Gloom","Echo Form","Gash","Chaos+1","Chaos+1","Seek","Coolheaded","Conserve Battery","Ball Lightning","Ghostly","Ghostly","Ghostly","Compile Driver+1","Undo"],"special_seed":0,"relics":["Velvet Choker","Tiny Chest","Ancient Tea Set","Ornamental Fan","DataDisk","Smiling Mask","Cursed Key","Juzu Bracelet","CultistMask","Bottled Tornado"],"potions_floor_usage":[24],"damage_taken":[{"damage":5.0,"enemies":"Small Slimes","floor":1.0,"turns":4.0},{"damage":1.0,"enemies":"2 Louse","floor":2.0,"turns":2.0},{"damage":1.0,"enemies":"Cultist","floor":5.0,"turns":4.0},{"damage":20.0,"enemies":"Gremlin Nob","floor":6.0,"turns":4.0},{"damage":19.0,"enemies":"Lots of Slimes","floor":7.0,"turns":3.0},{"damage":8.0,"enemies":"Blue Slaver","floor":10.0,"turns":4.0},{"damage":3.0,"enemies":"3 Sentries","floor":12.0,"turns":4.0},{"damage":11.0,"enemies":"The Guardian","floor":16.0,"turns":9.0},{"damage":0.0,"enemies":"Spheric Guardian","floor":18.0,"turns":1.0},{"damage":6.0,"enemies":"Chosen","floor":19.0,"turns":5.0},{"damage":13.0,"enemies":"Snake Plant","floor":20.0,"turns":4.0},{"damage":29.0,"enemies":"Shelled Parasite and Fungi","floor":22.0,"turns":6.0},{"damage":12,"enemies":"Gremlin Leader","floor":24,"turns":6},{"damage":21,"enemies":"Slavers","floor":29,"turns":1}],"seed_played":"6360734732482589980","potions_obtained":[{"floor":1.0,"key":"Block Potion"},{"floor":4.0,"key":"Fruit Juice"},{"floor":4.0,"key":"Energy Potion"},{"floor":6.0,"key":"Strength Potion"},{"floor":10.0,"key":"Fire Potion"},{"floor":12.0,"key":"EssenceOfSteel"},{"floor":18.0,"key":"Weak Potion"},{"floor":22.0,"key":"Energy Potion"}],"is_trial":false,"path_per_floor":["M","M","?","?","M","E","M","R","T","M","R","E","$","T","R","B",null,"M","M","M","?","M","R","E","?","T","?","R","E"],"character_chosen":"DEFECT","items_purchased":["DataDisk"],"campfire_rested":3,"item_purchase_floors":[13],"current_hp_per_floor":[59,58,58,63,62,42,23,45,45,37,37,34,34,34,34,23,63,63,57,44,38,9,20,8,8,8,8,19,0],"gold":193,"neow_bonus":"BOSS_RELIC","is_prod":false,"is_daily":false,"chose_seed":false,"campfire_upgraded":2,"win_rate":0,"timestamp":1556471932,"path_taken":["M","M","?","?","?","E","M","R","T","M","R","E","$","?","R","BOSS","M","M","M","?","M","R","E","?","T","?","R","E"],"build_version":"2019-01-23","purchased_purges":0,"victory":false,"max_hp_per_floor":[71,71,71,76,76,76,76,76,76,76,76,76,76,76,76,76,76,76,76,76,38,38,38,38,38,38,38,38,38],"card_choices":[{"not_picked":["Redo","Hologram"],"picked":"Melter","floor":1.0},{"not_picked":["Force Field","Coolheaded"],"picked":"Genetic Algorithm","floor":2.0},{"not_picked":["Fusion","Hologram"],"picked":"Doom and Gloom","floor":5.0},{"not_picked":["Force Field","Darkness"],"picked":"Echo Form","floor":6.0},{"not_picked":["Rebound","Stack"],"picked":"Gash","floor":7.0},{"not_picked":["Hologram","Turbo"],"picked":"Chaos","floor":10.0},{"not_picked":["Redo","Stack"],"picked":"Chaos","floor":12.0},{"not_picked":["Buffer","Reboot"],"picked":"Seek","floor":16.0},{"not_picked":["Rebound","Redo"],"picked":"Coolheaded","floor":18.0},{"not_picked":["Fusion","Rebound"],"picked":"Conserve Battery","floor":19.0},{"not_picked":["FTL","Beam Cell"],"picked":"Ball Lightning","floor":20.0},{"not_picked":["Gash+1","Reprogram"],"picked":"Compile Driver+1","floor":22.0},{"not_picked":["Tempest","Blizzard"],"picked":"Undo","floor":24}],"player_experience":778435,"relics_obtained":[{"floor":6.0,"key":"Tiny Chest"},{"floor":9.0,"key":"Ancient Tea Set"},{"floor":12.0,"key":"Ornamental Fan"},{"floor":14.0,"key":"Smiling Mask"},{"floor":24,"key":"Juzu Bracelet"},{"floor":26,"key":"Bottled Tornado"}],"event_choices":[{"cards_removed":["Strike_B"],"damage_healed":0.0,"max_hp_gain":0.0,"max_hp_loss":0.0,"gold_gain":0.0,"event_name":"The Cleric","player_choice":"Card Removal","floor":3.0,"gold_loss":75.0,"damage_taken":0.0},{"damage_healed":0.0,"max_hp_gain":0.0,"max_hp_loss":0.0,"gold_gain":0.0,"event_name":"Lab","player_choice":"Got Potions","floor":4.0,"gold_loss":0.0,"damage_taken":0.0},{"damage_healed":0.0,"max_hp_gain":0.0,"max_hp_loss":38.0,"gold_gain":0.0,"event_name":"Ghosts","player_choice":"Became a Ghost","floor":21.0,"gold_loss":0.0,"damage_taken":0.0,"cards_obtained":["Ghostly","Ghostly","Ghostly"]},{"damage_healed":0,"gold_gain":0,"player_choice":"Trade","damage_taken":0,"relics_obtained":["CultistMask"],"max_hp_gain":0,"max_hp_loss":0,"event_name":"FaceTrader","floor":25,"gold_loss":0},{"cards_removed":["Doubt"],"damage_healed":0,"gold_gain":0,"player_choice":"Elegance","damage_taken":0,"max_hp_gain":0,"max_hp_loss":0,"event_name":"Back to Basics","floor":27,"gold_loss":0}],"is_beta":false,"boss_relics":[{"not_picked":["Snecko Eye","White Beast Statue"],"picked":"Cursed Key"}],"items_purged_floors":[],"is_endless":false,"potions_floor_spawned":[1,6,10,12,18,22],"killed_by":"Slavers","ascension_level":20}