{"gold_per_floor":[114,128,143,0,0,0,31,31,58,84,84,109,109,121,121,200,200,218,218,228,228],"floor_reached":21,"playtime":1094,"items_purged":["Strike_B"],"score":345,"play_id":"95ac2a67-841b-43f0-896c-47d01ba30d32","local_time":"20181001181846","is_ascension_mode":true,"campfire_choices":[{"data":"Reinforced Body","floor":6,"key":"SMITH"},{"data":"Defragment","floor":8,"key":"SMITH"},{"data":"Conserve Battery","floor":11,"key":"SMITH"},{"floor":15,"key":"REST"}],"neow_cost":"NONE","seed_source_timestamp":422355324065919,"circlet_count":0,"master_deck":["Strike_B","Strike_B","Strike_B","Defend_B","Defend_B","Defend_B","Defend_B","Zap","Dualcast","AscendersBane","Meteor Strike","Defragment+1","Cold Snap","Conserve Battery+1","Reinforced Body+1","Decay","Self Repair","Doom and Gloom","Chaos","Streamline","Redo","Echo Form","Defragment"],"relics":["Cracked Core","Dream Catcher","Art of War","Bird Faced Urn","The Courier","Inserter"],"potions_floor_usage":[10,10],"damage_taken":[{"damage":4,"enemies":"Small Slimes","floor":1,"turns":3},{"damage":0,"enemies":"Cultist","floor":2,"turns":3},{"damage":7,"enemies":"2 Louse","floor":3,"turns":3},{"damage":14,"enemies":"3 Sentries","floor":7,"turns":10},{"damage":20,"enemies":"Lagavulin","floor":10,"turns":6},{"damage":27,"enemies":"Gremlin Nob","floor":12,"turns":5},{"damage":2,"enemies":"2 Fungi Beasts","floor":14,"turns":4},{"damage":17,"enemies":"Hexaghost","floor":16,"turns":11},{"damage":36,"enemies":"Spheric Guardian","floor":18,"turns":6},{"damage":32,"enemies":"Shell Parasite","floor":20,"turns":9},{"damage":31,"enemies":"Cultist and Chosen","floor":21,"turns":6}],"seed_played":"6786960294585150701","potions_obtained":[{"floor":1,"key":"FearPotion"},{"floor":3,"key":"Poison Potion"}],"is_trial":false,"path_per_floor":["M","M","M","$","?","R","E","R","T","E","R","E","?","M","R","B",null,"M","?","M"],"character_chosen":"DEFECT","items_purchased":["Reinforced Body"],"campfire_rested":1,"item_purchase_floors":[4],"current_hp_per_floor":[60,60,53,53,53,53,39,39,39,26,26,10,10,19,40,34,62,39,39,18,0],"gold":228,"neow_bonus":"ONE_RANDOM_RARE_CARD","is_prod":false,"is_daily":false,"chose_seed":false,"campfire_upgraded":3,"win_rate":0,"timestamp":1538414326,"path_taken":["M","M","M","$","?","R","E","R","T","E","R","E","?","M","R","BOSS","M","?","?","M"],"build_version":"2018-09-27","purchased_purges":1,"victory":false,"max_hp_per_floor":[71,71,71,71,71,71,71,71,71,71,71,71,71,71,71,71,71,71,71,71,71],"card_choices":[{"not_picked":["Loop","Beam Cell"],"picked":"Defragment","floor":1},{"not_picked":["Chaos","Sweeping Beam"],"picked":"Cold Snap","floor":2},{"not_picked":["Steam Power","Force Field"],"picked":"Conserve Battery","floor":3},{"not_picked":["Beam Cell","Fission"],"picked":"Self Repair","floor":7},{"not_picked":["Meteor Strike","Conserve Battery"],"picked":"Doom and Gloom","floor":10},{"not_picked":["Beam Cell","FTL"],"picked":"Chaos","floor":12},{"not_picked":["Stack","Tempest"],"picked":"Streamline","floor":14},{"not_picked":["Barrage","Self Repair"],"picked":"Redo","floor":15},{"not_picked":["All For One","Fission"],"picked":"Echo Form","floor":16},{"not_picked":["Fusion","Go for the Eyes","Blizzard"],"picked":"SKIP","floor":18},{"not_picked":["Go for the Eyes","Redo"],"picked":"Defragment","floor":20}],"player_experience":789169,"relics_obtained":[{"floor":7,"key":"Dream Catcher"},{"floor":9,"key":"Art of War"},{"floor":10,"key":"Bird Faced Urn"},{"floor":12,"key":"The Courier"}],"event_choices":[{"event_name":"Wheel of Change","player_choice":"Curse","floor":5,"damage_taken":0},{"event_name":"Shining Light","player_choice":"Ignored","floor":13,"damage_taken":0},{"event_name":"N\u0027loth","player_choice":"Ignored","floor":19,"damage_taken":0}],"is_beta":false,"boss_relics":[{"not_picked":["Tiny House","Nuclear Battery"],"picked":"Inserter"}],"items_purged_floors":[4],"is_endless":false,"potions_floor_spawned":[1,3,7],"killed_by":"Cultist and Chosen","ascension_level":15}