{"gold_per_floor":[369,444,444,41,52,52,71,103,129,146,146,160,173,123,123,226,226,226],"floor_reached":18,"playtime":696,"items_purged":["Strike_R"],"score":254,"play_id":"5373f0dc-82d1-41a2-8ff3-c59e7f091f75","local_time":"20190920204410","is_ascension_mode":true,"campfire_choices":[{"data":"Pommel Strike","floor":6,"key":"SMITH"},{"data":"True Grit","floor":11,"key":"SMITH"},{"floor":15,"key":"REST"}],"neow_cost":"CURSE","seed_source_timestamp":819314148510156,"circlet_count":0,"master_deck":["AscendersBane","Strike_R","Strike_R","Strike_R","Defend_R","Defend_R","Defend_R","Defend_R","Bash","Disarm","Bludgeon","Pommel Strike+1","Infernal Blade","Battle Trance","True Grit+1","Anger","Reaper"],"relics":["Burning Blood","Happy Flower","Regal Pillow","Omamori","Runic Pyramid"],"potions_floor_usage":[8,16,16],"damage_taken":[{"damage":11,"enemies":"Small Slimes","floor":1,"turns":5},{"damage":8,"enemies":"2 Louse","floor":5,"turns":3},{"damage":9,"enemies":"Jaw Worm","floor":7,"turns":3},{"damage":25,"enemies":"3 Sentries","floor":8,"turns":6},{"damage":1,"enemies":"Looter","floor":10,"turns":3},{"damage":15,"enemies":"Exordium Wildlife","floor":12,"turns":5},{"damage":0,"enemies":"Large Slime","floor":13,"turns":4},{"damage":27,"enemies":"Hexaghost","floor":16,"turns":8},{"damage":12,"enemies":"Chosen","floor":18,"turns":4}],"seed_played":"-1942431405843841182","potions_obtained":[{"floor":12,"key":"DuplicationPotion"}],"is_trial":false,"path_per_floor":["M","?","?","$","M","R","M","E","T","M","R","M","M","?","R","B",null,"M"],"character_chosen":"IRONCLAD","items_purchased":["Happy Flower","Bludgeon","PowerPotion","Weak Potion"],"campfire_rested":1,"item_purchase_floors":[4,4,4,4],"current_hp_per_floor":[67,56,49,49,47,47,44,25,25,30,30,21,27,27,66,45,71,71],"gold":226,"neow_bonus":"TWO_FIFTY_GOLD","is_prod":false,"is_daily":false,"chose_seed":false,"campfire_upgraded":2,"win_rate":0,"timestamp":1569026650,"path_taken":["M","?","?","$","M","R","M","E","T","M","R","M","M","?","R","BOSS","M"],"build_version":"2019-09-20","purchased_purges":1,"victory":false,"max_hp_per_floor":[80,80,80,80,80,80,80,80,80,80,80,80,80,80,80,80,80,80],"card_choices":[{"not_picked":["Pommel Strike","Intimidate"],"picked":"Disarm","floor":1},{"not_picked":["Perfected Strike","Second Wind"],"picked":"Pommel Strike","floor":5},{"not_picked":["Body Slam","Havoc"],"picked":"Infernal Blade","floor":7},{"not_picked":["Disarm","Hemokinesis"],"picked":"Battle Trance","floor":8},{"not_picked":["Warcry","Shrug It Off"],"picked":"True Grit","floor":10},{"not_picked":["Infernal Blade","Limit Break","Hemokinesis"],"picked":"SKIP","floor":12},{"not_picked":["Sentinel","Shrug It Off"],"picked":"Anger","floor":13},{"not_picked":["Demon Form","Exhume"],"picked":"Reaper","floor":16}],"player_experience":412752,"relics_obtained":[{"floor":8,"key":"Regal Pillow"},{"floor":9,"key":"Omamori"}],"event_choices":[{"damage_healed":0,"gold_gain":75,"player_choice":"Gather Gold","damage_taken":11,"max_hp_gain":0,"max_hp_loss":0,"event_name":"World of Goop","floor":2,"gold_loss":0},{"cards_removed":["Writhe"],"damage_healed":0,"gold_gain":0,"player_choice":"Card Removal","damage_taken":7,"max_hp_gain":0,"max_hp_loss":0,"event_name":"Golden Wing","floor":3,"gold_loss":0},{"cards_removed":["Strike_R"],"damage_healed":0,"gold_gain":0,"player_choice":"Card Removal","damage_taken":0,"max_hp_gain":0,"max_hp_loss":0,"event_name":"The Cleric","floor":14,"gold_loss":50}],"is_beta":true,"boss_relics":[{"not_picked":["Astrolabe","Snecko Eye"],"picked":"Runic Pyramid"}],"items_purged_floors":[4],"is_endless":false,"potions_floor_spawned":[5,12],"killed_by":"Chosen","ascension_level":11}