{"gold_per_floor":[114,126,201,351,400,429,429,489,514,527,561,561,589,589,589,589],"floor_reached":16,"playtime":431,"items_purged":[],"score":287,"play_id":"883e86c7-d9d7-4ca1-a6c2-206b392764c0","local_time":"20190808155844","is_ascension_mode":true,"campfire_choices":[{"data":"Demon Form","floor":7,"key":"SMITH"},{"data":"Spot Weakness","floor":12,"key":"SMITH"},{"data":"Seeing Red","floor":15,"key":"SMITH"}],"neow_cost":"NONE","seed_source_timestamp":515053110014400,"circlet_count":0,"master_deck":["AscendersBane","Strike_R","Strike_R+1","Strike_R+1","Strike_R","Strike_R","Defend_R+1","Defend_R","Defend_R","Defend_R","Bash","Flex+1","Thunderclap","Doubt","Demon Form+1","Anger","Spot Weakness+1","Anger","Seeing Red+1"],"relics":["Burning Blood","NeowsBlessing","Orichalcum","Whetstone","Tiny Chest","War Paint","Potion Belt","Ancient Tea Set","Dream Catcher"],"potions_floor_usage":[11,16,16],"damage_taken":[{"damage":0,"enemies":"Jaw Worm","floor":1,"turns":1},{"damage":0,"enemies":"Small Slimes","floor":2,"turns":1},{"damage":0,"enemies":"Lagavulin","floor":6,"turns":1},{"damage":21,"enemies":"3 Sentries","floor":8,"turns":8},{"damage":1,"enemies":"2 Louse","floor":10,"turns":3},{"damage":29,"enemies":"Lagavulin","floor":11,"turns":6},{"damage":30,"enemies":"3 Sentries","floor":13,"turns":9},{"damage":13,"enemies":"Hexaghost","floor":16,"turns":4}],"seed_played":"2214429280059720034","potions_obtained":[{"floor":6,"key":"PowerPotion"},{"floor":8,"key":"SpeedPotion"},{"floor":10,"key":"SkillPotion"},{"floor":13,"key":"Energy Potion"}],"is_trial":false,"path_per_floor":["M","M","?","?","T","E","R","E","T","M","E","R","E","T","R","B"],"character_chosen":"IRONCLAD","items_purchased":[],"campfire_rested":0,"item_purchase_floors":[],"current_hp_per_floor":[74,75,64,64,64,70,70,55,55,60,37,37,13,13,13,0],"gold":589,"neow_bonus":"THREE_ENEMY_KILL","is_prod":false,"is_daily":false,"chose_seed":false,"campfire_upgraded":3,"win_rate":0,"timestamp":1565272724,"path_taken":["M","M","?","?","?","E","R","E","T","M","E","R","E","?","R","BOSS"],"build_version":"2019-07-17","purchased_purges":0,"victory":false,"max_hp_per_floor":[75,75,75,75,75,75,75,75,75,75,75,75,75,75,75,75],"card_choices":[{"not_picked":["Iron Wave","Fire Breathing"],"picked":"Flex","floor":1},{"not_picked":["Twin Strike","Sword Boomerang"],"picked":"Thunderclap","floor":2},{"not_picked":["Shrug It Off","Heavy Blade"],"picked":"Demon Form","floor":6},{"not_picked":["Intimidate","Iron Wave"],"picked":"Anger","floor":8},{"not_picked":["Anger","Dropkick"],"picked":"Spot Weakness","floor":10},{"not_picked":["Uppercut","Cleave"],"picked":"Anger","floor":11},{"not_picked":["Dropkick","Clash"],"picked":"Seeing Red","floor":13}],"player_experience":1819475,"relics_obtained":[{"floor":5,"key":"Orichalcum"},{"floor":6,"key":"Whetstone"},{"floor":8,"key":"Tiny Chest"},{"floor":9,"key":"War Paint"},{"floor":11,"key":"Potion Belt"},{"floor":13,"key":"Ancient Tea Set"},{"floor":14,"key":"Dream Catcher"}],"event_choices":[{"damage_healed":0,"gold_gain":75,"player_choice":"Gather Gold","damage_taken":11,"max_hp_gain":0,"max_hp_loss":0,"event_name":"World of Goop","floor":3,"gold_loss":0},{"damage_healed":0,"gold_gain":150,"player_choice":"AGREE","damage_taken":0,"max_hp_gain":0,"max_hp_loss":0,"event_name":"Liars Game","floor":4,"gold_loss":0,"cards_obtained":["Doubt"]}],"is_beta":false,"boss_relics":[],"items_purged_floors":[],"is_endless":false,"potions_floor_spawned":[6,8,10,13],"killed_by":"Hexaghost","ascension_level":18}