{"gold_per_floor":[10,160,179,179,32,42,67,88,88,13,13,40,40,58,58,58],"floor_reached":16,"playtime":652,"items_purged":["Doubt"],"score":189,"play_id":"9e5aa0f4-c28c-43ff-a56e-1b364f986b44","local_time":"20190423150535","is_ascension_mode":true,"campfire_choices":[{"data":"Neutralize","floor":11,"key":"SMITH"},{"data":"Skewer","floor":13,"key":"SMITH"},{"floor":15,"key":"REST"}],"neow_cost":"NO_GOLD","seed_source_timestamp":60450224221500,"circlet_count":0,"master_deck":["AscendersBane","Defend_G","Defend_G","Defend_G","Defend_G","Defend_G","Strike_G","Strike_G","Strike_G","Survivor","Neutralize+1","Skewer+1","Cloak And Dagger","Outmaneuver","Leg Sweep","Flying Knee","Deflect","Acrobatics","Glass Knife","Footwork"],"relics":["Ring of the Snake","StoneCalendar","Odd Mushroom","Matryoshka","Centennial Puzzle"],"potions_floor_usage":[7,8],"damage_taken":[{"damage":4,"enemies":"Small Slimes","floor":1,"turns":5},{"damage":2,"enemies":"2 Louse","floor":3,"turns":3},{"damage":0,"enemies":"Jaw Worm","floor":6,"turns":3},{"damage":25,"enemies":"Gremlin Nob","floor":7,"turns":5},{"damage":15,"enemies":"The Mushroom Lair","floor":8,"turns":6},{"damage":11,"enemies":"3 Sentries","floor":12,"turns":7},{"damage":9,"enemies":"Exordium Wildlife","floor":14,"turns":5},{"damage":30,"enemies":"Hexaghost","floor":16,"turns":16}],"seed_played":"-5570186275087021557","potions_obtained":[{"floor":1,"key":"SkillPotion"},{"floor":3,"key":"SteroidPotion"},{"floor":8,"key":"Ancient Potion"},{"floor":14,"key":"Weak Potion"}],"is_trial":false,"path_per_floor":["M","?","M","?","$","M","E","?","T","?","R","E","R","M","R","B"],"character_chosen":"THE_SILENT","items_purchased":["Leg Sweep"],"campfire_rested":1,"item_purchase_floors":[5],"current_hp_per_floor":[67,67,65,65,65,65,40,25,25,25,25,14,14,5,28,0],"gold":58,"neow_bonus":"TWENTY_PERCENT_HP_BONUS","is_prod":false,"is_daily":false,"chose_seed":false,"campfire_upgraded":2,"win_rate":0,"timestamp":1556024735,"path_taken":["M","?","M","?","?","?","E","?","T","?","R","E","R","M","R","BOSS"],"build_version":"2019-01-23","purchased_purges":1,"victory":false,"max_hp_per_floor":[78,78,78,78,78,78,78,78,78,78,78,78,78,78,78,78],"card_choices":[{"not_picked":["All Out Attack","Setup"],"picked":"Skewer","floor":1},{"not_picked":["PiercingWail","Deadly Poison"],"picked":"Cloak And Dagger","floor":3},{"not_picked":["Distraction","Quick Slash"],"picked":"Flying Knee","floor":6},{"not_picked":["Accuracy","Dagger Throw"],"picked":"Deflect","floor":7},{"not_picked":["Slice","Deflect"],"picked":"Acrobatics","floor":8},{"not_picked":["Acrobatics","Quick Slash"],"picked":"Glass Knife","floor":12},{"not_picked":["Slice","Acrobatics"],"picked":"Footwork","floor":14}],"player_experience":1053032,"relics_obtained":[{"floor":7,"key":"StoneCalendar"},{"floor":8,"key":"Odd Mushroom"},{"floor":9,"key":"Matryoshka"},{"floor":12,"key":"Centennial Puzzle"}],"event_choices":[{"damage_healed":0,"gold_gain":150,"player_choice":"AGREE","damage_taken":0,"max_hp_gain":0,"max_hp_loss":0,"event_name":"Liars Game","floor":2,"gold_loss":0,"cards_obtained":["Doubt"]},{"damage_healed":0,"gold_gain":0,"cards_transformed":["Strike_G"],"player_choice":"Change","damage_taken":0,"max_hp_gain":0,"max_hp_loss":0,"event_name":"Living Wall","floor":4,"gold_loss":0,"cards_obtained":["Outmaneuver"]},{"damage_healed":0,"gold_gain":0,"player_choice":"Fought Mushrooms","damage_taken":0,"max_hp_gain":0,"max_hp_loss":0,"event_name":"Mushrooms","floor":8,"gold_loss":0},{"cards_removed":["Strike_G"],"damage_healed":0,"gold_gain":0,"player_choice":"Card Removal","damage_taken":0,"max_hp_gain":0,"max_hp_loss":0,"event_name":"The Cleric","floor":10,"gold_loss":75}],"is_beta":false,"boss_relics":[],"items_purged_floors":[5],"is_endless":false,"potions_floor_spawned":[1,3,8,14],"killed_by":"Hexaghost","ascension_level":15}