{"gold_per_floor":[110,35,55,66,216,216,236,236,236,249,223,223,36,99,99,99],"floor_reached":16,"playtime":1084,"items_purged":["Doubt"],"score":170,"play_id":"1d0e41eb-ca01-4f71-a445-d5be65872c95","local_time":"20190720164129","is_ascension_mode":true,"campfire_choices":[{"data":"Whirlwind","floor":6,"key":"SMITH"},{"data":"Searing Blow","floor":8,"key":"SMITH"},{"data":"Armaments","floor":12,"key":"SMITH"},{"data":"Shockwave","floor":15,"key":"SMITH"}],"neow_cost":"NONE","seed_source_timestamp":676237453007000,"circlet_count":0,"master_deck":["AscendersBane","Strike_R","Strike_R","Strike_R","Defend_R","Defend_R","Defend_R","Defend_R","Bash","Searing Blow+1","Whirlwind+1","Second Wind","Iron Wave","Wild Strike","Armaments+1","Flame Barrier","Body Slam","Shockwave+1"],"relics":["Burning Blood","Bottled Lightning","Dodecahedron"],"potions_floor_usage":[14,16],"damage_taken":[{"damage":1,"enemies":"2 Louse","floor":1,"turns":2},{"damage":13,"enemies":"Small Slimes","floor":3,"turns":5},{"damage":18,"enemies":"Cultist","floor":4,"turns":5},{"damage":0,"enemies":"Lots of Slimes","floor":7,"turns":1},{"damage":11,"enemies":"Blue Slaver","floor":10,"turns":4},{"damage":21,"enemies":"Exordium Thugs","floor":11,"turns":4},{"damage":31,"enemies":"Lagavulin Event","floor":14,"turns":8},{"damage":17,"enemies":"Hexaghost","floor":16,"turns":9}],"seed_played":"4546147765353776329","potions_obtained":[{"floor":4,"key":"SpeedPotion"}],"is_trial":false,"path_per_floor":["M","?","M","M","?","R","M","R","T","M","M","R","$","?","R","B"],"character_chosen":"IRONCLAD","items_purchased":["Body Slam","Strength Potion"],"campfire_rested":0,"item_purchase_floors":[13,13],"current_hp_per_floor":[73,73,66,54,54,54,60,60,60,55,40,40,40,15,15,0],"gold":99,"neow_bonus":"TRANSFORM_CARD","is_prod":false,"is_daily":false,"chose_seed":false,"campfire_upgraded":4,"win_rate":0,"timestamp":1563633689,"path_taken":["M","?","M","M","?","R","M","R","T","M","M","R","$","?","R","BOSS"],"build_version":"2019-07-17","purchased_purges":1,"victory":false,"max_hp_per_floor":[75,75,75,75,75,75,75,75,75,75,75,75,75,75,75,75],"card_choices":[{"not_picked":["Warcry","Bloodletting"],"picked":"Whirlwind","floor":1},{"not_picked":["Clash","Warcry"],"picked":"Second Wind","floor":3},{"not_picked":["Body Slam","Havoc"],"picked":"Iron Wave","floor":4},{"not_picked":["Sever Soul","Evolve"],"picked":"Wild Strike","floor":7},{"not_picked":["Anger","Wild Strike"],"picked":"Armaments","floor":10},{"not_picked":["Twin Strike","Fire Breathing"],"picked":"Flame Barrier","floor":11},{"not_picked":["Rampage","Warcry"],"picked":"Shockwave","floor":14}],"player_experience":1709433,"relics_obtained":[{"floor":9,"key":"Bottled Lightning"}],"event_choices":[{"cards_removed":["Strike_R"],"damage_healed":0,"gold_gain":0,"player_choice":"Card Removal","damage_taken":0,"max_hp_gain":0,"max_hp_loss":0,"event_name":"The Cleric","floor":2,"gold_loss":75},{"damage_healed":0,"gold_gain":150,"player_choice":"AGREE","damage_taken":0,"max_hp_gain":0,"max_hp_loss":0,"event_name":"Liars Game","floor":5,"gold_loss":0,"cards_obtained":["Doubt"]},{"damage_healed":0,"gold_gain":0,"player_choice":"Searched \u00273\u0027 times","damage_taken":0,"relics_obtained":["Dodecahedron"],"max_hp_gain":0,"max_hp_loss":0,"event_name":"Dead Adventurer","floor":14,"gold_loss":0}],"is_beta":false,"boss_relics":[],"items_purged_floors":[13],"is_endless":false,"potions_floor_spawned":[4],"killed_by":"Hexaghost","ascension_level":17}