{"path_per_floor":["M","M","M","$","M","R","M","R","T","E","M","E","M","$","R","B",null,"M","?","T","M","M","R","E","?","T","M","R","$","M","?","R"],"character_chosen":"IRONCLAD","items_purchased":["Feed","Rampage","Ancient Tea Set","Bag of Marbles"],"gold_per_floor":[117,129,142,1,18,18,35,35,85,116,136,171,182,2,2,103,103,116,116,116,135,148,148,177,177,177,187,187,65,80,80,80],"floor_reached":33,"campfire_rested":0,"playtime":2720,"current_hp_per_floor":[72,74,80,80,80,80,74,74,74,32,33,30,36,36,36,9,101,91,91,91,62,47,47,46,46,46,48,48,48,66,66,66],"items_purged":["Defend_R"],"gold":80,"play_id":"b5e20342-efc5-4b67-918a-bee7d95f4de1","is_prod":false,"is_daily":false,"is_ascension_mode":true,"campfire_upgraded":6,"path_taken":["M","M","M","$","M","R","M","R","T","E","M","E","?","$","R","BOSS","M","?","?","M","M","R","E","?","T","M","R","$","M","?","R","BOSS"],"build_version":"2018-02-01-PROD3","purchased_purges":1,"victory":false,"master_deck":["Strike_R+1","Strike_R+1","Strike_R+1","Strike_R+1","Strike_R+1","Defend_R+1","Defend_R+1","Defend_R+1","Bash","Shrug It Off","True Grit+1","Warcry+1","Feed+1","Rampage+1","Shrug It Off","Whirlwind+1","Thunderclap","Flex+1","Reaper","Reaper","Uppercut+1"],"max_hp_per_floor":[80,80,80,80,83,83,87,87,87,97,97,101,101,101,101,101,101,105,105,105,109,109,109,109,109,109,109,109,109,109,109,109],"relics":["Burning Blood","Regal Pillow","Prayer Wheel","Pear","The Courier","Ancient Tea Set","Sozu","Juzu Bracelet","Anchor","Unceasing Top","Bag of Marbles"],"card_choices":[{"not_picked":["Headbutt","Body Slam"],"picked":"Shrug It Off"},{"not_picked":["Anger","Sentinel"],"picked":"True Grit"},{"not_picked":["Twin Strike","Disarm"],"picked":"Warcry"},{"not_picked":["Flex","Carnage"],"picked":"Shrug It Off"},{"not_picked":["Heavy Blade","Flex"],"picked":"Whirlwind"},{"not_picked":["Armaments","Iron Wave"],"picked":"Thunderclap"},{"not_picked":["Iron Wave","Clash"],"picked":"Flex"},{"not_picked":["Exhume","Bludgeon"],"picked":"Reaper"},{"not_picked":["Wild Strike","Clothesline"],"picked":"Uppercut"}],"player_experience":146764,"potions_floor_usage":[12,16],"damage_taken":[{"damage":14.0,"enemies":"Blue Slaver","floor":1.0,"turns":4.0},{"damage":4.0,"enemies":"Jaw Worm","floor":2.0,"turns":5.0},{"damage":0.0,"enemies":"Cultist","floor":3.0,"turns":3.0},{"damage":9.0,"enemies":"3 Louse","floor":5.0,"turns":2.0},{"damage":16.0,"enemies":"Lots of Slimes","floor":7.0,"turns":4.0},{"damage":58.0,"enemies":"Gremlin Nob","floor":10.0,"turns":6.0},{"damage":5.0,"enemies":"2 Fungi Beasts","floor":11.0,"turns":4.0},{"damage":13,"enemies":"3 Sentries","floor":12,"turns":8},{"damage":0,"enemies":"3 Louse","floor":13,"turns":1},{"damage":33,"enemies":"The Guardian","floor":16,"turns":9},{"damage":20,"enemies":"3 Byrds","floor":18,"turns":5},{"damage":43,"enemies":"Spheric Guardian","floor":21,"turns":6},{"damage":33,"enemies":"Centurion and Healer","floor":22,"turns":9},{"damage":7,"enemies":"Slavers","floor":24,"turns":2},{"damage":17,"enemies":"Snecko","floor":27,"turns":5},{"damage":15,"enemies":"Chosen and Byrds","floor":30,"turns":5},{"damage":79,"enemies":"Collector","floor":33,"turns":7}],"event_choices":[{"event_name":"Duplicator","player_choice":"One dupe","floor":19,"damage_taken":0},{"event_name":"Accursed Blacksmith","player_choice":"Forge","floor":25,"damage_taken":0},{"event_name":"Back to Basics","player_choice":"Simplicity","floor":31,"damage_taken":0}],"boss_relics":[{"not_picked":["Runic Pyramid","Eternal Feather"],"picked":"Sozu"}],"potions_floor_spawned":[2,5,12,16,21,27],"seed_played":"-208929180266357324","killed_by":"Collector","ascension_level":4,"is_trial":false}