{"gold_per_floor":[110,44,60,71,71,71,99,115,115,115,143,160,160,7,7,84,84,97,22,22,36,56,56],"floor_reached":23,"playtime":4284,"items_purged":["Strike_R"],"score":382,"play_id":"f729cb82-b5a1-4ddb-a811-3e32c26f1ebd","local_time":"20190808144130","is_ascension_mode":true,"campfire_choices":[{"data":"Armaments","floor":6.0,"key":"SMITH"},{"data":"Double Tap","floor":13.0,"key":"SMITH"},{"floor":15.0,"key":"REST"}],"neow_cost":"NONE","seed_source_timestamp":0,"circlet_count":0,"master_deck":["AscendersBane","Strike_R+1","Strike_R+1","Defend_R","Defend_R","Defend_R","Bash","Metallicize","Armaments+1","Uppercut","Infernal Blade","Second Wind","Double Tap+1","Dual Wield","Metallicize","Disarm","Feed","Anger","Feel No Pain","Anger","Body Slam","Pommel Strike","Shrug It Off","Headbutt","Heavy Blade","Battle Trance","Spot Weakness"],"special_seed":0,"relics":["Burning Blood","Whetstone","Matryoshka","Pen Nib","Dream Catcher","Question Card","Sundial","Mummified Hand","Orrery"],"potions_floor_usage":[],"damage_taken":[{"damage":7.0,"enemies":"Small Slimes","floor":1.0,"turns":3.0},{"damage":3.0,"enemies":"Cultist","floor":3.0,"turns":4.0},{"damage":12.0,"enemies":"Jaw Worm","floor":4.0,"turns":5.0},{"damage":24.0,"enemies":"3 Sentries","floor":7.0,"turns":12.0},{"damage":0.0,"enemies":"2 Fungi Beasts","floor":8.0,"turns":4.0},{"damage":15.0,"enemies":"Lagavulin","floor":11.0,"turns":5.0},{"damage":18.0,"enemies":"Exordium Wildlife","floor":12.0,"turns":5.0},{"damage":8.0,"enemies":"Hexaghost","floor":16.0,"turns":14.0},{"damage":22.0,"enemies":"Chosen","floor":18.0,"turns":7.0},{"damage":25.0,"enemies":"3 Byrds","floor":21.0,"turns":7.0},{"damage":0,"enemies":"Cultist and Chosen","floor":22,"turns":5},{"damage":40,"enemies":"Centurion and Healer","floor":23,"turns":4}],"seed_played":"-1076375152526745486","potions_obtained":[{"floor":4.0,"key":"EssenceOfSteel"},{"floor":7.0,"key":"SkillPotion"},{"floor":8.0,"key":"Fire Potion"},{"floor":12.0,"key":"Poison Potion"},{"floor":21,"key":"Explosive Potion"}],"is_trial":false,"path_per_floor":["M","?","M","M","?","R","E","M","T","?","E","M","R","$","R","B",null,"M","?","?","M","M","M"],"character_chosen":"IRONCLAD","items_purchased":["Metallicize"],"campfire_rested":1,"item_purchase_floors":[14],"current_hp_per_floor":[67,67,70,64,46,46,28,34,34,34,25,13,13,13,35,33,65,49,49,49,30,36,0],"gold":56,"neow_bonus":"RANDOM_COMMON_RELIC","is_prod":false,"is_daily":false,"chose_seed":false,"campfire_upgraded":2,"win_rate":0,"timestamp":1565268090,"path_taken":["M","?","?","M","?","R","E","M","T","?","E","M","R","$","R","BOSS","M","?","?","M","M","M"],"build_version":"2019-07-17","purchased_purges":1,"victory":false,"max_hp_per_floor":[75,75,75,75,75,75,75,75,75,75,75,75,75,75,75,75,75,75,75,75,75,75,75],"card_choices":[{"not_picked":["Wild Strike","Cleave"],"picked":"Metallicize","floor":1.0},{"not_picked":["Evolve","Heavy Blade"],"picked":"Armaments","floor":3.0},{"not_picked":["Headbutt","Shrug It Off"],"picked":"Uppercut","floor":4.0},{"not_picked":["Twin Strike","Uppercut"],"picked":"Infernal Blade","floor":7.0},{"not_picked":["Heavy Blade","Perfected Strike"],"picked":"Second Wind","floor":8.0},{"not_picked":["Anger","Infernal Blade","Power Through"],"picked":"Double Tap","floor":11.0},{"not_picked":["Thunderclap","Reckless Charge","Twin Strike"],"picked":"Dual Wield","floor":12.0},{"not_picked":["Armaments","Second Wind","Perfected Strike"],"picked":"Disarm","floor":15.0},{"not_picked":["Impervious","Double Tap","Reaper"],"picked":"Feed","floor":16.0},{"not_picked":["Sever Soul","Headbutt","Heavy Blade"],"picked":"Anger","floor":17.0},{"not_picked":["Battle Trance","Immolate","Pommel Strike"],"picked":"Feel No Pain","floor":17.0},{"not_picked":["Sword Boomerang","Cleave","Disarm"],"picked":"Anger","floor":17.0},{"not_picked":["Perfected Strike","Cleave","Searing Blow"],"picked":"Body Slam","floor":17.0},{"not_picked":["Searing Blow","Disarm","Body Slam"],"picked":"Pommel Strike","floor":17.0},{"not_picked":["Blood for Blood","Intimidate","Iron Wave"],"picked":"Shrug It Off","floor":18.0},{"not_picked":["Disarm","Fire Breathing+1","True Grit"],"picked":"Battle Trance","floor":21},{"not_picked":["Clash","Heavy Blade","Shockwave"],"picked":"Spot Weakness","floor":22}],"player_experience":1811362,"relics_obtained":[{"floor":7.0,"key":"Dream Catcher"},{"floor":9.0,"key":"Question Card"},{"floor":9.0,"key":"Sundial"},{"floor":11.0,"key":"Mummified Hand"}],"event_choices":[{"damage_healed":0.0,"max_hp_gain":0.0,"max_hp_loss":0.0,"gold_gain":0.0,"event_name":"WeMeetAgain","player_choice":"Paid Gold","floor":2.0,"gold_loss":66.0,"damage_taken":0.0,"relics_obtained":["Matryoshka"]},{"damage_healed":0.0,"max_hp_gain":0.0,"max_hp_loss":0.0,"gold_gain":0.0,"event_name":"Scrap Ooze","player_choice":"Success","floor":5.0,"gold_loss":0.0,"damage_taken":18.0,"relics_obtained":["Pen Nib"]},{"damage_healed":0.0,"max_hp_gain":0.0,"max_hp_loss":0.0,"gold_gain":0.0,"event_name":"Dead Adventurer","player_choice":"Searched \u00271\u0027 times","floor":10.0,"gold_loss":0.0,"damage_taken":0.0},{"cards_removed":["Strike_R"],"damage_healed":0.0,"max_hp_gain":0.0,"max_hp_loss":0.0,"gold_gain":0.0,"event_name":"Beggar","player_choice":"Gave Gold","floor":19.0,"gold_loss":75.0,"damage_taken":0.0},{"damage_healed":0.0,"max_hp_gain":0.0,"max_hp_loss":0.0,"gold_gain":0.0,"cards_transformed":["Strike_R","Defend_R"],"event_name":"Drug Dealer","player_choice":"Became Test Subject","floor":20.0,"gold_loss":0.0,"damage_taken":0.0,"cards_obtained":["Headbutt","Heavy Blade"]}],"is_beta":false,"boss_relics":[{"not_picked":["Snecko Eye","Lizard Tail"],"picked":"Orrery"}],"items_purged_floors":[14],"is_endless":false,"potions_floor_spawned":[4,7,8,12,21],"killed_by":"Centurion and Healer","ascension_level":18}