{"gold_per_floor":[118,118,130,130,130,160,215,215,215,215,215,10,10,25,25,118,118,142,158,73,273,289,289,309,309,309,5,5,18,18,18],"floor_reached":31,"playtime":966,"items_purged":["Strike_B","Writhe"],"score":486,"play_id":"af8ac78b-c415-4963-9dca-400304fb7ca2","local_time":"20190919045139","is_ascension_mode":true,"campfire_choices":[{"floor":8,"key":"REST"},{"data":"Loop","floor":15,"key":"SMITH"},{"floor":23,"key":"REST"},{"floor":25,"key":"REST"},{"floor":28,"key":"REST"}],"neow_cost":"NONE","seed_source_timestamp":31209867561100,"circlet_count":0,"master_deck":["AscendersBane","Strike_B+1","Strike_B+1","Defend_B","Defend_B+1","Defend_B+1","Zap","Dualcast","Gash","Fusion+1","All For One","Loop+1","BootSequence+1","Beam Cell","Gash","Buffer","Redo+1","Leap+1","Chill+1","Stack+1","Apotheosis+1","Steam Power+1"],"relics":["Cracked Core","NeowsBlessing","Toxic Egg 2","Matryoshka","Vajra","Whetstone","Cables","Golden Idol","Cursed Key","Strawberry","Ancient Tea Set","Kunai"],"potions_floor_usage":[7,16,16,31],"damage_taken":[{"damage":0,"enemies":"Small Slimes","floor":1,"turns":1},{"damage":0,"enemies":"Cultist","floor":3,"turns":1},{"damage":0,"enemies":"3 Sentries","floor":6,"turns":1},{"damage":45,"enemies":"3 Sentries","floor":7,"turns":7},{"damage":0,"enemies":"2 Louse","floor":14,"turns":3},{"damage":11,"enemies":"Hexaghost","floor":16,"turns":9},{"damage":17,"enemies":"Shell Parasite","floor":18,"turns":5},{"damage":12,"enemies":"Chosen","floor":19,"turns":5},{"damage":19,"enemies":"Centurion and Healer","floor":22,"turns":6},{"damage":10,"enemies":"Snecko","floor":24,"turns":6},{"damage":10,"enemies":"Snake Plant","floor":29,"turns":4},{"damage":53,"enemies":"Slavers","floor":31,"turns":6}],"seed_played":"8299634613317079827","potions_obtained":[{"floor":3,"key":"SteroidPotion"},{"floor":6,"key":"Poison Potion"},{"floor":7,"key":"Dexterity Potion"},{"floor":29,"key":"Block Potion"}],"is_trial":false,"path_per_floor":["M","?","M","$","$","E","?","R","T","?","?","$","?","M","R","B",null,"M","M","?","?","M","R","M","R","T","$","R","M","?","E"],"character_chosen":"DEFECT","items_purchased":["BootSequence+1","Beam Cell","Apotheosis+1"],"campfire_rested":4,"item_purchase_floors":[12,12,27],"current_hp_per_floor":[64,64,64,64,64,64,19,40,40,40,21,21,14,14,14,3,49,32,20,27,27,8,29,19,40,40,40,61,51,51,0],"gold":18,"neow_bonus":"THREE_ENEMY_KILL","is_prod":false,"is_daily":false,"chose_seed":false,"campfire_upgraded":1,"win_rate":0,"timestamp":1568861499,"path_taken":["M","?","M","?","$","E","?","R","T","?","?","$","?","M","R","BOSS","M","M","?","?","M","R","?","R","T","?","R","M","?","E"],"build_version":"2019-07-17","purchased_purges":2,"victory":false,"max_hp_per_floor":[71,71,71,71,71,71,71,71,71,64,64,64,64,64,64,64,64,64,64,71,71,71,71,71,71,71,71,71,71,71,71],"card_choices":[{"not_picked":["Ball Lightning","Compile Driver"],"picked":"Gash","floor":1},{"not_picked":["Melter","Beam Cell"],"picked":"Fusion+1","floor":3},{"not_picked":["Melter","Compile Driver"],"picked":"All For One","floor":6},{"not_picked":["Cold Snap","Heatsinks"],"picked":"Loop","floor":7},{"not_picked":["Chill+1","Steam+1"],"picked":"Gash","floor":14},{"not_picked":["Meteor Strike","Biased Cognition"],"picked":"Buffer","floor":16},{"not_picked":["Steam+1","Double Energy+1"],"picked":"Redo+1","floor":18},{"not_picked":["Rip and Tear","Compile Driver"],"picked":"Leap+1","floor":19},{"not_picked":["Chaos+1","Auto Shields+1"],"picked":"Chill+1","floor":22},{"not_picked":["Barrage","Biased Cognition"],"picked":"Stack+1","floor":24},{"not_picked":["Streamline+1","Cold Snap"],"picked":"Steam Power+1","floor":29}],"player_experience":1992944,"relics_obtained":[{"floor":2,"key":"Toxic Egg 2"},{"floor":6,"key":"Matryoshka"},{"floor":7,"key":"Vajra"},{"floor":9,"key":"Whetstone"},{"floor":9,"key":"Cables"},{"floor":26,"key":"Ancient Tea Set"},{"floor":26,"key":"Kunai"}],"event_choices":[{"damage_healed":0,"gold_gain":0,"player_choice":"Relic","damage_taken":0,"max_hp_gain":0,"max_hp_loss":0,"event_name":"Wheel of Change","floor":2,"gold_loss":0},{"damage_healed":0,"gold_gain":0,"player_choice":"Searched \u00272\u0027 times","damage_taken":0,"max_hp_gain":0,"max_hp_loss":0,"event_name":"Dead Adventurer","floor":7,"gold_loss":0},{"damage_healed":0,"gold_gain":0,"player_choice":"Lose Max HP","damage_taken":0,"relics_obtained":["Golden Idol"],"max_hp_gain":0,"max_hp_loss":7,"event_name":"Golden Idol","floor":10,"gold_loss":0},{"damage_healed":0,"gold_gain":0,"player_choice":"Entered Light","damage_taken":19,"max_hp_gain":0,"max_hp_loss":0,"event_name":"Shining Light","floor":11,"gold_loss":0,"cards_upgraded":["Defend_B","Defend_B"]},{"cards_removed":["Strike_B"],"damage_healed":0,"gold_gain":0,"player_choice":"Card Removal","damage_taken":7,"max_hp_gain":0,"max_hp_loss":0,"event_name":"Golden Wing","floor":13,"gold_loss":0},{"damage_healed":0,"gold_gain":0,"player_choice":"Obtained Relic","damage_taken":0,"relics_obtained":["Strawberry"],"max_hp_gain":0,"max_hp_loss":0,"event_name":"Addict","floor":20,"gold_loss":85},{"damage_healed":0,"gold_gain":200,"player_choice":"Gold","damage_taken":0,"max_hp_gain":0,"max_hp_loss":0,"event_name":"Wheel of Change","floor":21,"gold_loss":0},{"cards_removed":["Defend_B"],"damage_healed":0,"gold_gain":0,"player_choice":"Elegance","damage_taken":0,"max_hp_gain":0,"max_hp_loss":0,"event_name":"Back to Basics","floor":30,"gold_loss":0}],"is_beta":false,"boss_relics":[{"not_picked":["White Beast Statue","Ectoplasm"],"picked":"Cursed Key"}],"items_purged_floors":[12,27],"is_endless":false,"potions_floor_spawned":[3,6,7,29],"killed_by":"Slavers","ascension_level":18}