{"gold_per_floor":[15,190,190,210,210,210,224,224,251,251,280,280,31,65,65,65],"floor_reached":16,"playtime":507,"items_purged":["Doubt"],"score":164,"play_id":"8b714c32-fa87-41e3-8801-bcc1fc6f4532","local_time":"20190220070623","is_ascension_mode":true,"campfire_choices":[{"data":"Zap","floor":6,"key":"SMITH"},{"data":"White Noise","floor":8,"key":"SMITH"},{"data":"Gash","floor":10,"key":"SMITH"},{"data":"Seek","floor":12,"key":"SMITH"},{"floor":15,"key":"REST"}],"neow_cost":"NO_GOLD","seed_source_timestamp":12341591157600,"circlet_count":0,"master_deck":["AscendersBane","Strike_B","Strike_B","Strike_B","Strike_B","Defend_B","Defend_B","Defend_B","Defend_B","Zap+1","Dualcast","Panacea","Secret Technique","White Noise+1","Melter","Gash+1","Seek+1","Leap","BootSequence"],"relics":["Cracked Core","Blue Candle","Oddly Smooth Stone","Smiling Mask","Centennial Puzzle","Happy Flower"],"potions_floor_usage":[4,7,7,14,16],"damage_taken":[{"damage":0,"enemies":"Small Slimes","floor":1,"turns":3},{"damage":1,"enemies":"Cultist","floor":4,"turns":3},{"damage":3,"enemies":"Jaw Worm","floor":7,"turns":5},{"damage":42,"enemies":"Lagavulin","floor":11,"turns":7},{"damage":18,"enemies":"3 Sentries","floor":14,"turns":5},{"damage":28,"enemies":"Slime Boss","floor":16,"turns":6}],"seed_played":"6280484438525325910","potions_obtained":[{"floor":3,"key":"Swift Potion"},{"floor":3,"key":"Energy Potion"},{"floor":4,"key":"SkillPotion"},{"floor":11,"key":"PowerPotion"},{"floor":14,"key":"SkillPotion"}],"is_trial":false,"path_per_floor":["M","?","?","M","T","R","M","R","T","R","E","R","$","E","R","B"],"character_chosen":"DEFECT","items_purchased":["Leap","Centennial Puzzle"],"campfire_rested":1,"item_purchase_floors":[13,13],"current_hp_per_floor":[68,68,68,67,67,67,64,64,64,64,22,22,22,4,26,0],"gold":65,"neow_bonus":"RANDOM_COLORLESS_2","is_prod":false,"is_daily":false,"chose_seed":false,"campfire_upgraded":4,"win_rate":0,"timestamp":1550642783,"path_taken":["M","?","?","?","?","R","M","R","T","R","E","R","$","E","R","BOSS"],"build_version":"2019-01-23","purchased_purges":1,"victory":false,"max_hp_per_floor":[75,75,75,75,75,75,75,75,75,75,75,75,75,75,75,75],"card_choices":[{"not_picked":["Recycle","Defragment"],"picked":"White Noise","floor":1},{"not_picked":["Steam","Loop"],"picked":"Melter","floor":4},{"not_picked":["Darkness","Reprogram"],"picked":"Gash","floor":7},{"not_picked":["Sweeping Beam","Reprogram"],"picked":"Seek","floor":11},{"not_picked":["Genetic Algorithm","Coolheaded"],"picked":"BootSequence","floor":14}],"player_experience":806324,"relics_obtained":[{"floor":5,"key":"Blue Candle"},{"floor":9,"key":"Oddly Smooth Stone"},{"floor":11,"key":"Smiling Mask"},{"floor":14,"key":"Happy Flower"}],"event_choices":[{"damage_healed":0,"gold_gain":175,"player_choice":"AGREE","damage_taken":0,"max_hp_gain":0,"max_hp_loss":0,"event_name":"Liars Game","floor":2,"gold_loss":0,"cards_obtained":["Doubt"]},{"damage_healed":0,"gold_gain":0,"player_choice":"Got Potions","damage_taken":0,"max_hp_gain":0,"max_hp_loss":0,"event_name":"Lab","floor":3,"gold_loss":0}],"is_beta":false,"boss_relics":[],"items_purged_floors":[13],"is_endless":false,"potions_floor_spawned":[4,11,14],"killed_by":"Slime Boss","ascension_level":11}