{"gold_per_floor":[364,382,402,29,49,49,61,61,61,87,100,100,118,131,131,229,229,229],"floor_reached":18,"playtime":754,"items_purged":[],"score":166,"play_id":"9845944e-77bc-474a-92a4-40eb0228c243","local_time":"20190625170340","is_ascension_mode":false,"campfire_choices":[{"data":"Dash","floor":6,"key":"SMITH"},{"data":"Malaise","floor":8,"key":"SMITH"},{"data":"Neutralize","floor":12,"key":"SMITH"},{"floor":15,"key":"REST"}],"neow_cost":"TEN_PERCENT_HP_LOSS","seed_source_timestamp":1127390514851784,"circlet_count":0,"master_deck":["Defend_G","Defend_G","Defend_G","Defend_G","Defend_G","Strike_G","Strike_G","Strike_G","Strike_G","Strike_G","Survivor","Neutralize+1","Cloak And Dagger","Dagger Spray","Noxious Fumes","Malaise+1","Dash+1","Die Die Die","Deadly Poison","Cloak And Dagger","Corpse Explosion","Sucker Punch","Footwork","Deadly Poison","Malaise"],"relics":["Ring of the Snake","Gremlin Horn","Sundial","Runic Pyramid"],"potions_floor_usage":[10],"damage_taken":[{"damage":2,"enemies":"Small Slimes","floor":1,"turns":5},{"damage":0,"enemies":"Jaw Worm","floor":2,"turns":5},{"damage":3,"enemies":"Cultist","floor":3,"turns":4},{"damage":8,"enemies":"Lots of Slimes","floor":5,"turns":2},{"damage":5,"enemies":"Exordium Thugs","floor":7,"turns":5},{"damage":16,"enemies":"Gremlin Nob","floor":10,"turns":6},{"damage":0,"enemies":"2 Fungi Beasts","floor":11,"turns":2},{"damage":0,"enemies":"3 Louse","floor":13,"turns":1},{"damage":0,"enemies":"Looter","floor":14,"turns":2},{"damage":29,"enemies":"Slime Boss","floor":16,"turns":10},{"damage":15,"enemies":"Spheric Guardian","floor":18,"turns":5}],"seed_played":"-7614727602435381313","potions_obtained":[{"floor":3,"key":"SpeedPotion"},{"floor":5,"key":"Strength Potion"},{"floor":10,"key":"Strength Potion"},{"floor":11,"key":"Weak Potion"}],"is_trial":false,"path_per_floor":["M","M","M","$","M","R","M","R","T","E","M","R","M","M","R","B",null,"M"],"character_chosen":"THE_SILENT","items_purchased":["Malaise","Dash","Die Die Die"],"campfire_rested":1,"item_purchase_floors":[4,4,4],"current_hp_per_floor":[61,61,58,58,50,50,45,45,45,29,29,29,29,29,47,18,63,48],"gold":229,"neow_bonus":"TWO_FIFTY_GOLD","is_prod":false,"is_daily":false,"chose_seed":false,"campfire_upgraded":3,"win_rate":0,"timestamp":1561496620,"path_taken":["M","M","M","$","M","R","M","R","T","E","M","R","M","M","R","BOSS","M"],"build_version":"2019-01-23","purchased_purges":0,"victory":false,"max_hp_per_floor":[63,63,63,63,63,63,63,63,63,63,63,63,63,63,63,63,63,63],"card_choices":[{"not_picked":["Dodge and Roll","Riddle With Holes"],"picked":"Cloak And Dagger","floor":1},{"not_picked":["Concentrate","Prepared"],"picked":"Dagger Spray","floor":2},{"not_picked":["Quick Slash","Expertise"],"picked":"Noxious Fumes","floor":3},{"not_picked":["Dagger Spray","Concentrate"],"picked":"Deadly Poison","floor":5},{"not_picked":["Dagger Spray","Bane"],"picked":"Cloak And Dagger","floor":7},{"not_picked":["Setup","Deadly Poison"],"picked":"Corpse Explosion","floor":10},{"not_picked":["Dagger Throw","Underhanded Strike"],"picked":"Sucker Punch","floor":11},{"not_picked":["Escape Plan","Underhanded Strike"],"picked":"Footwork","floor":13},{"not_picked":["Tactician","Flying Knee"],"picked":"Deadly Poison","floor":14},{"not_picked":["After Image","Doppelganger"],"picked":"Malaise","floor":16}],"player_experience":237710,"relics_obtained":[{"floor":9,"key":"Gremlin Horn"},{"floor":10,"key":"Sundial"}],"event_choices":[],"is_beta":false,"boss_relics":[{"not_picked":["White Beast Statue","WristBlade"],"picked":"Runic Pyramid"}],"items_purged_floors":[],"is_endless":false,"potions_floor_spawned":[3,5,10,11,16],"killed_by":"Spheric Guardian","ascension_level":0}