{"gold_per_floor":[14,14,14,31,42,76,94,124,124,124,142,142,167,187,187,262,262,262,162,0,0,0,0,0,0,0,0,0,0,0,0,0,0,0,0,0,0,0,0,0,0,0,0,0,0,0,0,0,0,0,0,0,0,0,0],"floor_reached":55,"playtime":2543,"items_purged":[],"score":1963,"play_id":"eeb98cea-3414-471f-aefb-fa639659c7f8","local_time":"20190129211908","is_ascension_mode":true,"campfire_choices":[{"floor":10.0,"key":"REST"},{"data":"Uppercut","floor":12.0,"key":"SMITH"},{"data":"Juggernaut","floor":15.0,"key":"SMITH"},{"data":"Body Slam","floor":23.0,"key":"SMITH"},{"floor":25.0,"key":"REST"},{"floor":29.0,"key":"REST"},{"data":"Juggernaut","floor":32.0,"key":"SMITH"},{"floor":44.0,"key":"REST"},{"floor":49.0,"key":"RECALL"},{"floor":53.0,"key":"REST"}],"neow_cost":"NO_GOLD","seed_source_timestamp":1730949327681983,"circlet_count":0,"master_deck":["AscendersBane","Strike_R+1","Strike_R+1","Strike_R+1","Strike_R+1","Strike_R+1","Defend_R+1","Defend_R+1","Defend_R+1","Bash","Shrug It Off+1","Headbutt","Uppercut+1","Juggernaut+1","Disarm","Shrug It Off","Shrug It Off","Carnage","Juggernaut+1","Body Slam+1","Metallicize","Battle Trance","Ghostly Armor","Barricade","Shockwave","Sentinel+1","Iron Wave","Entrench","Feel No Pain","Shrug It Off","Chrysalis"],"special_seed":0,"relics":["Burning Blood","Lantern","Sundial","Turnip","Nunchaku","Ectoplasm","Bottled Tornado","FossilizedHelix","Fusion Hammer","Ice Cream","MawBank","Mercury Hourglass","PreservedInsect","Red Mask"],"potions_floor_usage":[],"damage_taken":[{"damage":14.0,"enemies":"Small Slimes","floor":1.0,"turns":4.0},{"damage":2.0,"enemies":"2 Louse","floor":4.0,"turns":3.0},{"damage":0.0,"enemies":"Cultist","floor":5.0,"turns":3.0},{"damage":20.0,"enemies":"Lagavulin","floor":6.0,"turns":3.0},{"damage":4.0,"enemies":"Exordium Wildlife","floor":7.0,"turns":4.0},{"damage":35.0,"enemies":"3 Sentries","floor":8.0,"turns":8.0},{"damage":5.0,"enemies":"2 Fungi Beasts","floor":11.0,"turns":3.0},{"damage":10.0,"enemies":"Lagavulin","floor":13.0,"turns":5.0},{"damage":3.0,"enemies":"Blue Slaver","floor":14.0,"turns":4.0},{"damage":33.0,"enemies":"Hexaghost","floor":16.0,"turns":11.0},{"damage":3.0,"enemies":"Shell Parasite","floor":18.0,"turns":5.0},{"damage":27.0,"enemies":"2 Thieves","floor":19.0,"turns":4.0},{"damage":30.0,"enemies":"Gremlin Leader","floor":24.0,"turns":7.0},{"damage":0.0,"enemies":"Snecko","floor":28.0,"turns":5.0},{"damage":0.0,"enemies":"Cultist and Chosen","floor":30.0,"turns":6.0},{"damage":11.0,"enemies":"Sentry and Sphere","floor":31.0,"turns":4.0},{"damage":40.0,"enemies":"Collector","floor":33.0,"turns":8.0},{"damage":0.0,"enemies":"3 Shapes","floor":35.0,"turns":3.0},{"damage":5.0,"enemies":"Orb Walker","floor":36.0,"turns":3.0},{"damage":0.0,"enemies":"Transient","floor":37.0,"turns":6.0},{"damage":0.0,"enemies":"Mind Bloom Boss Battle","floor":38.0,"turns":4.0},{"damage":15.0,"enemies":"Spire Growth","floor":39.0,"turns":5.0},{"damage":0.0,"enemies":"Nemesis","floor":40.0,"turns":7.0},{"damage":11.0,"enemies":"4 Shapes","floor":41.0,"turns":4.0},{"damage":36.0,"enemies":"Reptomancer","floor":42.0,"turns":7.0},{"damage":0.0,"enemies":"Maw","floor":45.0,"turns":6.0},{"damage":34.0,"enemies":"Time Eater","floor":50.0,"turns":11.0},{"damage":44.0,"enemies":"Awakened One","floor":51.0,"turns":14.0},{"damage":95,"enemies":"Shield and Spear","floor":55,"turns":5}],"seed_played":"2506012049394956704","potions_obtained":[{"floor":4.0,"key":"BloodPotion"},{"floor":5.0,"key":"AttackPotion"},{"floor":11.0,"key":"PowerPotion"},{"floor":16.0,"key":"Strength Potion"},{"floor":24.0,"key":"SteroidPotion"},{"floor":33.0,"key":"Strength Potion"},{"floor":35.0,"key":"Weak Potion"},{"floor":36.0,"key":"Fire Potion"},{"floor":40.0,"key":"SteroidPotion"},{"floor":41.0,"key":"Dexterity Potion"}],"is_trial":false,"path_per_floor":["M","?","?","M","M","E","M","E","T","R","M","R","E","M","R","B",null,"M","M","?","?","?","R","E","R","T","?","M","R","M","M","R","B",null,"M","M","M","?","M","E","M","E","T","R","M","?","$","?","R","B","B",null,"R","$","E"],"character_chosen":"IRONCLAD","items_purchased":[],"campfire_rested":5,"item_purchase_floors":[],"current_hp_per_floor":[74,67,40,44,50,36,38,17,17,43,44,44,40,43,43,16,71,74,53,53,53,53,53,29,55,55,55,61,87,89,84,84,50,79,85,86,89,89,80,86,81,51,51,77,83,83,83,83,83,55,17,71,89,89,0],"gold":0,"neow_bonus":"TWENTY_PERCENT_HP_BONUS","is_prod":false,"is_daily":false,"chose_seed":false,"campfire_upgraded":4,"win_rate":0,"timestamp":1548793148,"path_taken":["M","?","?","M","M","E","M","E","T","R","M","R","E","M","R","BOSS","M","M","?","?","?","R","E","R","T","?","M","R","M","M","R","BOSS","M","?","M","?","M","E","M","E","T","R","M","?","$","?","R","BOSS","BOSS","R","$","E"],"build_version":"2019-01-23","purchased_purges":0,"victory":false,"max_hp_per_floor":[89,89,89,89,89,89,89,89,89,89,89,89,89,89,89,89,89,89,89,89,89,89,89,89,89,89,89,89,89,89,89,89,89,89,89,89,89,89,89,89,89,89,89,89,89,89,89,89,89,89,89,89,89,89,89],"card_choices":[{"not_picked":["Body Slam","Heavy Blade"],"picked":"Shrug It Off","floor":1.0},{"not_picked":["Flex","Rupture"],"picked":"Headbutt","floor":4.0},{"not_picked":["Anger","Flex"],"picked":"Uppercut","floor":5.0},{"not_picked":["Sever Soul","Sword Boomerang"],"picked":"Juggernaut","floor":6.0},{"not_picked":["Heavy Blade","Shrug It Off"],"picked":"Disarm","floor":7.0},{"not_picked":["Clash","Searing Blow","Rupture"],"picked":"SKIP","floor":8.0},{"not_picked":["Seeing Red","True Grit"],"picked":"Shrug It Off","floor":11.0},{"not_picked":["Dropkick","Berserk"],"picked":"Shrug It Off","floor":13.0},{"not_picked":["Sword Boomerang","Havoc"],"picked":"Carnage","floor":14.0},{"not_picked":["Reaper","Immolate"],"picked":"Juggernaut","floor":16.0},{"not_picked":["Pummel","Anger","Cleave+1"],"picked":"SKIP","floor":18.0},{"not_picked":["Warcry","Dropkick"],"picked":"Body Slam","floor":19.0},{"not_picked":["Reckless Charge","Seeing Red+1"],"picked":"Metallicize","floor":24.0},{"not_picked":["Thunderclap","Rupture"],"picked":"Battle Trance","floor":28.0},{"not_picked":["Armaments","Warcry"],"picked":"Ghostly Armor","floor":30.0},{"not_picked":["True Grit","Exhume","Twin Strike"],"picked":"SKIP","floor":31.0},{"not_picked":["Limit Break","Fiend Fire"],"picked":"Barricade","floor":33.0},{"not_picked":["Clash","Searing Blow+1"],"picked":"Shockwave","floor":35.0},{"not_picked":["Clash+1","Havoc","Sever Soul"],"picked":"SKIP","floor":36.0},{"not_picked":["Twin Strike","Perfected Strike"],"picked":"Sentinel+1","floor":37.0},{"not_picked":["Warcry","Thunderclap+1"],"picked":"Iron Wave","floor":38.0},{"not_picked":["Twin Strike+1","Second Wind"],"picked":"Entrench","floor":39.0},{"not_picked":["Bloodletting","Uppercut+1"],"picked":"Feel No Pain","floor":40.0},{"not_picked":["Infernal Blade+1","Clash","Flex"],"picked":"SKIP","floor":41.0},{"not_picked":["Heavy Blade","Perfected Strike"],"picked":"Shrug It Off","floor":42.0},{"not_picked":["Bloodletting+1","Rupture","Reaper"],"picked":"SKIP","floor":45.0},{"not_picked":["Enlightenment","Mind Blast"],"picked":"Chrysalis","floor":48.0}],"player_experience":621971,"relics_obtained":[{"floor":6.0,"key":"Lantern"},{"floor":8.0,"key":"Sundial"},{"floor":9.0,"key":"Turnip"},{"floor":13.0,"key":"Nunchaku"},{"floor":24.0,"key":"Bottled Tornado"},{"floor":27.0,"key":"FossilizedHelix"},{"floor":38.0,"key":"Ice Cream"},{"floor":40.0,"key":"MawBank"},{"floor":42.0,"key":"Mercury Hourglass"},{"floor":43.0,"key":"PreservedInsect"}],"event_choices":[{"cards_removed":["Defend_R"],"damage_healed":0.0,"max_hp_gain":0.0,"max_hp_loss":0.0,"gold_gain":0.0,"event_name":"Golden Wing","player_choice":"Card Removal","floor":2.0,"gold_loss":0.0,"damage_taken":7.0},{"damage_healed":0.0,"max_hp_gain":0.0,"max_hp_loss":0.0,"gold_gain":0.0,"event_name":"Shining Light","player_choice":"Entered Light","floor":3.0,"gold_loss":0.0,"damage_taken":27.0,"cards_upgraded":["Shrug It Off","Strike_R"]},{"damage_healed":0.0,"max_hp_gain":0.0,"max_hp_loss":0.0,"gold_gain":0.0,"event_name":"Masked Bandits","player_choice":"Paid Fearfully","floor":20.0,"gold_loss":162.0,"damage_taken":0.0},{"damage_healed":0.0,"max_hp_gain":0.0,"max_hp_loss":0.0,"gold_gain":0.0,"event_name":"Back to Basics","player_choice":"Simplicity","floor":21.0,"gold_loss":0.0,"damage_taken":0.0,"cards_upgraded":["Strike_R","Strike_R","Strike_R","Strike_R","Defend_R","Defend_R","Defend_R"]},{"damage_healed":0.0,"max_hp_gain":0.0,"max_hp_loss":0.0,"gold_gain":0.0,"event_name":"Beggar","player_choice":"Ignored","floor":22.0,"gold_loss":0.0,"damage_taken":0.0},{"damage_healed":0.0,"max_hp_gain":0.0,"max_hp_loss":0.0,"gold_gain":0.0,"event_name":"Wheel of Change","player_choice":"Relic","floor":27.0,"gold_loss":0.0,"damage_taken":0.0},{"damage_healed":0.0,"max_hp_gain":0.0,"max_hp_loss":0.0,"gold_gain":0.0,"event_name":"MindBloom","player_choice":"Fight","floor":38.0,"gold_loss":0.0,"damage_taken":0.0},{"damage_healed":0.0,"max_hp_gain":0.0,"max_hp_loss":0.0,"gold_gain":0.0,"event_name":"Tomb of Lord Red Mask","player_choice":"Paid","floor":46.0,"gold_loss":0.0,"damage_taken":0.0,"relics_obtained":["Red Mask"]},{"damage_healed":0.0,"max_hp_gain":0.0,"max_hp_loss":0.0,"gold_gain":0.0,"event_name":"SensoryStone","player_choice":"Memory 1","floor":48.0,"gold_loss":0.0,"damage_taken":0.0}],"is_beta":false,"boss_relics":[{"not_picked":["Snecko Eye","Pandora\u0027s Box"],"picked":"Ectoplasm"},{"not_picked":["Orrery","Coffee Dripper"],"picked":"Fusion Hammer"}],"items_purged_floors":[],"is_endless":false,"potions_floor_spawned":[4,5,11,16,24,30,33,35,36,40,41],"killed_by":"Shield and Spear","ascension_level":20}