{"gold_per_floor":[110,124,199,219,230,230,240,240,240,415,5,32,32,32,32,134,134,146,146,157,66,66,66,80,96,119,119,129,129,148,168,168,271,271,288,342,442,144,158,158,158,170,195,195,215,215,215,90,90,90],"floor_reached":51,"playtime":2021,"items_purged":["Doubt","Strike_B","Strike_B"],"score":672,"play_id":"1c93f7f5-24e9-4108-8829-35dc295c0ac8","local_time":"20191014231602","is_ascension_mode":false,"campfire_choices":[{"data":"Zap","floor":6,"key":"SMITH"},{"data":"Creative AI","floor":8,"key":"SMITH"},{"floor":15,"key":"REST"},{"data":"Buffer","floor":23,"key":"SMITH"},{"data":"Defragment","floor":27,"key":"SMITH"},{"data":"RitualDagger","floor":29,"key":"SMITH"},{"floor":32,"key":"REST"},{"floor":40,"key":"REST"},{"floor":41,"key":"REST"},{"data":"Double Energy","floor":44,"key":"SMITH"},{"data":"Genetic Algorithm","floor":46,"key":"SMITH"},{"floor":49,"key":"REST"}],"neow_cost":"NONE","seed_source_timestamp":194103170022000,"circlet_count":0,"master_deck":["Strike_B","Strike_B","Defend_B","Defend_B","Defend_B","Defend_B","Zap+1","Dualcast","Gash","Static Discharge","Conserve Battery","Cold Snap","Creative AI+1","Hologram","Defragment+1","Buffer+1","Auto Shields+1","RitualDagger+1","Skim+1","Double Energy+1","Conserve Battery","Gash","Genetic Algorithm+1","Storm","Chaos+1","Go for the Eyes+1","Electrodynamics","Thunder Strike","Leap+1","Force Field+1","Stack+1","Redo","Sweeping Beam+1","Parasite","BootSequence","Leap"],"relics":["Cracked Core","Ornamental Fan","Incense Burner","StoneCalendar","Question Card","Inserter","Oddly Smooth Stone","Runic Pyramid","WingedGreaves","Thread and Needle","War Paint","Ancient Tea Set"],"potions_floor_usage":[4,12,28,33,36,42,50,50],"damage_taken":[{"damage":6,"enemies":"Jaw Worm","floor":1,"turns":3},{"damage":0,"enemies":"2 Louse","floor":2,"turns":3},{"damage":0,"enemies":"Cultist","floor":4,"turns":3},{"damage":0,"enemies":"Large Slime","floor":5,"turns":5},{"damage":11,"enemies":"Exordium Wildlife","floor":7,"turns":3},{"damage":24,"enemies":"Gremlin Nob","floor":12,"turns":5},{"damage":26,"enemies":"Slime Boss","floor":16,"turns":7},{"damage":19,"enemies":"Spheric Guardian","floor":18,"turns":6},{"damage":10,"enemies":"3 Byrds","floor":20,"turns":3},{"damage":11,"enemies":"Centurion and Healer","floor":24,"turns":7},{"damage":1,"enemies":"Snecko","floor":25,"turns":7},{"damage":16,"enemies":"Sentry and Sphere","floor":28,"turns":7},{"damage":15,"enemies":"Snake Plant","floor":30,"turns":5},{"damage":10,"enemies":"Centurion and Healer","floor":31,"turns":6},{"damage":25,"enemies":"Collector","floor":33,"turns":9},{"damage":14,"enemies":"Orb Walker","floor":35,"turns":5},{"damage":62,"enemies":"2 Orb Walkers","floor":36,"turns":6},{"damage":2,"enemies":"Mind Bloom Boss Battle","floor":37,"turns":7},{"damage":0,"enemies":"3 Darklings","floor":39,"turns":7},{"damage":6,"enemies":"Writhing Mass","floor":42,"turns":6},{"damage":0,"enemies":"Maw","floor":45,"turns":8},{"damage":27,"enemies":"Time Eater","floor":50,"turns":11}],"seed_played":"4999979295671124661","potions_obtained":[{"floor":2,"key":"Weak Potion"},{"floor":4,"key":"Fruit Juice"},{"floor":16,"key":"SkillPotion"},{"floor":24,"key":"FearPotion"},{"floor":25,"key":"Regen Potion"},{"floor":28,"key":"PotionOfCapacity"},{"floor":36,"key":"LiquidMemories"},{"floor":42,"key":"AttackPotion"},{"floor":45,"key":"Explosive Potion"}],"is_trial":false,"path_per_floor":["M","M","?","M","M","R","M","R","T","?","$","E","?","$","R","B",null,"M","?","M","$","?","R","M","M","T","R","M","R","M","M","R","B",null,"M","?","?","$","M","R","R","M","T","R","M","R","?","$","R","B",null],"character_chosen":"DEFECT","items_purchased":["Incense Burner","Hologram","Double Energy","Conserve Battery","War Paint","Redo"],"campfire_rested":5,"item_purchase_floors":[11,11,21,21,38,38],"current_hp_per_floor":[76,76,65,70,70,70,59,59,59,59,59,35,28,28,54,28,87,68,62,52,52,52,52,41,40,40,40,39,39,24,14,40,15,87,73,11,9,9,9,35,61,55,55,55,55,55,55,55,81,54],"gold":90,"neow_bonus":"TEN_PERCENT_HP_BONUS","is_prod":false,"is_daily":false,"chose_seed":false,"campfire_upgraded":7,"win_rate":0.0,"timestamp":1571087762,"path_taken":["M","M","?","M","M","R","M","R","T","?","$","E","?","$","R","BOSS","M","?","M","$","?","R","M","M","T","R","M","R","M","?","R","BOSS","M","?","?","$","M","R","R","M","T","R","M","R","?","$","R","BOSS"],"build_version":"2019-10-14","purchased_purges":3,"victory":true,"max_hp_per_floor":[82,82,82,87,87,87,87,87,87,87,87,87,87,87,87,87,87,87,87,87,87,87,87,87,87,87,87,87,87,87,87,87,87,87,87,87,87,87,87,87,87,87,87,87,87,87,87,87,87,87],"card_choices":[{"not_picked":["Sweeping Beam","Doom and Gloom"],"picked":"Gash","floor":1},{"not_picked":["Redo","BootSequence"],"picked":"Static Discharge","floor":2},{"not_picked":["Static Discharge","Chill"],"picked":"Conserve Battery","floor":4},{"not_picked":["Beam Cell","Steam"],"picked":"Cold Snap","floor":5},{"not_picked":["Go for the Eyes","Coolheaded"],"picked":"Creative AI","floor":7},{"not_picked":["Static Discharge","Chill"],"picked":"Defragment","floor":12},{"not_picked":["Fission","Biased Cognition","Reboot"],"picked":"Buffer","floor":16},{"not_picked":["Defragment","Hologram","Heatsinks"],"picked":"Auto Shields+1","floor":18},{"not_picked":["Conserve Battery","Go for the Eyes","Loop+1"],"picked":"Skim+1","floor":20},{"not_picked":["Leap","Double Energy","Redo"],"picked":"Genetic Algorithm","floor":24},{"not_picked":["Go for the Eyes","Streamline+1","Conserve Battery"],"picked":"Storm","floor":25},{"not_picked":["Defragment","Auto Shields+1","Conserve Battery"],"picked":"Chaos","floor":28},{"not_picked":["Stack","Hologram","Compile Driver"],"picked":"Go for the Eyes+1","floor":30},{"not_picked":["Scrape+1","Stack+1","Static Discharge+1"],"picked":"Electrodynamics","floor":31},{"not_picked":["Fission","Rainbow","Reboot"],"picked":"Thunder Strike","floor":33},{"not_picked":["Loop+1","Melter+1","Hologram+1"],"picked":"Leap+1","floor":35},{"not_picked":["Cold Snap","Go for the Eyes+1","Chaos"],"picked":"Force Field","floor":36},{"not_picked":["Streamline","Barrage+1","Go for the Eyes"],"picked":"Stack+1","floor":37},{"not_picked":["Capacitor+1","Conserve Battery","Cold Snap+1"],"picked":"Sweeping Beam+1","floor":39},{"not_picked":["Barrage+1","Sweeping Beam","Go for the Eyes"],"picked":"BootSequence","floor":42},{"not_picked":["Go for the Eyes","Streamline","Conserve Battery"],"picked":"Leap","floor":45}],"player_experience":5998,"relics_obtained":[{"floor":9,"key":"Ornamental Fan"},{"floor":12,"key":"StoneCalendar"},{"floor":26,"key":"Oddly Smooth Stone"},{"floor":36,"key":"WingedGreaves"},{"floor":37,"key":"Thread and Needle"},{"floor":43,"key":"Ancient Tea Set"}],"event_choices":[{"damage_healed":0,"gold_gain":75,"player_choice":"Gather Gold","damage_taken":11,"max_hp_gain":0,"max_hp_loss":0,"event_name":"World of Goop","floor":3,"gold_loss":0},{"damage_healed":0,"gold_gain":175,"player_choice":"AGREE","damage_taken":0,"max_hp_gain":0,"max_hp_loss":0,"event_name":"Liars Game","floor":10,"gold_loss":0,"cards_obtained":["Doubt"]},{"damage_healed":0,"gold_gain":0,"player_choice":"Success","damage_taken":7,"relics_obtained":["Question Card"],"max_hp_gain":0,"max_hp_loss":0,"event_name":"Scrap Ooze","floor":13,"gold_loss":0},{"damage_healed":0,"gold_gain":0,"player_choice":"Joined the Cult","damage_taken":6,"max_hp_gain":0,"max_hp_loss":0,"event_name":"Nest","floor":19,"gold_loss":0,"cards_obtained":["RitualDagger"]},{"damage_healed":0,"gold_gain":0,"player_choice":"Copied","damage_taken":0,"max_hp_gain":0,"max_hp_loss":0,"event_name":"Duplicator","floor":22,"gold_loss":0,"cards_obtained":["Gash"]},{"damage_healed":0,"gold_gain":0,"player_choice":"Fight","damage_taken":0,"max_hp_gain":0,"max_hp_loss":0,"event_name":"Mysterious Sphere","floor":36,"gold_loss":0},{"damage_healed":0,"gold_gain":0,"player_choice":"Fight","damage_taken":0,"max_hp_gain":0,"max_hp_loss":0,"event_name":"MindBloom","floor":37,"gold_loss":0},{"damage_healed":0,"gold_gain":0,"player_choice":"Ignored","damage_taken":0,"max_hp_gain":0,"max_hp_loss":0,"event_name":"Tomb of Lord Red Mask","floor":47,"gold_loss":0}],"is_beta":true,"boss_relics":[{"not_picked":["Coffee Dripper","Empty Cage"],"picked":"Inserter"},{"not_picked":["Astrolabe","Sozu"],"picked":"Runic Pyramid"}],"items_purged_floors":[11,38,48],"is_endless":false,"potions_floor_spawned":[2,4,16,24,25,28,31,36,42,45],"ascension_level":0}