{"gold_per_floor":[12,32,49,199,124,124,124,153,153,153,153,153,24,57,57,134,134,151,151,201,218,232,232,232],"floor_reached":24,"playtime":861,"items_purged":["Strike_R"],"score":404,"play_id":"4cfaa1a2-7da6-4896-ba1f-7f1e44181801","local_time":"20190915004655","is_ascension_mode":true,"campfire_choices":[{"data":"Bash","floor":6,"key":"SMITH"},{"data":"Searing Blow","floor":10,"key":"SMITH"},{"data":"Searing Blow+1","floor":11,"key":"SMITH"},{"data":"Armaments","floor":12,"key":"SMITH"},{"data":"Searing Blow+2","floor":15,"key":"SMITH"},{"data":"Searing Blow+3","floor":23,"key":"SMITH"}],"neow_cost":"NO_GOLD","seed_source_timestamp":166744334726000,"circlet_count":0,"master_deck":["AscendersBane","Bash+1","Anger","Shrug It Off","Iron Wave","Searing Blow+4","Armaments+1","Impervious","Bludgeon","Sword Boomerang","Pummel","Bloodletting","Seeing Red","Sword Boomerang","Body Slam"],"relics":["Burning Blood","WingedGreaves","Shuriken","Matryoshka","Regal Pillow","Pandora\u0027s Box"],"potions_floor_usage":[16,24,24],"damage_taken":[{"damage":7,"enemies":"2 Louse","floor":1,"turns":3},{"damage":14,"enemies":"Jaw Worm","floor":2,"turns":3},{"damage":3,"enemies":"Small Slimes","floor":3,"turns":3},{"damage":28,"enemies":"Gremlin Nob","floor":8,"turns":4},{"damage":15,"enemies":"Lagavulin","floor":14,"turns":6},{"damage":12,"enemies":"Hexaghost","floor":16,"turns":8},{"damage":19,"enemies":"Spheric Guardian","floor":18,"turns":5},{"damage":13,"enemies":"3 Byrds","floor":21,"turns":5},{"damage":4,"enemies":"Centurion and Healer","floor":22,"turns":5},{"damage":27,"enemies":"Slavers","floor":24,"turns":4}],"seed_played":"-8040345369909629922","potions_obtained":[{"floor":2,"key":"Ancient Potion"},{"floor":16,"key":"Poison Potion"},{"floor":21,"key":"SteroidPotion"}],"is_trial":false,"path_per_floor":["M","M","M","?","?","R","?","E","T","R","R","R","$","E","R","B",null,"M","?","?","M","M","R","E"],"character_chosen":"IRONCLAD","items_purchased":["PowerPotion"],"campfire_rested":0,"item_purchase_floors":[13],"current_hp_per_floor":[67,59,62,62,62,62,62,40,40,40,40,40,40,31,31,25,63,50,29,29,22,24,24,0],"gold":232,"neow_bonus":"ONE_RARE_RELIC","is_prod":false,"is_daily":false,"chose_seed":false,"campfire_upgraded":6,"win_rate":0,"timestamp":1568504815,"path_taken":["M","M","M","?","?","R","?","E","T","R","R","R","$","E","R","BOSS","M","?","?","M","?","R","E"],"build_version":"2019-07-17","purchased_purges":1,"victory":false,"max_hp_per_floor":[75,75,75,75,75,75,75,75,75,75,75,75,75,75,75,75,75,75,80,80,80,80,80,80],"card_choices":[{"not_picked":["Cleave","Body Slam"],"picked":"Anger","floor":1},{"not_picked":["Bloodletting","Carnage"],"picked":"Shrug It Off","floor":2},{"not_picked":["Sever Soul","Rupture"],"picked":"Iron Wave","floor":3},{"not_picked":["Heavy Blade","Barricade"],"picked":"Armaments","floor":8},{"not_picked":["True Grit","Inflame","Entrench"],"picked":"SKIP","floor":14},{"not_picked":["Demon Form","Dark Embrace"],"picked":"Impervious","floor":16},{"not_picked":["Shrug It Off","Heavy Blade","Armaments"],"picked":"SKIP","floor":18},{"not_picked":["Heavy Blade+1","True Grit","Clothesline"],"picked":"SKIP","floor":21},{"not_picked":["Clash+1","Armaments","Evolve"],"picked":"SKIP","floor":22}],"player_experience":1204052,"relics_obtained":[{"floor":8,"key":"Shuriken"},{"floor":9,"key":"Matryoshka"},{"floor":14,"key":"Regal Pillow"}],"event_choices":[{"damage_healed":0,"gold_gain":150,"player_choice":"AGREE","damage_taken":0,"max_hp_gain":0,"max_hp_loss":0,"event_name":"Liars Game","floor":4,"gold_loss":0,"cards_obtained":["Doubt"]},{"cards_removed":["Doubt"],"damage_healed":0,"gold_gain":0,"player_choice":"Card Removal","damage_taken":0,"max_hp_gain":0,"max_hp_loss":0,"event_name":"The Cleric","floor":5,"gold_loss":75},{"damage_healed":0,"gold_gain":0,"cards_transformed":["Strike_R"],"player_choice":"Change","damage_taken":0,"max_hp_gain":0,"max_hp_loss":0,"event_name":"Living Wall","floor":7,"gold_loss":0,"cards_obtained":["Searing Blow"]},{"damage_healed":0,"gold_gain":0,"player_choice":"Shed Blood","damage_taken":26,"max_hp_gain":5,"max_hp_loss":0,"event_name":"Forgotten Altar","floor":19,"gold_loss":0},{"damage_healed":0,"gold_gain":50,"player_choice":"Pray","damage_taken":0,"max_hp_gain":0,"max_hp_loss":0,"event_name":"Golden Shrine","floor":20,"gold_loss":0}],"is_beta":false,"boss_relics":[{"not_picked":["Calling Bell","Eternal Feather"],"picked":"Pandora\u0027s Box"}],"items_purged_floors":[13],"is_endless":false,"potions_floor_spawned":[2,16,21,22],"killed_by":"Slavers","ascension_level":20}