{"gold_per_floor":[118,135,135,151,116,116,132,132,180,211,223],"floor_reached":11,"playtime":425,"items_purged":[],"score":94,"play_id":"da0d22cc-1a60-44b2-84b8-8b40a918fec2","local_time":"20180905213002","is_ascension_mode":true,"campfire_choices":[{"data":"Zap","floor":6,"key":"SMITH"},{"data":"Stack","floor":8,"key":"SMITH"}],"neow_cost":"PERCENT_DAMAGE","seed_source_timestamp":1593657710861391,"circlet_count":0,"master_deck":["Strike_B","Strike_B","Strike_B","Strike_B","Defend_B","Defend_B","Defend_B","Defend_B","Zap+1","Dualcast","Sweeping Beam","Conserve Battery","Reinforced Body","Stack+1","Cold Snap"],"relics":["Cracked Core","StoneCalendar","Golden Idol","MawBank"],"potions_floor_usage":[],"damage_taken":[{"damage":0,"enemies":"Cultist","floor":1,"turns":4},{"damage":4,"enemies":"Small Slimes","floor":2,"turns":3},{"damage":0,"enemies":"Jaw Worm","floor":4,"turns":4},{"damage":11,"enemies":"Lots of Slimes","floor":7,"turns":3},{"damage":29,"enemies":"Large Slime","floor":10,"turns":6},{"damage":38,"enemies":"Gremlin Nob","floor":11,"turns":4}],"seed_played":"-8032627906209142508","potions_obtained":[{"floor":7,"key":"FocusPotion"},{"floor":10,"key":"FearPotion"}],"is_trial":false,"path_per_floor":["M","M","?","M","?","R","M","R","T","M"],"character_chosen":"DEFECT","items_purchased":[],"campfire_rested":0,"item_purchase_floors":[],"current_hp_per_floor":[50,46,46,46,63,63,52,52,52,23,0],"gold":223,"neow_bonus":"ONE_RARE_RELIC","is_prod":false,"is_daily":false,"chose_seed":false,"campfire_upgraded":2,"win_rate":0,"timestamp":1536179402,"path_taken":["M","M","?","?","?","R","M","R","T","M","E"],"build_version":"2018-08-30","purchased_purges":0,"victory":false,"max_hp_per_floor":[75,75,69,69,69,69,69,69,69,69,69],"card_choices":[{"not_picked":["Hologram","Barrage"],"picked":"Sweeping Beam","floor":1},{"not_picked":["Beam Cell","Consume"],"picked":"Conserve Battery","floor":2},{"not_picked":["Barrage","Steam"],"picked":"Reinforced Body","floor":4},{"not_picked":["Sweeping Beam","Go for the Eyes"],"picked":"Stack","floor":7},{"not_picked":["Coolheaded","Static Discharge"],"picked":"Cold Snap","floor":10}],"player_experience":641958,"relics_obtained":[{"floor":9,"key":"MawBank"}],"event_choices":[{"event_name":"Golden Idol","player_choice":"Lose Max HP","floor":3,"damage_taken":0},{"event_name":"The Cleric","player_choice":"Healed","floor":5,"damage_taken":0}],"is_beta":false,"boss_relics":[],"items_purged_floors":[],"is_endless":false,"potions_floor_spawned":[7,10],"killed_by":"Gremlin Nob","ascension_level":9}