{"gold_per_floor":[213,229,229,304,304,335,352,8,8,34,64,64,84,114,114,212,212,230,9,26,39,39,39,53,65,113,138,150,191,203,103,103,198,198,209,209,229,1,1,1,20,36,36,54,69,94,0,31,31,31],"floor_reached":51,"playtime":3150,"items_purged":["Strike_R","Strike_R","Strike_R"],"score":1248,"play_id":"b83c1d45-4b91-41f0-b765-eb733b0ad6f9","local_time":"20190920202119","is_ascension_mode":true,"campfire_choices":[{"data":"Uppercut","floor":12,"key":"SMITH"},{"floor":15,"key":"REST"},{"data":"Feel No Pain","floor":23,"key":"SMITH"},{"data":"Metallicize","floor":28,"key":"SMITH"},{"data":"Pommel Strike","floor":32,"key":"SMITH"},{"data":"Demon Form","floor":40,"key":"SMITH"},{"data":"Juggernaut","floor":49,"key":"SMITH"}],"neow_cost":"NONE","seed_source_timestamp":815466280216320,"circlet_count":0,"master_deck":["AscendersBane","Strike_R","Strike_R","Defend_R","Defend_R","Defend_R","Defend_R","Bash","Uppercut+1","Flame Barrier","Corruption","Spot Weakness","Exhume","Disarm","Metallicize+1","Shrug It Off","Rampage","Feel No Pain+1","Pummel+1","Pommel Strike+1","Exhume","Body Slam+1","Feel No Pain","Havoc","Juggernaut+1","Demon Form+1","Shrug It Off","Feel No Pain","Flame Barrier+1","Uppercut","Pommel Strike","Barricade","Body Slam"],"relics":["Burning Blood","Kunai","Ancient Tea Set","Happy Flower","Sundial","Toy Ornithopter","Lantern","Bottled Tornado","Snecko Eye","Membership Card","Pen Nib","MawBank","Oddly Smooth Stone","Philosopher\u0027s Stone","Bag of Preparation","Incense Burner","PreservedInsect","Red Mask","Vajra"],"potions_floor_usage":[10,10,14,16,24,27,29,37,42,48],"damage_taken":[{"damage":7,"enemies":"2 Louse","floor":1,"turns":4},{"damage":10,"enemies":"Small Slimes","floor":2,"turns":4},{"damage":28,"enemies":"Gremlin Nob","floor":6,"turns":5},{"damage":1,"enemies":"Cultist","floor":7,"turns":4},{"damage":35,"enemies":"Lagavulin","floor":10,"turns":5},{"damage":0,"enemies":"Exordium Wildlife","floor":13,"turns":4},{"damage":35,"enemies":"3 Sentries","floor":14,"turns":9},{"damage":29,"enemies":"Hexaghost","floor":16,"turns":9},{"damage":0,"enemies":"Chosen","floor":18,"turns":4},{"damage":14,"enemies":"2 Thieves","floor":20,"turns":4},{"damage":16,"enemies":"Snake Plant","floor":21,"turns":4},{"damage":13,"enemies":"Sentry and Sphere","floor":24,"turns":6},{"damage":0,"enemies":"Snecko","floor":25,"turns":3},{"damage":11,"enemies":"Slavers","floor":27,"turns":5},{"damage":0,"enemies":"Book of Stabbing","floor":29,"turns":3},{"damage":23,"enemies":"Automaton","floor":33,"turns":12},{"damage":0,"enemies":"3 Shapes","floor":35,"turns":6},{"damage":18,"enemies":"3 Darklings","floor":37,"turns":6},{"damage":11,"enemies":"Sphere and 2 Shapes","floor":41,"turns":5},{"damage":20,"enemies":"Transient","floor":42,"turns":5},{"damage":0,"enemies":"4 Shapes","floor":44,"turns":6},{"damage":0,"enemies":"Jaw Worm Horde","floor":45,"turns":4},{"damage":0,"enemies":"Giant Head","floor":46,"turns":7},{"damage":0,"enemies":"Reptomancer","floor":48,"turns":4},{"damage":60,"enemies":"Awakened One","floor":50,"turns":10}],"seed_played":"-7540750871176509133","potions_obtained":[{"floor":1,"key":"Dexterity Potion"},{"floor":6,"key":"DuplicationPotion"},{"floor":13,"key":"Explosive Potion"},{"floor":16,"key":"GamblersBrew"},{"floor":18,"key":"PowerPotion"},{"floor":20,"key":"GamblersBrew"},{"floor":33,"key":"Fire Potion"},{"floor":35,"key":"EntropicBrew"},{"floor":36,"key":"Weak Potion"},{"floor":36,"key":"BloodPotion"},{"floor":41,"key":"Swift Potion"},{"floor":45,"key":"Fire Potion"},{"floor":46,"key":"DuplicationPotion"}],"is_trial":false,"path_per_floor":["M","M","?","?","?","E","M","$","T","E","?","R","M","E","R","B",null,"M","$","M","M","?","R","M","M","T","E","R","E","?","$","R","B",null,"M","?","M","$","$","R","M","M","T","M","M","E","?","E","R","B",null],"character_chosen":"IRONCLAD","items_purchased":["Uppercut","Happy Flower","BloodPotion","Membership Card","Metallicize","Shrug It Off","Rampage","Feel No Pain","Havoc","Shrug It Off","Bag of Preparation","Feel No Pain","ElixirPotion"],"campfire_rested":1,"item_purchase_floors":[8,8,8,19,19,19,19,31,31,38,38,38,38],"current_hp_per_floor":[71,67,67,56,56,34,39,39,39,26,26,26,32,8,32,14,64,70,70,62,52,52,52,50,56,56,56,56,67,52,52,52,35,73,79,79,72,72,72,72,67,58,58,64,70,76,76,85,85,31],"gold":31,"neow_bonus":"HUNDRED_GOLD","is_prod":false,"is_daily":false,"chose_seed":false,"campfire_upgraded":6,"win_rate":0,"timestamp":1569025279,"path_taken":["M","M","?","?","?","E","?","$","T","E","?","R","M","E","R","BOSS","M","$","M","M","?","R","M","M","T","E","R","E","?","$","R","BOSS","M","?","M","?","$","R","M","M","T","M","?","E","?","E","R","BOSS"],"build_version":"2019-09-20","purchased_purges":3,"victory":true,"max_hp_per_floor":[80,80,80,80,80,80,80,80,80,80,80,80,80,80,80,80,80,80,80,80,80,80,80,80,80,80,80,80,80,85,85,85,85,85,85,85,85,85,85,85,85,85,85,85,85,85,85,85,85,85],"card_choices":[{"not_picked":["Entrench","Flex","Dropkick"],"picked":"SKIP","floor":1},{"not_picked":["Flex","Pummel","Hemokinesis"],"picked":"SKIP","floor":2},{"not_picked":["Rage","Power Through","Burning Pact"],"picked":"SKIP","floor":6},{"not_picked":["Rupture","Heavy Blade","Dropkick"],"picked":"SKIP","floor":7},{"not_picked":["Perfected Strike","Iron Wave"],"picked":"Flame Barrier","floor":10},{"not_picked":["Searing Blow","Rupture"],"picked":"Corruption","floor":13},{"not_picked":["Wild Strike","Pommel Strike"],"picked":"Spot Weakness","floor":14},{"not_picked":["Double Tap","Berserk"],"picked":"Exhume","floor":16},{"not_picked":["Sword Boomerang+1","Shrug It Off+1"],"picked":"Disarm","floor":18},{"not_picked":["Perfected Strike","True Grit"],"picked":"Feel No Pain","floor":20},{"not_picked":["Wild Strike","Clash"],"picked":"Pummel+1","floor":21},{"not_picked":["Anger+1","True Grit","Flex"],"picked":"SKIP","floor":24},{"not_picked":["True Grit","Body Slam"],"picked":"Pommel Strike","floor":25},{"not_picked":["Inflame","Intimidate"],"picked":"Exhume","floor":27},{"not_picked":["Shrug It Off","Thunderclap"],"picked":"Body Slam+1","floor":29},{"not_picked":["Double Tap","Demon Form"],"picked":"Juggernaut","floor":33},{"not_picked":["Twin Strike+1","Flex+1","Heavy Blade+1"],"picked":"SKIP","floor":35},{"not_picked":["Wild Strike+1","True Grit+1"],"picked":"Demon Form","floor":37},{"not_picked":["Wild Strike","Clash+1","Cleave"],"picked":"SKIP","floor":41},{"not_picked":["Wild Strike","Clash+1","Cleave"],"picked":"SKIP","floor":41},{"not_picked":["Heavy Blade+1","Clash+1"],"picked":"Flame Barrier+1","floor":42},{"not_picked":["Blood for Blood+1","Sword Boomerang+1"],"picked":"Uppercut","floor":44},{"not_picked":["Cleave+1","Flex+1"],"picked":"Pommel Strike","floor":45},{"not_picked":["Exhume","Wild Strike"],"picked":"Barricade","floor":46},{"not_picked":["Pummel","Spot Weakness"],"picked":"Body Slam","floor":48}],"player_experience":408958,"relics_obtained":[{"floor":6,"key":"Ancient Tea Set"},{"floor":9,"key":"Sundial"},{"floor":10,"key":"Toy Ornithopter"},{"floor":14,"key":"Bottled Tornado"},{"floor":26,"key":"Pen Nib"},{"floor":27,"key":"MawBank"},{"floor":29,"key":"Oddly Smooth Stone"},{"floor":43,"key":"Incense Burner"},{"floor":46,"key":"PreservedInsect"},{"floor":48,"key":"Vajra"}],"event_choices":[{"damage_healed":0,"gold_gain":0,"player_choice":"Box","damage_taken":0,"relics_obtained":["Kunai"],"max_hp_gain":0,"max_hp_loss":0,"event_name":"Big Fish","floor":3,"gold_loss":0,"cards_obtained":["Regret"]},{"damage_healed":0,"gold_gain":75,"player_choice":"Gather Gold","damage_taken":11,"max_hp_gain":0,"max_hp_loss":0,"event_name":"World of Goop","floor":4,"gold_loss":0},{"cards_removed":["Regret"],"damage_healed":0,"gold_gain":0,"player_choice":"Card Removal","damage_taken":0,"max_hp_gain":0,"max_hp_loss":0,"event_name":"Wheel of Change","floor":5,"gold_loss":0},{"damage_healed":0,"gold_gain":30,"player_choice":"Searched \u00272\u0027 times","damage_taken":0,"relics_obtained":["Lantern"],"max_hp_gain":0,"max_hp_loss":0,"event_name":"Dead Adventurer","floor":11,"gold_loss":0},{"damage_healed":0,"gold_gain":0,"player_choice":"Ignored","damage_taken":0,"max_hp_gain":0,"max_hp_loss":0,"event_name":"Vampires","floor":22,"gold_loss":0},{"damage_healed":0,"gold_gain":0,"player_choice":"Shed Blood","damage_taken":20,"max_hp_gain":5,"max_hp_loss":0,"event_name":"Forgotten Altar","floor":30,"gold_loss":0},{"damage_healed":0,"gold_gain":0,"player_choice":"Got Potions","damage_taken":0,"max_hp_gain":0,"max_hp_loss":0,"event_name":"Lab","floor":36,"gold_loss":0},{"damage_healed":0,"gold_gain":0,"player_choice":"Paid","damage_taken":0,"relics_obtained":["Red Mask"],"max_hp_gain":0,"max_hp_loss":0,"event_name":"Tomb of Lord Red Mask","floor":47,"gold_loss":94}],"is_beta":true,"boss_relics":[{"not_picked":["Fusion Hammer","Busted Crown"],"picked":"Snecko Eye"},{"not_picked":["Empty Cage","Black Star"],"picked":"Philosopher\u0027s Stone"}],"items_purged_floors":[8,31,38],"is_endless":false,"potions_floor_spawned":[1,6,13,16,18,20,33,35,41,45,46],"ascension_level":10}