{"path_per_floor":["M","M","?","?","M","R","E","M","T","M","R","E","$","M","R"],"character_chosen":"IRONCLAD","items_purchased":["Disarm","Feed"],"gold_per_floor":[119,137,137,212,229,229,260,274,297,315,315,380,169,185,185,185],"floor_reached":16,"campfire_rested":1,"playtime":1208,"item_purchase_floors":[13,13],"current_hp_per_floor":[65,70,70,59,50,50,35,28,28,31,70,38,38,33,33,0],"items_purged":["Strike_R"],"gold":185,"score":162,"play_id":"3add8e3b-f38f-4fe5-8bcb-5e1a79ddb1ea","local_time":"20180616135750","is_prod":false,"is_daily":false,"chose_seed":false,"is_ascension_mode":true,"campfire_upgraded":2,"win_rate":0,"timestamp":1529153870,"campfire_choices":[{"data":"Bash","floor":6,"key":"SMITH"},{"floor":11,"key":"REST"},{"data":"Shrug It Off","floor":15,"key":"SMITH"}],"path_taken":["M","M","?","?","M","R","E","?","T","?","R","E","$","?","R","BOSS"],"build_version":"2018-06-14v2","seed_source_timestamp":156921981772962,"purchased_purges":1,"victory":false,"master_deck":["Strike_R","Strike_R","Strike_R","Defend_R","Defend_R","Defend_R","Bash+1","Pommel Strike","Thunderclap","Feel No Pain","Shrug It Off+1","Shrug It Off","Disarm","Feed","Shockwave"],"max_hp_per_floor":[80,80,80,80,80,80,80,80,80,82,82,84,84,87,87,87],"relics":["Burning Blood","Regal Pillow","Singing Bowl","Tiny Chest"],"card_choices":[{"not_picked":["Perfected Strike","Infernal Blade"],"picked":"Pommel Strike","floor":1},{"not_picked":["Warcry","Twin Strike"],"picked":"Thunderclap","floor":2},{"not_picked":["Blood for Blood","Headbutt"],"picked":"Feel No Pain","floor":5},{"not_picked":["Rage","Flex"],"picked":"Shrug It Off","floor":7},{"not_picked":["Blood for Blood","Perfected Strike"],"picked":"Shrug It Off","floor":8},{"not_picked":["Pommel Strike","Intimidate","Heavy Blade"],"picked":"Singing Bowl","floor":10},{"not_picked":["Hemokinesis","Clash","Entrench"],"picked":"Singing Bowl","floor":12},{"not_picked":["Double Tap","Sword Boomerang"],"picked":"Shockwave","floor":14}],"player_experience":445312,"potions_floor_usage":[10,16],"damage_taken":[{"damage":13,"enemies":"Jaw Worm","floor":1,"turns":5},{"damage":1,"enemies":"Cultist","floor":2,"turns":3},{"damage":15,"enemies":"Small Slimes","floor":5,"turns":3},{"damage":21,"enemies":"3 Sentries","floor":7,"turns":9},{"damage":13,"enemies":"Red Slaver","floor":8,"turns":4},{"damage":5,"enemies":"Gremlin Gang","floor":10,"turns":5},{"damage":40,"enemies":"Gremlin Nob","floor":12,"turns":5},{"damage":14,"enemies":"Lots of Slimes","floor":14,"turns":3},{"damage":43,"enemies":"Slime Boss","floor":16,"turns":9}],"relics_obtained":[{"floor":7,"key":"Regal Pillow"},{"floor":9,"key":"Singing Bowl"},{"floor":12,"key":"Tiny Chest"}],"event_choices":[{"event_name":"Bonfire Elementals","player_choice":"BASIC","floor":3,"damage_taken":0},{"event_name":"World of Goop","player_choice":"Gather Gold","floor":4,"damage_taken":0}],"boss_relics":[],"items_purged_floors":[13],"is_endless":false,"potions_floor_spawned":[2,5,14],"seed_played":"5658195011384292817","killed_by":"Slime Boss","ascension_level":9,"potions_obtained":[{"floor":2,"key":"GamblersBrew"},{"floor":5,"key":"AttackPotion"},{"floor":14,"key":"LiquidBronze"}],"is_trial":false}