{"gold_per_floor":[363,374,179,194,194,227,227,49,49,49,49,67,399,399,399,476,476,489,322,322,342,342,354,354,373,373,373,400,400,400,63,63,137,137,150,169,181,28,28,28,56,56,56,72,92,111,111,126,126,126],"floor_reached":51,"playtime":2928,"items_purged":["Strike_B","Strike_B"],"score":1131,"play_id":"74f52134-93b4-46c4-93fc-9903658ecc49","local_time":"20180910120014","is_ascension_mode":true,"campfire_choices":[{"data":"Go for the Eyes","floor":7,"key":"SMITH"},{"floor":11,"key":"REST"},{"floor":15,"key":"REST"},{"data":"Static Discharge","floor":24,"key":"SMITH"},{"floor":27,"key":"REST"},{"data":"Defragment","floor":29,"key":"SMITH"},{"data":"Static Discharge","floor":32,"key":"SMITH"},{"floor":40,"key":"REST"},{"data":"Consume","floor":42,"key":"SMITH"},{"floor":47,"key":"REST"},{"floor":49,"key":"REST"}],"neow_cost":"TEN_PERCENT_HP_LOSS","seed_source_timestamp":1988969762526666,"circlet_count":0,"master_deck":["Strike_B","Strike_B","Defend_B","Defend_B+1","Defend_B","Zap","Dualcast","AscendersBane","Streamline","Doom and Gloom","Auto Shields+1","Go for the Eyes+1","Stack","Static Discharge+1","Steam","Multi-Cast","Compile Driver","Defragment+1","Reinforced Body","Rebound+1","Beam Cell","Static Discharge+1","Defragment+1","Glacier","Electrodynamics","Leap","Consume+1"],"relics":["Cracked Core","Tiny Chest","Matryoshka","Happy Flower","Bronze Scales","Blood Vial","DataDisk","Old Coin","Cursed Key","Strawberry","Pear","Nuclear Battery","Juzu Bracelet"],"potions_floor_usage":[6,18,21,33,33,35,41,46,50,50],"damage_taken":[{"damage":0,"enemies":"Cultist","floor":1,"turns":3},{"damage":7,"enemies":"Jaw Worm","floor":2,"turns":3},{"damage":0,"enemies":"2 Louse","floor":4,"turns":2},{"damage":12,"enemies":"Lagavulin","floor":6,"turns":5},{"damage":13,"enemies":"Blue Slaver","floor":12,"turns":2},{"damage":25,"enemies":"3 Sentries","floor":13,"turns":5},{"damage":5,"enemies":"Hexaghost","floor":16,"turns":8},{"damage":16,"enemies":"2 Thieves","floor":18,"turns":4},{"damage":11,"enemies":"Shell Parasite","floor":21,"turns":4},{"damage":10,"enemies":"Centurion and Healer","floor":23,"turns":8},{"damage":2,"enemies":"Cultist and Chosen","floor":25,"turns":5},{"damage":9,"enemies":"Book of Stabbing","floor":28,"turns":5},{"damage":46,"enemies":"Automaton","floor":33,"turns":8},{"damage":17,"enemies":"3 Darklings","floor":35,"turns":3},{"damage":0,"enemies":"3 Shapes","floor":36,"turns":4},{"damage":28,"enemies":"Maw","floor":37,"turns":8},{"damage":11,"enemies":"2 Orb Walkers","floor":41,"turns":2},{"damage":0,"enemies":"4 Shapes","floor":44,"turns":6},{"damage":22,"enemies":"Reptomancer","floor":45,"turns":3},{"damage":4,"enemies":"Maw","floor":46,"turns":7},{"damage":18,"enemies":"4 Shapes","floor":48,"turns":2},{"damage":44,"enemies":"Time Eater","floor":50,"turns":6}],"seed_played":"2144636930432967634","potions_obtained":[{"floor":4,"key":"Poison Potion"},{"floor":12,"key":"Weak Potion"},{"floor":16,"key":"PowerPotion"},{"floor":18,"key":"AttackPotion"},{"floor":23,"key":"Strength Potion"},{"floor":25,"key":"AttackPotion"},{"floor":33,"key":"SneckoOil"},{"floor":35,"key":"Swift Potion"},{"floor":37,"key":"Strength Potion"},{"floor":41,"key":"Regen Potion"},{"floor":46,"key":"AttackPotion"},{"floor":48,"key":"Swift Potion"}],"is_trial":false,"path_per_floor":["M","M","$","M","?","E","R","$","T","?","R","M","E","?","R","B",null,"M","$","?","M","T","M","R","M","T","R","E","R","?","$","R","B",null,"M","M","M","$","?","R","E","R","T","M","M","M","R","M","R","B"],"character_chosen":"DEFECT","items_purchased":["Tiny Chest","Stack","Happy Flower","Defragment","Glacier","Pear","Consume","FocusPotion"],"campfire_rested":6,"item_purchase_floors":[3,8,8,19,31,31,38,38],"current_hp_per_floor":[68,61,61,61,47,35,35,35,35,32,52,41,18,18,38,35,60,46,46,46,37,37,29,29,29,29,49,49,49,49,59,59,15,68,53,55,29,29,29,54,45,45,45,47,27,40,65,49,74,32],"gold":126,"neow_bonus":"TWO_FIFTY_GOLD","is_prod":false,"is_daily":false,"chose_seed":false,"campfire_upgraded":5,"win_rate":0,"timestamp":1536577214,"path_taken":["M","M","$","?","?","E","R","$","T","?","R","M","E","?","R","BOSS","M","$","?","M","?","M","R","M","T","R","E","R","?","$","R","BOSS","M","M","M","$","?","R","E","R","T","M","M","M","R","M","R","BOSS"],"build_version":"2018-09-06","purchased_purges":2,"victory":true,"max_hp_per_floor":[68,68,68,68,68,68,68,68,68,68,68,68,68,68,68,68,68,68,68,68,68,68,68,68,68,68,68,75,75,75,85,85,85,85,85,85,85,85,85,85,85,85,85,85,85,85,85,85,85,85],"card_choices":[{"not_picked":["Heatsinks","Cold Snap"],"picked":"Streamline","floor":1},{"not_picked":["Streamline","Redo"],"picked":"Doom and Gloom","floor":2},{"not_picked":["Blizzard","Self Repair"],"picked":"Auto Shields","floor":4},{"not_picked":["Echo Form","Sweeping Beam"],"picked":"Go for the Eyes","floor":6},{"not_picked":["Auto Shields","Rebound"],"picked":"Static Discharge","floor":12},{"not_picked":["Hyperbeam","Reinforced Body"],"picked":"Steam","floor":13},{"not_picked":["Thunder Strike","Echo Form"],"picked":"Multi-Cast","floor":16},{"not_picked":["Streamline","Genetic Algorithm"],"picked":"Compile Driver","floor":18},{"not_picked":["Cold Snap","Darkness"],"picked":"Reinforced Body","floor":21},{"not_picked":["Compile Driver","Redo"],"picked":"Rebound+1","floor":23},{"not_picked":["Genetic Algorithm+1","Streamline"],"picked":"Beam Cell","floor":25},{"not_picked":["Hello World","Beam Cell"],"picked":"Static Discharge","floor":28},{"not_picked":["Core Surge","All For One"],"picked":"Electrodynamics","floor":33},{"not_picked":["Turbo","Steam+1"],"picked":"Leap","floor":35},{"not_picked":["Hello World+1","Barrage","Genetic Algorithm"],"picked":"SKIP","floor":36},{"not_picked":["Rebound","Barrage","Conserve Battery+1"],"picked":"SKIP","floor":37},{"not_picked":["Fission","Coolheaded","Steam"],"picked":"SKIP","floor":41},{"not_picked":["Aggregate","Hologram","Ball Lightning+1"],"picked":"SKIP","floor":44},{"not_picked":["Beam Cell","Redo+1","Coolheaded"],"picked":"SKIP","floor":45},{"not_picked":["Go for the Eyes","Biased Cognition","Hologram"],"picked":"SKIP","floor":46},{"not_picked":["Hologram","Coolheaded","Go for the Eyes"],"picked":"SKIP","floor":48}],"player_experience":722531,"relics_obtained":[{"floor":6,"key":"Matryoshka"},{"floor":9,"key":"Bronze Scales"},{"floor":9,"key":"Blood Vial"},{"floor":13,"key":"Old Coin"},{"floor":28,"key":"Strawberry"},{"floor":41,"key":"Juzu Bracelet"}],"event_choices":[{"event_name":"Shining Light","player_choice":"Entered Light","floor":5,"damage_taken":0},{"event_name":"Scrap Ooze","player_choice":"success","floor":10,"damage_taken":3},{"event_name":"Dead Adventurer","player_choice":"Searched \u00270\u0027 times","floor":14,"damage_taken":0},{"event_name":"Vampires","player_choice":"Ignored","floor":20,"damage_taken":0},{"event_name":"Duplicator","player_choice":"One dupe","floor":30,"damage_taken":0},{"event_name":"Falling","player_choice":"Removed Skill","floor":39,"damage_taken":0}],"is_beta":false,"boss_relics":[{"not_picked":["Eternal Feather","Fusion Hammer"],"picked":"Cursed Key"},{"not_picked":["Runic Pyramid","Busted Crown"],"picked":"Nuclear Battery"}],"items_purged_floors":[3,19],"is_endless":false,"potions_floor_spawned":[4,12,16,18,23,25,33,35,37,41,46,48],"ascension_level":13}