{"gold_per_floor":[13,13,25,25,44,44,72,72,72,92,163,223,223,243,243,342,342,353,370,31,31,31,31,57,70,70,70,70,84,99,50,50,147,147,160,160],"floor_reached":36,"playtime":1492,"items_purged":["Force Field"],"score":608,"play_id":"d29a6e4b-0502-4332-a0ad-4effb1d56f78","local_time":"20190302203326","is_ascension_mode":true,"campfire_choices":[{"data":"Zap","floor":6,"key":"SMITH"},{"floor":8,"key":"REST"},{"floor":13,"key":"REST"},{"floor":15,"key":"REST"},{"floor":23,"key":"REST"},{"floor":28,"key":"REST"},{"floor":32,"key":"REST"}],"neow_cost":"NO_GOLD","seed_source_timestamp":87925364386600,"circlet_count":0,"master_deck":["AscendersBane","Zap+1","Dualcast","Defragment","Leap","White Noise","Melter","Conserve Battery","Chill","Darkness","Multi-Cast","Creative AI","Coolheaded","Darkness","Go for the Eyes","Core Surge","Ball Lightning+1","Hologram","Steam","Outmaneuver","Heatsinks+1","Dagger Throw","Secret Technique","Compile Driver+1"],"relics":["Cracked Core","Symbiotic Virus","Ornamental Fan","Mercury Hourglass","Odd Mushroom","Oddly Smooth Stone","Pandora\u0027s Box","PrismaticShard","Frozen Egg 2","Omamori","Kunai","Cursed Key"],"potions_floor_usage":[10,14,24,29,33,33],"damage_taken":[{"damage":0,"enemies":"Small Slimes","floor":1,"turns":3},{"damage":7,"enemies":"2 Louse","floor":3,"turns":3},{"damage":0,"enemies":"Cultist","floor":5,"turns":4},{"damage":17,"enemies":"3 Sentries","floor":7,"turns":6},{"damage":16,"enemies":"The Mushroom Lair","floor":10,"turns":4},{"damage":22,"enemies":"Gremlin Nob","floor":12,"turns":4},{"damage":0,"enemies":"Exordium Thugs","floor":14,"turns":4},{"damage":42,"enemies":"Slime Boss","floor":16,"turns":6},{"damage":9,"enemies":"3 Byrds","floor":18,"turns":4},{"damage":25,"enemies":"2 Thieves","floor":19,"turns":3},{"damage":25,"enemies":"Book of Stabbing","floor":24,"turns":4},{"damage":2,"enemies":"Sentry and Sphere","floor":25,"turns":3},{"damage":0,"enemies":"Cultist and Chosen","floor":29,"turns":5},{"damage":2,"enemies":"Shelled Parasite and Fungi","floor":30,"turns":5},{"damage":26,"enemies":"Automaton","floor":33,"turns":12},{"damage":13,"enemies":"Orb Walker","floor":35,"turns":5},{"damage":56,"enemies":"3 Darklings","floor":36,"turns":6}],"seed_played":"2298686640696098859","potions_obtained":[{"floor":3,"key":"Poison Potion"},{"floor":5,"key":"FairyPotion"},{"floor":12,"key":"GamblersBrew"},{"floor":19,"key":"FocusPotion"},{"floor":24,"key":"SkillPotion"},{"floor":29,"key":"PowerPotion"},{"floor":35,"key":"LiquidBronze"}],"is_trial":false,"path_per_floor":["M","?","M","$","M","R","E","R","T","?","?","?","R","M","R","B",null,"M","M","$","?","?","R","E","M","T","$","R","M","M","$","R","B",null,"M","M"],"character_chosen":"DEFECT","items_purchased":["PrismaticShard","Hologram","Dexterity Potion"],"campfire_rested":6,"item_purchase_floors":[20,20,31],"current_hp_per_floor":[68,35,28,28,28,28,11,33,33,17,17,3,25,25,47,5,58,49,24,24,24,24,46,21,19,19,19,41,41,39,39,61,35,65,52,0],"gold":160,"neow_bonus":"REMOVE_TWO","is_prod":false,"is_daily":false,"chose_seed":false,"campfire_upgraded":1,"win_rate":0,"timestamp":1551555206,"path_taken":["M","?","M","$","M","R","E","R","T","?","?","?","R","M","R","BOSS","M","M","$","?","?","R","E","?","T","?","R","M","M","$","R","BOSS","M","M"],"build_version":"2019-01-23","purchased_purges":1,"victory":false,"max_hp_per_floor":[75,75,75,75,75,75,75,75,75,75,75,75,75,75,75,75,75,75,75,75,75,75,75,75,75,75,75,75,75,75,75,75,75,75,75,75],"card_choices":[{"not_picked":["Stack","Tempest"],"picked":"Defragment","floor":1},{"not_picked":["Redo","Beam Cell"],"picked":"Leap","floor":3},{"not_picked":["Steam","Go for the Eyes"],"picked":"White Noise","floor":5},{"not_picked":["Loop","Turbo"],"picked":"Melter","floor":7},{"not_picked":["Go for the Eyes","Sweeping Beam"],"picked":"Conserve Battery","floor":10},{"not_picked":["Stack","Steam"],"picked":"Chill","floor":12},{"not_picked":["Leap","Sweeping Beam"],"picked":"Darkness","floor":14},{"not_picked":["Reboot","Seek"],"picked":"Multi-Cast","floor":16},{"not_picked":["Compile Driver","Go for the Eyes"],"picked":"Ball Lightning+1","floor":18},{"not_picked":["Steam Power","Recycle","Barrage"],"picked":"SKIP","floor":19},{"not_picked":["Melter","Hyperbeam"],"picked":"Steam","floor":24},{"not_picked":["All Out Attack","Genetic Algorithm+1"],"picked":"Outmaneuver","floor":25},{"not_picked":["Turbo","PiercingWail"],"picked":"Heatsinks+1","floor":29},{"not_picked":["Turbo","Cloak And Dagger"],"picked":"Dagger Throw","floor":30},{"not_picked":["Limit Break","Phantasmal Killer"],"picked":"Secret Technique","floor":33},{"not_picked":["Fusion","True Grit"],"picked":"Compile Driver+1","floor":35}],"player_experience":879505,"relics_obtained":[{"floor":7,"key":"Ornamental Fan"},{"floor":9,"key":"Mercury Hourglass"},{"floor":10,"key":"Odd Mushroom"},{"floor":12,"key":"Oddly Smooth Stone"},{"floor":24,"key":"Omamori"},{"floor":26,"key":"Kunai"}],"event_choices":[{"damage_healed":0,"gold_gain":0,"player_choice":"Success","damage_taken":33,"relics_obtained":["Symbiotic Virus"],"max_hp_gain":0,"max_hp_loss":0,"event_name":"Scrap Ooze","floor":2,"gold_loss":0},{"damage_healed":0,"gold_gain":0,"player_choice":"Fought Mushrooms","damage_taken":0,"max_hp_gain":0,"max_hp_loss":0,"event_name":"Mushrooms","floor":10,"gold_loss":0},{"damage_healed":0,"gold_gain":71,"player_choice":"Gained Gold","damage_taken":0,"max_hp_gain":0,"max_hp_loss":0,"event_name":"Golden Wing","floor":11,"gold_loss":0},{"damage_healed":0,"gold_gain":0,"player_choice":"Searched \u00271\u0027 times","damage_taken":0,"max_hp_gain":0,"max_hp_loss":0,"event_name":"Dead Adventurer","floor":12,"gold_loss":0},{"damage_healed":0,"gold_gain":0,"player_choice":"Opened","damage_taken":0,"relics_obtained":["Frozen Egg 2"],"max_hp_gain":0,"max_hp_loss":0,"event_name":"The Mausoleum","floor":21,"gold_loss":0,"cards_obtained":["Writhe"]},{"cards_removed":["Writhe"],"damage_healed":0,"gold_gain":0,"player_choice":"Removed Curses","damage_taken":0,"max_hp_gain":0,"max_hp_loss":0,"event_name":"Fountain of Cleansing","floor":22,"gold_loss":0}],"is_beta":false,"boss_relics":[{"not_picked":["Coffee Dripper","White Beast Statue"],"picked":"Pandora\u0027s Box"},{"not_picked":["Empty Cage","Orrery"],"picked":"Cursed Key"}],"items_purged_floors":[20],"is_endless":false,"potions_floor_spawned":[3,5,12,19,24,29,35],"killed_by":"3 Darklings","ascension_level":12}