{"gold_per_floor":[111,111,111,132,157,157,175,250,250,250,57,57,76,95,95,190,190,204,204,223,247,262,262,285,329,329,329,329,329,348,375,375,468,468,489,503,95,95,166,166,66,66,66,66,82,107,130,143,143,143,143],"floor_reached":52,"playtime":3663,"items_purged":["Bite","Bite"],"score":1636,"play_id":"f7fd1dcb-4c1c-44f8-85a9-2fd06c089792","local_time":"20191007211636","is_ascension_mode":true,"campfire_choices":[{"data":"Dagger Spray","floor":6.0,"key":"SMITH"},{"data":"Neutralize","floor":10.0,"key":"SMITH"},{"data":"Apotheosis","floor":15.0,"key":"SMITH"},{"data":"Malaise","floor":23.0,"key":"SMITH"},{"data":"Footwork","floor":27.0,"key":"SMITH"},{"data":"Caltrops","floor":29.0,"key":"SMITH"},{"data":"Footwork","floor":32.0,"key":"SMITH"},{"floor":40.0,"key":"DIG"},{"floor":42.0,"key":"DIG"},{"floor":44.0,"key":"DIG"},{"floor":49,"key":"DIG"}],"neow_cost":"NONE","seed_source_timestamp":195964013048641,"circlet_count":0,"master_deck":["AscendersBane","Defend_G","Defend_G","Defend_G","Defend_G","Defend_G","Survivor","Neutralize+1","Flying Knee","Dagger Spray+1","Caltrops+1","Apotheosis+1","Footwork+1","Malaise+1","Terror","Bite","Bite","Bite","Backflip+1","Dash","Footwork+1","Footwork+1","Dash","Leg Sweep","Dodge and Roll"],"special_seed":0,"relics":["Ring of the Snake","Golden Idol","Velvet Choker","Question Card","Darkstone Periapt","Lantern","Calling Bell","Bag of Marbles","Meat on the Bone","Mango","Shovel","SsserpentHead","Oddly Smooth Stone","Mummified Hand","Paper Crane","Bag of Preparation","Pen Nib"],"potions_floor_usage":[50,51],"damage_taken":[{"damage":2.0,"enemies":"Jaw Worm","floor":1.0,"turns":6.0},{"damage":11.0,"enemies":"Small Slimes","floor":4.0,"turns":4.0},{"damage":1.0,"enemies":"2 Louse","floor":5.0,"turns":4.0},{"damage":6.0,"enemies":"Blue Slaver","floor":7.0,"turns":5.0},{"damage":0.0,"enemies":"2 Fungi Beasts","floor":13.0,"turns":3.0},{"damage":10.0,"enemies":"Exordium Thugs","floor":14.0,"turns":5.0},{"damage":9.0,"enemies":"The Guardian","floor":16.0,"turns":14.0},{"damage":0.0,"enemies":"Chosen","floor":18.0,"turns":6.0},{"damage":24.0,"enemies":"3 Byrds","floor":20.0,"turns":6.0},{"damage":11.0,"enemies":"3 Cultists","floor":21.0,"turns":6.0},{"damage":17.0,"enemies":"Centurion and Healer","floor":22.0,"turns":9.0},{"damage":6.0,"enemies":"Snake Plant","floor":24.0,"turns":6.0},{"damage":4.0,"enemies":"Book of Stabbing","floor":25.0,"turns":5.0},{"damage":10.0,"enemies":"Chosen and Byrds","floor":30.0,"turns":6.0},{"damage":58.0,"enemies":"Automaton","floor":33.0,"turns":16.0},{"damage":14.0,"enemies":"Orb Walker","floor":35.0,"turns":5.0},{"damage":20.0,"enemies":"3 Darklings","floor":36.0,"turns":7.0},{"damage":32.0,"enemies":"Transient","floor":39.0,"turns":6.0},{"damage":4,"enemies":"4 Shapes","floor":45,"turns":11},{"damage":0,"enemies":"Spire Growth","floor":46,"turns":7},{"damage":9,"enemies":"3 Darklings","floor":47,"turns":8},{"damage":0,"enemies":"Writhing Mass","floor":48,"turns":9},{"damage":1,"enemies":"Time Eater","floor":50,"turns":24},{"damage":69,"enemies":"Donu and Deca","floor":51,"turns":47}],"seed_played":"8317862614415686502","potions_obtained":[{"floor":7.0,"key":"GhostInAJar"},{"floor":14.0,"key":"EssenceOfSteel"}],"is_trial":false,"path_per_floor":["M","?","?","M","M","R","M","?","T","R","$","?","M","M","R","B",null,"M","?","M","M","M","R","M","E","T","R","?","R","M","T","R","B",null,"M","M","$","?","M","R","$","R","T","R","M","M","M","M","R","B","B",null],"character_chosen":"THE_SILENT","items_purchased":["Apotheosis","Shovel"],"campfire_rested":0,"item_purchase_floors":[11,37],"current_hp_per_floor":[57,57,57,46,45,45,39,28,28,28,28,48,48,38,38,29,52,52,42,37,37,42,42,42,42,42,42,42,42,35,35,35,30,56,48,49,49,49,31,31,31,31,31,31,39,54,56,56,56,56,52],"gold":143,"neow_bonus":"REMOVE_CARD","is_prod":false,"is_daily":false,"chose_seed":false,"campfire_upgraded":7,"win_rate":0,"timestamp":1570508196,"path_taken":["M","?","?","M","M","R","M","?","T","R","$","?","?","M","R","BOSS","M","?","M","M","M","R","M","E","T","R","?","R","?","?","R","BOSS","M","M","$","?","?","R","$","R","T","R","M","M","M","M","R","BOSS","BOSS"],"build_version":"2019-07-17","purchased_purges":2,"victory":true,"max_hp_per_floor":[66,66,60,60,60,60,60,60,60,60,60,60,60,60,60,60,60,60,42,42,42,42,42,42,42,42,42,42,42,42,42,42,42,56,56,56,56,56,56,56,56,56,56,56,56,56,56,56,56,56,56],"card_choices":[{"not_picked":["Dodge and Roll","Dagger Throw"],"picked":"Flying Knee","floor":1.0},{"not_picked":["Cloak And Dagger","Infinite Blades","Outmaneuver"],"picked":"SKIP","floor":4.0},{"not_picked":["Acrobatics","Blade Dance"],"picked":"Dagger Spray","floor":5.0},{"not_picked":["Crippling Poison","Escape Plan"],"picked":"Caltrops","floor":7.0},{"not_picked":["Dagger Throw","Underhanded Strike","Masterful Stab"],"picked":"SKIP","floor":13.0},{"not_picked":["Prepared","Backflip"],"picked":"Footwork","floor":14.0},{"not_picked":["A Thousand Cuts","Die Die Die"],"picked":"Malaise","floor":16.0},{"not_picked":["Riddle With Holes","PiercingWail"],"picked":"Terror","floor":18.0},{"not_picked":["Poisoned Stab","Expertise"],"picked":"Backflip+1","floor":20.0},{"not_picked":["Cloak And Dagger","Blade Dance+1","Underhanded Strike+1"],"picked":"SKIP","floor":21.0},{"not_picked":["Deadly Poison","Acrobatics","Reflex"],"picked":"SKIP","floor":22.0},{"not_picked":["Predator","Setup"],"picked":"Dash","floor":24.0},{"not_picked":["Quick Slash+1","PiercingWail+1","Outmaneuver"],"picked":"SKIP","floor":25.0},{"not_picked":["Malaise","All Out Attack","Caltrops"],"picked":"Footwork","floor":30.0},{"not_picked":["Bane+1","Deflect","Riddle With Holes"],"picked":"Dash","floor":35.0},{"not_picked":["Deflect","Cloak And Dagger","Prepared","Skewer+1"],"picked":"SKIP","floor":36.0},{"not_picked":["Riddle With Holes","PiercingWail","Flechettes","Poisoned Stab"],"picked":"SKIP","floor":39.0},{"not_picked":["Prepared","Poisoned Stab","Storm of Steel"],"picked":"Leg Sweep","floor":45},{"not_picked":["Dagger Throw","Riddle With Holes","Expertise+1"],"picked":"Dodge and Roll","floor":46},{"not_picked":["Predator+1","Dagger Spray","Poisoned Stab","PiercingWail"],"picked":"SKIP","floor":47},{"not_picked":["Quick Slash","Sucker Punch+1","Bane","Outmaneuver"],"picked":"SKIP","floor":48}],"player_experience":353391,"relics_obtained":[{"floor":25.0,"key":"Question Card"},{"floor":26.0,"key":"Darkstone Periapt"},{"floor":31.0,"key":"Lantern"},{"floor":34.0,"key":"Bag of Marbles"},{"floor":34.0,"key":"Meat on the Bone"},{"floor":34.0,"key":"Mango"},{"floor":40.0,"key":"Oddly Smooth Stone"},{"floor":42.0,"key":"Mummified Hand"},{"floor":43.0,"key":"Paper Crane"},{"floor":44.0,"key":"Bag of Preparation"},{"floor":49,"key":"Pen Nib"}],"event_choices":[{"damage_healed":0.0,"max_hp_gain":0.0,"max_hp_loss":0.0,"gold_gain":0.0,"event_name":"Liars Game","player_choice":"Ignored","floor":2.0,"gold_loss":0.0,"damage_taken":0.0},{"damage_healed":0.0,"max_hp_gain":0.0,"max_hp_loss":6.0,"gold_gain":0.0,"event_name":"Golden Idol","player_choice":"Lose Max HP","floor":3.0,"gold_loss":0.0,"damage_taken":0.0,"relics_obtained":["Golden Idol"]},{"damage_healed":0.0,"max_hp_gain":0.0,"max_hp_loss":0.0,"gold_gain":75.0,"event_name":"World of Goop","player_choice":"Gather Gold","floor":8.0,"gold_loss":0.0,"damage_taken":11.0},{"damage_healed":20.0,"max_hp_gain":0.0,"max_hp_loss":0.0,"gold_gain":0.0,"event_name":"Big Fish","player_choice":"Banana","floor":12.0,"gold_loss":0.0,"damage_taken":0.0},{"damage_healed":0.0,"max_hp_gain":0.0,"max_hp_loss":18.0,"gold_gain":0.0,"event_name":"Vampires","player_choice":"Became a vampire","floor":19.0,"gold_loss":0.0,"damage_taken":0.0,"cards_obtained":["Bite","Bite","Bite","Bite","Bite"]},{"damage_healed":0.0,"max_hp_gain":0.0,"max_hp_loss":0.0,"gold_gain":0.0,"event_name":"Duplicator","player_choice":"Copied","floor":28.0,"gold_loss":0.0,"damage_taken":0.0,"cards_obtained":["Footwork"]},{"damage_healed":0.0,"max_hp_gain":0.0,"max_hp_loss":0.0,"gold_gain":0.0,"event_name":"FaceTrader","player_choice":"Trade","floor":38.0,"gold_loss":0.0,"damage_taken":0.0,"relics_obtained":["SsserpentHead"]}],"is_beta":false,"boss_relics":[{"not_picked":["Runic Pyramid","Astrolabe"],"picked":"Velvet Choker"},{"not_picked":["Coffee Dripper","WristBlade"],"picked":"Calling Bell"}],"items_purged_floors":[37,41],"is_endless":false,"potions_floor_spawned":[7,14,16,20,22,25,30,45,46,47,48],"ascension_level":20}