{"gold_per_floor":[110,110,260,260,276,310,310,339,351,363,396,408,434,475,487,499],"floor_reached":16,"playtime":414,"items_purged":[],"score":268,"play_id":"157ae735-3aab-438e-b4a1-5dde0e4ebb43","local_time":"20190825135748","is_ascension_mode":true,"campfire_choices":[{"data":"Storm","floor":7,"key":"SMITH"},{"data":"Conserve Battery","floor":10,"key":"SMITH"},{"data":"Coolheaded","floor":12,"key":"SMITH"},{"floor":15,"key":"REST"}],"neow_cost":"NONE","seed_source_timestamp":982676476526000,"circlet_count":0,"master_deck":["AscendersBane","Strike_B","Strike_B","Strike_B","Strike_B","Defend_B","Defend_B","Defend_B","Defend_B","Zap+1","Dualcast","Conserve Battery+1","Doubt","Ball Lightning","Storm+1","Machine Learning","Coolheaded+1","Conserve Battery","Compile Driver"],"relics":["Cracked Core","NeowsBlessing","WingedGreaves","Ornamental Fan","MawBank","Lantern","Odd Mushroom","Pantograph"],"potions_floor_usage":[8,8,16],"damage_taken":[{"damage":0,"enemies":"Small Slimes","floor":1,"turns":1},{"damage":0,"enemies":"Jaw Worm","floor":5,"turns":1},{"damage":0,"enemies":"Gremlin Nob","floor":6,"turns":1},{"damage":8,"enemies":"Lagavulin","floor":8,"turns":5},{"damage":10,"enemies":"The Mushroom Lair","floor":11,"turns":4},{"damage":0,"enemies":"Cultist","floor":13,"turns":4},{"damage":39,"enemies":"Gremlin Nob","floor":14,"turns":5},{"damage":57,"enemies":"Slime Boss","floor":16,"turns":7}],"seed_played":"9068585686209215904","potions_obtained":[{"floor":1,"key":"GamblersBrew"},{"floor":5,"key":"PowerPotion"},{"floor":13,"key":"Strength Potion"}],"is_trial":false,"path_per_floor":["M","?","?","T","M","E","R","E","T","R","?","R","M","E","R","B"],"character_chosen":"DEFECT","items_purchased":[],"campfire_rested":1,"item_purchase_floors":[],"current_hp_per_floor":[64,64,64,64,64,64,64,56,56,56,46,46,46,7,28,0],"gold":499,"neow_bonus":"THREE_ENEMY_KILL","is_prod":false,"is_daily":false,"chose_seed":false,"campfire_upgraded":3,"win_rate":0,"timestamp":1566734268,"path_taken":["M","?","?","?","?","E","R","E","T","R","?","R","M","E","R","BOSS"],"build_version":"2019-07-17","purchased_purges":0,"victory":false,"max_hp_per_floor":[71,71,71,71,71,71,71,71,71,71,71,71,71,71,71,71],"card_choices":[{"not_picked":["Loop","Rebound"],"picked":"Conserve Battery","floor":1},{"not_picked":["Coolheaded","Beam Cell"],"picked":"Ball Lightning","floor":5},{"not_picked":["Conserve Battery","Darkness"],"picked":"Storm","floor":6},{"not_picked":["Ball Lightning","Turbo"],"picked":"Machine Learning","floor":8},{"not_picked":["Undo","Storm"],"picked":"Coolheaded","floor":11},{"not_picked":["Recycle","Barrage"],"picked":"Conserve Battery","floor":13},{"not_picked":["Streamline","Blizzard"],"picked":"Compile Driver","floor":14}],"player_experience":1964875,"relics_obtained":[{"floor":4,"key":"WingedGreaves"},{"floor":6,"key":"Ornamental Fan"},{"floor":8,"key":"MawBank"},{"floor":9,"key":"Lantern"},{"floor":11,"key":"Odd Mushroom"},{"floor":14,"key":"Pantograph"}],"event_choices":[{"damage_healed":0,"gold_gain":0,"player_choice":"Grow","damage_taken":0,"max_hp_gain":0,"max_hp_loss":0,"event_name":"Living Wall","floor":2,"gold_loss":0,"cards_upgraded":["Zap"]},{"damage_healed":0,"gold_gain":150,"player_choice":"AGREE","damage_taken":0,"max_hp_gain":0,"max_hp_loss":0,"event_name":"Liars Game","floor":3,"gold_loss":0,"cards_obtained":["Doubt"]},{"damage_healed":0,"gold_gain":0,"player_choice":"Fought Mushrooms","damage_taken":0,"max_hp_gain":0,"max_hp_loss":0,"event_name":"Mushrooms","floor":11,"gold_loss":0}],"is_beta":false,"boss_relics":[],"items_purged_floors":[],"is_endless":false,"potions_floor_spawned":[1,5,13],"killed_by":"Slime Boss","ascension_level":18}