{"gold_per_floor":[118,118,42,58,76,76,88,88,88,103,103,63,89,109,109,206,206,219,233,50,66,66],"floor_reached":22,"playtime":1196,"items_purged":["Dagger Throw"],"score":291,"play_id":"cada9002-bb3e-4099-9bed-d6dcb77f4b99","local_time":"20190930112701","is_ascension_mode":true,"campfire_choices":[{"data":"Neutralize","floor":6.0,"key":"SMITH"},{"data":"Neutralize","floor":8.0,"key":"SMITH"},{"data":"Caltrops","floor":11.0,"key":"SMITH"},{"data":"Noxious Fumes","floor":15.0,"key":"SMITH"}],"neow_cost":"TEN_PERCENT_HP_LOSS","seed_source_timestamp":875491938596121,"circlet_count":0,"master_deck":["AscendersBane","Survivor","Neutralize+1","Expertise","Neutralize+1","Caltrops+1","Leg Sweep","Backflip","Dagger Spray","Noxious Fumes+1","Tools of the Trade","Deflect+1","Bane","Outmaneuver","Well Laid Plans","Terror"],"special_seed":0,"relics":["Ring of the Snake","Potion Belt","Bottled Tornado","Pandora\u0027s Box"],"potions_floor_usage":[19,21],"damage_taken":[{"damage":1.0,"enemies":"2 Louse","floor":1.0,"turns":4.0},{"damage":0.0,"enemies":"Cultist","floor":4.0,"turns":3.0},{"damage":7.0,"enemies":"Small Slimes","floor":5.0,"turns":5.0},{"damage":0.0,"enemies":"Red Slaver","floor":7.0,"turns":4.0},{"damage":3.0,"enemies":"Looter","floor":10.0,"turns":4.0},{"damage":26.0,"enemies":"Lagavulin","floor":13.0,"turns":9.0},{"damage":4.0,"enemies":"Blue Slaver","floor":14.0,"turns":5.0},{"damage":8.0,"enemies":"Hexaghost","floor":16.0,"turns":10.0},{"damage":12.0,"enemies":"Spheric Guardian","floor":18.0,"turns":6.0},{"damage":6,"enemies":"2 Thieves","floor":19,"turns":4},{"damage":22,"enemies":"Cultist and Chosen","floor":21,"turns":7},{"damage":17,"enemies":"Centurion and Healer","floor":22,"turns":2}],"seed_played":"7496759178074729454","potions_obtained":[{"floor":7.0,"key":"Energy Potion"},{"floor":12.0,"key":"Energy Potion"},{"floor":12.0,"key":"PowerPotion"},{"floor":12.0,"key":"Fruit Juice"},{"floor":13.0,"key":"SpeedPotion"},{"floor":19,"key":"AttackPotion"}],"is_trial":false,"path_per_floor":["M","?","$","M","M","R","M","R","T","M","R","?","E","M","R","B",null,"M","M","$","M","M"],"character_chosen":"THE_SILENT","items_purchased":["Caltrops","Outmaneuver","Well Laid Plans"],"campfire_rested":0,"item_purchase_floors":[3,20,20],"current_hp_per_floor":[62,62,62,62,55,55,55,55,55,52,52,57,31,27,27,19,56,44,38,38,16,0],"gold":66,"neow_bonus":"REMOVE_TWO","is_prod":false,"is_daily":false,"chose_seed":false,"campfire_upgraded":4,"win_rate":0,"timestamp":1569868021,"path_taken":["M","?","$","M","M","R","M","R","T","?","R","?","E","M","R","BOSS","M","M","$","M","M"],"build_version":"2019-07-17","purchased_purges":1,"victory":false,"max_hp_per_floor":[63,63,63,63,63,63,63,63,63,63,63,68,68,68,68,68,68,68,68,68,68,68],"card_choices":[{"not_picked":["Poisoned Stab","Tactician"],"picked":"Dagger Throw","floor":1.0},{"not_picked":["Deflect","Concentrate","Riddle With Holes"],"picked":"SKIP","floor":4.0},{"not_picked":["Deflect","Crippling Poison","Underhanded Strike"],"picked":"SKIP","floor":5.0},{"not_picked":["Skewer","Reflex"],"picked":"Leg Sweep","floor":7.0},{"not_picked":["Heel Hook","Dagger Throw"],"picked":"Backflip","floor":10.0},{"not_picked":["Flechettes","Terror"],"picked":"Dagger Spray","floor":13.0},{"not_picked":["Underhanded Strike","Distraction"],"picked":"Noxious Fumes","floor":14.0},{"not_picked":["Grand Finale","Adrenaline"],"picked":"Tools of the Trade","floor":16.0},{"not_picked":["Dodge and Roll","Bane"],"picked":"Deflect+1","floor":18.0},{"not_picked":["Distraction","Poisoned Stab"],"picked":"Bane","floor":19},{"not_picked":["Deadly Poison+1","Cloak And Dagger+1"],"picked":"Terror","floor":21}],"player_experience":273276,"relics_obtained":[{"floor":9.0,"key":"Potion Belt"},{"floor":13.0,"key":"Bottled Tornado"}],"event_choices":[{"damage_healed":0.0,"max_hp_gain":0.0,"max_hp_loss":0.0,"gold_gain":0.0,"event_name":"Match and Keep!","player_choice":"2 cards matched","floor":2.0,"gold_loss":0.0,"damage_taken":0.0,"cards_obtained":["Expertise","Neutralize"]},{"damage_healed":0.0,"max_hp_gain":0.0,"max_hp_loss":0.0,"gold_gain":0.0,"event_name":"The Woman in Blue","player_choice":"Bought 3 Potions","floor":12.0,"gold_loss":0.0,"damage_taken":0.0}],"is_beta":false,"boss_relics":[{"not_picked":["Cursed Key","Velvet Choker"],"picked":"Pandora\u0027s Box"}],"items_purged_floors":[20],"is_endless":false,"potions_floor_spawned":[7,13,16,19],"killed_by":"Centurion and Healer","ascension_level":11}