{"gold_per_floor":[109,109,125,125,152,152,180,196,269,280,280,308,177,34,34,105,105,124,141,141,158,169,169,197,197,251,251,81,101,101,118,118,118],"floor_reached":33,"playtime":1175,"items_purged":["Strike_R","Strike_R"],"score":555,"play_id":"8234d147-6e1a-40e3-ac59-3d77f427e243","local_time":"20190719230341","is_ascension_mode":true,"campfire_choices":[{"data":"Bash","floor":6,"key":"SMITH"},{"data":"Armaments","floor":11,"key":"SMITH"},{"data":"True Grit","floor":15,"key":"SMITH"},{"floor":23,"key":"REST"},{"floor":27,"key":"REST"},{"floor":32,"key":"REST"}],"neow_cost":"NONE","seed_source_timestamp":612679576727700,"circlet_count":0,"master_deck":["AscendersBane","Strike_R","Defend_R","Defend_R","Defend_R","Defend_R","Bash+1","Anger","Armaments+1","True Grit+1","True Grit","Rampage","Headbutt","Inflame","Double Tap","Spot Weakness+1","Heavy Blade","Clothesline","Seeing Red","Feel No Pain","Body Slam","Infernal Blade","Flame Barrier","Feel No Pain"],"relics":["Burning Blood","Centennial Puzzle","Potion Belt","PreservedInsect","Red Skull","Pear","Gambling Chip","Empty Cage","Omamori","Oddly Smooth Stone","Tiny Chest"],"potions_floor_usage":[7,16,16,22,31],"damage_taken":[{"damage":4,"enemies":"Small Slimes","floor":1,"turns":4},{"damage":12,"enemies":"Cultist","floor":3,"turns":4},{"damage":0,"enemies":"Gremlin Nob","floor":7,"turns":2},{"damage":7,"enemies":"Jaw Worm","floor":8,"turns":3},{"damage":11,"enemies":"2 Fungi Beasts","floor":10,"turns":4},{"damage":15,"enemies":"3 Sentries","floor":12,"turns":7},{"damage":23,"enemies":"The Guardian","floor":16,"turns":11},{"damage":26,"enemies":"3 Byrds","floor":18,"turns":6},{"damage":0,"enemies":"Chosen","floor":19,"turns":3},{"damage":57,"enemies":"3 Cultists","floor":21,"turns":6},{"damage":15,"enemies":"Snecko","floor":22,"turns":5},{"damage":34,"enemies":"Book of Stabbing","floor":24,"turns":5},{"damage":5,"enemies":"Sentry and Sphere","floor":29,"turns":4},{"damage":34,"enemies":"Colosseum Slavers","floor":30,"turns":5},{"damage":1,"enemies":"3 Cultists","floor":31,"turns":4},{"damage":45,"enemies":"Collector","floor":33,"turns":3}],"seed_played":"507736116719469146","potions_obtained":[{"floor":1,"key":"EssenceOfSteel"},{"floor":3,"key":"SteroidPotion"},{"floor":12,"key":"LiquidBronze"},{"floor":19,"key":"Dexterity Potion"},{"floor":22,"key":"Explosive Potion"}],"is_trial":false,"path_per_floor":["M","?","M","$","T","R","E","M","T","M","R","E","$","$","R","B",null,"M","M","?","M","M","R","E","T","T","R","$","M","?","M","R","B"],"character_chosen":"IRONCLAD","items_purchased":["Headbutt","Inflame","Feel No Pain","Body Slam","Infernal Blade"],"campfire_rested":3,"item_purchase_floors":[13,14,28,28,28],"current_hp_per_floor":[70,70,64,64,64,64,70,69,79,74,74,65,65,65,65,48,76,56,62,79,28,19,44,16,16,16,41,41,42,14,19,44,0],"gold":118,"neow_bonus":"RANDOM_COMMON_RELIC","is_prod":false,"is_daily":false,"chose_seed":false,"campfire_upgraded":3,"win_rate":0,"timestamp":1563570221,"path_taken":["M","?","M","$","?","R","E","?","T","M","R","E","?","$","R","BOSS","M","M","?","M","M","R","E","?","T","R","$","M","?","M","R","BOSS"],"build_version":"2019-07-17","purchased_purges":2,"victory":false,"max_hp_per_floor":[75,75,75,75,75,75,75,75,85,85,85,85,85,85,85,85,85,85,85,85,85,85,85,85,85,85,85,85,85,85,85,85,85],"card_choices":[{"not_picked":["Combust","Ghostly Armor"],"picked":"Rage","floor":1},{"not_picked":["Battle Trance","Pommel Strike"],"picked":"Anger","floor":3},{"not_picked":["Cleave","Carnage"],"picked":"Armaments","floor":7},{"not_picked":["Warcry","Shrug It Off"],"picked":"True Grit","floor":8},{"not_picked":["Combust","Entrench"],"picked":"True Grit","floor":10},{"not_picked":["Reckless Charge","Wild Strike"],"picked":"Rampage","floor":12},{"not_picked":["Impervious","Berserk"],"picked":"Double Tap","floor":16},{"not_picked":["Twin Strike","Havoc","Blood for Blood"],"picked":"SKIP","floor":18},{"not_picked":["Battle Trance","Iron Wave"],"picked":"Spot Weakness+1","floor":19},{"not_picked":["Pummel","Bloodletting"],"picked":"Heavy Blade","floor":21},{"not_picked":["Inflame+1","Hemokinesis"],"picked":"Clothesline","floor":22},{"not_picked":["Combust","Flex"],"picked":"Seeing Red","floor":24},{"not_picked":["Infernal Blade","Blood for Blood"],"picked":"Flame Barrier","floor":29},{"not_picked":["Perfected Strike","Clothesline"],"picked":"Feel No Pain","floor":31}],"player_experience":1693849,"relics_obtained":[{"floor":5,"key":"PreservedInsect"},{"floor":7,"key":"Red Skull"},{"floor":9,"key":"Pear"},{"floor":12,"key":"Gambling Chip"},{"floor":24,"key":"Omamori"},{"floor":25,"key":"Oddly Smooth Stone"},{"floor":26,"key":"Tiny Chest"}],"event_choices":[{"cards_removed":["Rage"],"damage_healed":0,"gold_gain":0,"player_choice":"Gave Card","damage_taken":0,"relics_obtained":["Potion Belt"],"max_hp_gain":0,"max_hp_loss":0,"event_name":"WeMeetAgain","floor":2,"gold_loss":0},{"damage_healed":17,"gold_gain":0,"player_choice":"Heal","damage_taken":0,"max_hp_gain":0,"max_hp_loss":0,"event_name":"The Library","floor":20,"gold_loss":0},{"damage_healed":0,"gold_gain":0,"player_choice":"Fight","damage_taken":0,"max_hp_gain":0,"max_hp_loss":0,"event_name":"Colosseum","floor":30,"gold_loss":0},{"damage_healed":0,"gold_gain":0,"player_choice":"Fled From Nobs","damage_taken":0,"max_hp_gain":0,"max_hp_loss":0,"event_name":"Colosseum","floor":30,"gold_loss":0}],"is_beta":false,"boss_relics":[{"not_picked":["Runic Dome","Eternal Feather"],"picked":"Empty Cage"}],"items_purged_floors":[13,14],"is_endless":false,"potions_floor_spawned":[1,3,12,19,22,30],"killed_by":"Collector","ascension_level":17}