{"gold_per_floor":[119,135,285,285,309,347,347,347],"floor_reached":8,"playtime":323,"items_purged":[],"score":104,"play_id":"b5df8bba-faf2-4600-b967-78720b99f7e5","local_time":"20190722000555","is_ascension_mode":true,"campfire_choices":[{"data":"True Grit","floor":7,"key":"SMITH"}],"neow_cost":"NONE","seed_source_timestamp":51564126892400,"circlet_count":0,"master_deck":["AscendersBane","Strike_R","Strike_R","Strike_R","Strike_R","Strike_R","Defend_R","Defend_R","Defend_R","Defend_R","Bash+1","Flex","Headbutt","Doubt","Injury","True Grit+1","Flame Barrier"],"special_seed":0,"relics":["Burning Blood","Golden Idol","Magic Flower"],"potions_floor_usage":[8,8],"damage_taken":[{"damage":2.0,"enemies":"2 Louse","floor":1.0,"turns":3.0},{"damage":9.0,"enemies":"Small Slimes","floor":2.0,"turns":4.0},{"damage":7,"enemies":"Cultist","floor":5,"turns":4},{"damage":51,"enemies":"3 Sentries","floor":6,"turns":11},{"damage":26,"enemies":"Lagavulin","floor":8,"turns":6}],"seed_played":"620431225717950339","potions_obtained":[{"floor":1.0,"key":"Ancient Potion"},{"floor":5,"key":"Weak Potion"},{"floor":6,"key":"SkillPotion"}],"is_trial":false,"path_per_floor":["M","M","?","?","M","E","R","E"],"character_chosen":"IRONCLAD","items_purchased":[],"campfire_rested":0,"item_purchase_floors":[],"current_hp_per_floor":[72,69,69,69,68,23,23,0],"gold":347,"neow_bonus":"UPGRADE_CARD","is_prod":false,"is_daily":false,"chose_seed":false,"campfire_upgraded":1,"win_rate":0,"timestamp":1563746755,"path_taken":["M","M","?","?","M","E","R","E"],"build_version":"2019-07-17","purchased_purges":0,"victory":false,"max_hp_per_floor":[75,75,75,75,75,75,75,75],"card_choices":[{"not_picked":["Pummel","Power Through"],"picked":"Flex","floor":1.0},{"not_picked":["Body Slam","Thunderclap"],"picked":"Headbutt","floor":2},{"not_picked":["Havoc","Intimidate"],"picked":"True Grit","floor":5},{"not_picked":["Anger","Fire Breathing"],"picked":"Flame Barrier","floor":6}],"player_experience":1718034,"relics_obtained":[{"floor":6,"key":"Magic Flower"}],"event_choices":[{"damage_healed":0,"gold_gain":150,"player_choice":"AGREE","damage_taken":0,"max_hp_gain":0,"max_hp_loss":0,"event_name":"Liars Game","floor":3,"gold_loss":0,"cards_obtained":["Doubt"]},{"damage_healed":0,"gold_gain":0,"player_choice":"Take Wound","damage_taken":0,"relics_obtained":["Golden Idol"],"max_hp_gain":0,"max_hp_loss":0,"event_name":"Golden Idol","floor":4,"gold_loss":0,"cards_obtained":["Injury"]}],"is_beta":false,"boss_relics":[],"items_purged_floors":[],"is_endless":false,"potions_floor_spawned":[1,5,6],"killed_by":"Lagavulin","ascension_level":17}