{"gold_per_floor":[109,259,184,184,184,212,2,2,29,29,57,75,75,92,92,163,163,175,185,22,32,32,32,65,65,89,89,89,421,621,621,621,697,697,708,808,824,824,843,843,859,859,859,43,43,43,61,81,81,81],"floor_reached":51,"playtime":10355,"items_purged":["Strike_R","Strike_R"],"score":1337,"play_id":"4ab78310-6c12-4cfb-a0b8-1960f2e8c368","local_time":"20181027162625","is_ascension_mode":true,"campfire_choices":[{"floor":8,"key":"REST"},{"data":"Feed","floor":10,"key":"SMITH"},{"data":"Feel No Pain","floor":15,"key":"SMITH"},{"data":"Corruption","floor":23,"key":"SMITH"},{"data":"Disarm","floor":25,"key":"SMITH"},{"data":"Spot Weakness","floor":27,"key":"SMITH"},{"floor":32,"key":"REST"},{"data":"Dark Embrace","floor":40,"key":"SMITH"},{"data":"Bloodletting","floor":42,"key":"SMITH"},{"data":"Double Tap","floor":46,"key":"SMITH"},{"data":"True Grit","floor":49,"key":"SMITH"}],"neow_cost":"NONE","seed_source_timestamp":467419965855807,"circlet_count":0,"master_deck":["Strike_R","Strike_R","Defend_R+1","Defend_R","Defend_R","Defend_R+1","Bash","AscendersBane","Feel No Pain+1","Twin Strike","Corruption+1","Feed+1","Infernal Blade+1","Spot Weakness+1","Bludgeon+1","Headbutt+1","Clothesline+1","Feel No Pain","Disarm+1","Dark Embrace+1","Immolate+1","Pommel Strike+1","Battle Trance","Bloodletting+1","Evolve","Double Tap+1","Reaper+1","True Grit+1","Sword Boomerang+1"],"relics":["Burning Blood","Red Skull","War Paint","Potion Belt","Molten Egg 2","Snecko Eye","Self Forming Clay","Dream Catcher","Old Coin","White Beast Statue","Dead Branch","Lantern","Blue Candle","Tiny Chest"],"potions_floor_usage":[6,16,33,33,37,47,50,50,50,50],"damage_taken":[{"damage":14,"enemies":"Jaw Worm","floor":1,"turns":3},{"damage":30,"enemies":"3 Sentries","floor":6,"turns":10},{"damage":8,"enemies":"Gremlin Nob","floor":11,"turns":3},{"damage":0,"enemies":"Small Slimes","floor":12,"turns":2},{"damage":0,"enemies":"Cultist","floor":14,"turns":3},{"damage":42,"enemies":"Hexaghost","floor":16,"turns":9},{"damage":31,"enemies":"3 Byrds","floor":18,"turns":5},{"damage":0,"enemies":"Chosen","floor":19,"turns":4},{"damage":2,"enemies":"Centurion and Healer","floor":21,"turns":4},{"damage":30,"enemies":"Gremlin Leader","floor":24,"turns":7},{"damage":12,"enemies":"Book of Stabbing","floor":29,"turns":4},{"damage":47,"enemies":"Collector","floor":33,"turns":9},{"damage":0,"enemies":"Orb Walker","floor":35,"turns":2},{"damage":8,"enemies":"Mind Bloom Boss Battle","floor":36,"turns":5},{"damage":17,"enemies":"3 Shapes","floor":37,"turns":4},{"damage":0,"enemies":"Sphere and 2 Shapes","floor":39,"turns":4},{"damage":33,"enemies":"4 Shapes","floor":41,"turns":5},{"damage":24,"enemies":"3 Darklings","floor":47,"turns":4},{"damage":38,"enemies":"Writhing Mass","floor":48,"turns":3},{"damage":79,"enemies":"Time Eater","floor":50,"turns":9}],"seed_played":"-4954842280362467228","potions_obtained":[{"floor":1,"key":"AttackPotion"},{"floor":14,"key":"EssenceOfSteel"},{"floor":18,"key":"Energy Potion"},{"floor":29,"key":"BloodPotion"},{"floor":35,"key":"GamblersBrew"},{"floor":36,"key":"Explosive Potion"},{"floor":37,"key":"Regen Potion"},{"floor":39,"key":"Poison Potion"},{"floor":41,"key":"Poison Potion"},{"floor":47,"key":"Poison Potion"}],"is_trial":false,"path_per_floor":["M","?","?","$","?","E","$","R","T","R","E","M","?","M","R","B",null,"M","M","$","M","$","R","E","R","T","R","?","E","?","?","R","B",null,"M","?","M","?","M","R","M","R","T","$","?","R","M","M","R","B"],"character_chosen":"IRONCLAD","items_purchased":["Corruption","Feed","Feel No Pain","Fire Potion","Blue Candle","Tiny Chest","Double Tap","Reaper+1"],"campfire_rested":2,"item_purchase_floors":[7,7,20,44,44,44,44,44],"current_hp_per_floor":[67,67,67,67,32,8,8,32,32,32,30,40,40,50,50,14,71,50,60,60,68,68,68,48,48,48,48,16,14,14,14,48,18,91,101,99,88,88,98,98,71,71,71,71,71,71,118,87,87,14],"gold":81,"neow_bonus":"TEN_PERCENT_HP_BONUS","is_prod":false,"is_daily":false,"chose_seed":false,"campfire_upgraded":9,"win_rate":0,"timestamp":1540653985,"path_taken":["M","?","?","$","?","E","$","R","T","R","E","M","?","M","R","BOSS","M","M","$","?","$","R","E","R","T","R","?","E","?","?","R","BOSS","M","?","M","?","M","R","M","R","T","$","?","R","M","M","R","BOSS"],"build_version":"2018-10-25v2","purchased_purges":2,"victory":true,"max_hp_per_floor":[82,82,82,82,82,82,82,82,82,82,82,86,86,90,90,90,90,94,98,98,102,102,102,106,106,106,106,111,115,115,115,115,115,115,119,119,119,119,123,123,123,123,123,123,123,123,123,123,123,123],"card_choices":[{"not_picked":["Fire Breathing","Cleave"],"picked":"Feel No Pain","floor":1},{"not_picked":["Thunderclap","Dropkick"],"picked":"Twin Strike","floor":6},{"not_picked":["Dual Wield","Carnage"],"picked":"Infernal Blade","floor":11},{"not_picked":["Shrug It Off","Flex"],"picked":"Spot Weakness","floor":12},{"not_picked":["Seeing Red","Havoc","Armaments"],"picked":"SKIP","floor":14},{"not_picked":["Berserk","Feed+1"],"picked":"Bludgeon+1","floor":16},{"not_picked":["Seeing Red","Combust"],"picked":"Headbutt+1","floor":18},{"not_picked":["Wild Strike+1","Twin Strike+1"],"picked":"Clothesline+1","floor":19},{"not_picked":["Seeing Red","Headbutt+1","Rampage+1"],"picked":"SKIP","floor":21},{"not_picked":["Reckless Charge+1","Pummel+1"],"picked":"Disarm","floor":24},{"not_picked":["Rage+1","Rampage+1","Headbutt+1"],"picked":"SKIP","floor":29},{"not_picked":["Uppercut+1","Spot Weakness"],"picked":"Dark Embrace","floor":32},{"not_picked":["Feed+1","Dark Embrace"],"picked":"Immolate+1","floor":33},{"not_picked":["Wild Strike+1","Clash+1"],"picked":"Pommel Strike+1","floor":35},{"not_picked":["Headbutt+1","Anger+1"],"picked":"Battle Trance","floor":37},{"not_picked":["Sword Boomerang+1","Iron Wave+1"],"picked":"Bloodletting","floor":39},{"not_picked":["Pommel Strike+1","Blood for Blood+1"],"picked":"Evolve","floor":41},{"not_picked":["Hemokinesis+1","Reaper+1"],"picked":"True Grit","floor":47},{"not_picked":["Blood for Blood+1","Havoc"],"picked":"Sword Boomerang+1","floor":48}],"player_experience":914690,"relics_obtained":[{"floor":6,"key":"War Paint"},{"floor":9,"key":"Potion Belt"},{"floor":11,"key":"Molten Egg 2"},{"floor":24,"key":"Self Forming Clay"},{"floor":26,"key":"Dream Catcher"},{"floor":29,"key":"Old Coin"},{"floor":36,"key":"Dead Branch"},{"floor":43,"key":"Lantern"}],"event_choices":[{"damage_healed":0,"gold_gain":150,"player_choice":"AGREE","damage_taken":0,"max_hp_gain":0,"max_hp_loss":0,"event_name":"Liars Game","floor":2,"gold_loss":0,"cards_obtained":["Doubt"]},{"cards_removed":["Doubt"],"damage_healed":0,"gold_gain":0,"player_choice":"Card Removal","damage_taken":0,"max_hp_gain":0,"max_hp_loss":0,"event_name":"The Cleric","floor":3,"gold_loss":75},{"damage_healed":0,"gold_gain":0,"player_choice":"Success","damage_taken":35,"relics_obtained":["Red Skull"],"max_hp_gain":0,"max_hp_loss":0,"event_name":"Scrap Ooze","floor":5,"gold_loss":0},{"damage_healed":0,"gold_gain":0,"player_choice":"Forge","damage_taken":0,"max_hp_gain":0,"max_hp_loss":0,"event_name":"Accursed Blacksmith","floor":13,"gold_loss":0,"cards_upgraded":["Infernal Blade"]},{"damage_healed":0,"gold_gain":0,"player_choice":"Shed Blood","damage_taken":37,"max_hp_gain":5,"max_hp_loss":0,"event_name":"Forgotten Altar","floor":28,"gold_loss":0},{"damage_healed":0,"gold_gain":200,"player_choice":"Gold","damage_taken":0,"max_hp_gain":0,"max_hp_loss":0,"event_name":"Wheel of Change","floor":30,"gold_loss":0},{"damage_healed":0,"gold_gain":0,"player_choice":"Ignored","damage_taken":0,"max_hp_gain":0,"max_hp_loss":0,"event_name":"Cursed Tome","floor":31,"gold_loss":0},{"damage_healed":0,"gold_gain":0,"player_choice":"Fight","damage_taken":0,"max_hp_gain":0,"max_hp_loss":0,"event_name":"MindBloom","floor":36,"gold_loss":0},{"damage_healed":0,"gold_gain":0,"player_choice":"Ignored","damage_taken":0,"max_hp_gain":0,"max_hp_loss":0,"event_name":"Tomb of Lord Red Mask","floor":38,"gold_loss":0},{"cards_removed":["Strike_R"],"damage_healed":0,"gold_gain":0,"player_choice":"Offered Basic","damage_taken":0,"max_hp_gain":0,"max_hp_loss":0,"event_name":"Bonfire Elementals","floor":45,"gold_loss":0}],"is_beta":false,"boss_relics":[{"not_picked":["Coffee Dripper","Ectoplasm"],"picked":"Snecko Eye"},{"not_picked":["Lizard Tail","Calling Bell"],"picked":"White Beast Statue"}],"items_purged_floors":[20,44],"is_endless":false,"potions_floor_spawned":[1,14,18,29,35,36,37,39,41,47,48],"ascension_level":18}