{"gold_per_floor":[20,31,31,50,50,50,76,76,147,179,198,2,22,41,41,115,115,128,128,128,128],"floor_reached":21,"playtime":691,"items_purged":["Strike_B"],"score":350,"play_id":"f013c864-5e74-4265-bce6-b789783a850b","local_time":"20190722033126","is_ascension_mode":true,"campfire_choices":[{"data":"Zap","floor":6,"key":"SMITH"},{"data":"Zap","floor":8,"key":"SMITH"},{"floor":15,"key":"REST"}],"neow_cost":"NO_GOLD","seed_source_timestamp":63535200094700,"circlet_count":0,"master_deck":["AscendersBane","Strike_B","Defend_B","Defend_B","Defend_B","Zap+1","Dualcast","Compile Driver","Coolheaded","Leap","Zap+1","Ball Lightning","Storm","Double Energy","Conserve Battery","Chaos","Darkness","Hologram","Leap","Rainbow","Doom and Gloom","Beam Cell"],"relics":["Cracked Core","Bronze Scales","Pantograph","Art of War","Eternal Feather","Centennial Puzzle"],"potions_floor_usage":[4,7,10,11,16],"damage_taken":[{"damage":1,"enemies":"2 Louse","floor":1,"turns":3},{"damage":1,"enemies":"Cultist","floor":2,"turns":3},{"damage":5,"enemies":"Jaw Worm","floor":4,"turns":3},{"damage":8,"enemies":"Gremlin Nob","floor":7,"turns":3},{"damage":10,"enemies":"Lagavulin","floor":10,"turns":5},{"damage":4,"enemies":"Exordium Thugs","floor":11,"turns":3},{"damage":10,"enemies":"3 Louse","floor":13,"turns":3},{"damage":9,"enemies":"2 Fungi Beasts","floor":14,"turns":4},{"damage":38,"enemies":"Slime Boss","floor":16,"turns":9},{"damage":32,"enemies":"2 Thieves","floor":18,"turns":3},{"damage":35,"enemies":"Shell Parasite","floor":21,"turns":3}],"seed_played":"6848820244169859482","potions_obtained":[{"floor":3,"key":"Fire Potion"},{"floor":3,"key":"Dexterity Potion"},{"floor":7,"key":"SpeedPotion"},{"floor":10,"key":"AttackPotion"},{"floor":11,"key":"Ancient Potion"},{"floor":14,"key":"Explosive Potion"}],"is_trial":false,"path_per_floor":["M","M","?","M","?","R","E","R","T","E","M","$","M","M","R","B",null,"M","T","?","M"],"character_chosen":"DEFECT","items_purchased":["Chaos","Darkness"],"campfire_rested":1,"item_purchase_floors":[12,12],"current_hp_per_floor":[63,62,62,57,57,57,49,49,49,39,35,35,25,16,37,24,59,27,27,27,0],"gold":128,"neow_bonus":"REMOVE_TWO","is_prod":false,"is_daily":false,"chose_seed":false,"campfire_upgraded":2,"win_rate":0,"timestamp":1563759086,"path_taken":["M","M","?","?","?","R","E","R","T","E","M","$","?","M","R","BOSS","M","?","?","?"],"build_version":"2019-07-17","purchased_purges":1,"victory":false,"max_hp_per_floor":[71,71,71,71,71,71,71,71,71,71,71,71,71,71,71,71,71,71,71,71,71],"card_choices":[{"not_picked":["Turbo","Stack"],"picked":"Compile Driver","floor":1},{"not_picked":["Sweeping Beam","Steam"],"picked":"Coolheaded","floor":2},{"not_picked":["FTL","Undo"],"picked":"Leap","floor":4},{"not_picked":["Rebound","Core Surge"],"picked":"Storm","floor":7},{"not_picked":["Turbo","Stack"],"picked":"Double Energy","floor":10},{"not_picked":["Gash","Streamline"],"picked":"Conserve Battery","floor":11},{"not_picked":["Double Energy","Go for the Eyes"],"picked":"Hologram","floor":13},{"not_picked":["Barrage","Hello World"],"picked":"Leap","floor":14},{"not_picked":["Seek","Multi-Cast"],"picked":"Rainbow","floor":16},{"not_picked":["Rebound","Turbo"],"picked":"Doom and Gloom","floor":18}],"player_experience":1729520,"relics_obtained":[{"floor":7,"key":"Bronze Scales"},{"floor":9,"key":"Pantograph"},{"floor":10,"key":"Art of War"},{"floor":19,"key":"Centennial Puzzle"}],"event_choices":[{"damage_healed":0,"gold_gain":0,"player_choice":"Got Potions","damage_taken":0,"max_hp_gain":0,"max_hp_loss":0,"event_name":"Lab","floor":3,"gold_loss":0},{"damage_healed":0,"gold_gain":0,"player_choice":"2 cards matched","damage_taken":0,"max_hp_gain":0,"max_hp_loss":0,"event_name":"Match and Keep!","floor":5,"gold_loss":0,"cards_obtained":["Zap","Ball Lightning"]},{"damage_healed":0,"gold_gain":0,"cards_transformed":["Strike_B"],"player_choice":"Transformed","damage_taken":0,"max_hp_gain":0,"max_hp_loss":0,"event_name":"Transmorgrifier","floor":20,"gold_loss":0,"cards_obtained":["Beam Cell"]}],"is_beta":false,"boss_relics":[{"not_picked":["Coffee Dripper","Ectoplasm"],"picked":"Eternal Feather"}],"items_purged_floors":[12],"is_endless":false,"potions_floor_spawned":[7,10,11,14],"killed_by":"Shell Parasite","ascension_level":17}