{"gold_per_floor":[115,115,115,130,145,145,160,160,183,183,215,215,215,234,234,337,337,352,49,60,77,92,122,122,47,73,85,96,96,115,115,115,115],"floor_reached":33,"playtime":1112,"items_purged":["Strike_B"],"score":336,"play_id":"84024b92-6f21-48e9-b255-8a4ce3303859","local_time":"20191007172916","is_ascension_mode":true,"campfire_choices":[{"data":"Zap","floor":6,"key":"SMITH"},{"data":"Dualcast","floor":8,"key":"SMITH"},{"data":"All For One","floor":10,"key":"SMITH"},{"data":"FTL","floor":12,"key":"SMITH"},{"floor":15,"key":"REST"},{"data":"Hologram","floor":24,"key":"SMITH"},{"floor":29,"key":"REST"},{"floor":32,"key":"REST"}],"neow_cost":"NONE","seed_source_timestamp":29293036143127,"circlet_count":0,"master_deck":["Defend_B+1","Defend_B+1","Defend_B","Zap+1","Dualcast+1","All For One+1","Gash","Ball Lightning","Gash","FTL+1","Gash","Biased Cognition","Genetic Algorithm","Hologram+1","Streamline+1","Echo Form","Steam","Defragment+1"],"relics":["Cracked Core","Vajra","Oddly Smooth Stone","War Paint","Sozu","Lee\u0027s Waffle","Ancient Tea Set","Pen Nib"],"potions_floor_usage":[23,23],"damage_taken":[{"damage":0,"enemies":"2 Louse","floor":1,"turns":2},{"damage":12,"enemies":"Small Slimes","floor":4,"turns":3},{"damage":2,"enemies":"Jaw Worm","floor":5,"turns":2},{"damage":5,"enemies":"Gremlin Gang","floor":7,"turns":4},{"damage":10,"enemies":"3 Sentries","floor":11,"turns":4},{"damage":0,"enemies":"Large Slime","floor":14,"turns":2},{"damage":16,"enemies":"The Guardian","floor":16,"turns":6},{"damage":14,"enemies":"Shell Parasite","floor":18,"turns":4},{"damage":10,"enemies":"3 Byrds","floor":20,"turns":4},{"damage":12,"enemies":"3 Cultists","floor":21,"turns":3},{"damage":17,"enemies":"Centurion and Healer","floor":22,"turns":3},{"damage":8,"enemies":"Slavers","floor":23,"turns":2},{"damage":0,"enemies":"Snecko","floor":27,"turns":3},{"damage":20,"enemies":"Snake Plant","floor":28,"turns":3},{"damage":3,"enemies":"Cultist and Chosen","floor":30,"turns":3},{"damage":60,"enemies":"Collector","floor":33,"turns":5}],"seed_played":"3427942386728275519","potions_obtained":[{"floor":7,"key":"Block Potion"},{"floor":11,"key":"AttackPotion"},{"floor":16,"key":"PowerPotion"}],"is_trial":false,"path_per_floor":["M","?","?","M","M","R","M","R","T","R","E","R","?","M","R","B",null,"M","$","M","M","M","E","R","?","T","M","M","R","M","?","R","B"],"character_chosen":"DEFECT","items_purchased":["Genetic Algorithm","Lee\u0027s Waffle"],"campfire_rested":3,"item_purchase_floors":[19,19],"current_hp_per_floor":[75,68,61,49,47,47,42,42,42,42,32,32,32,32,54,38,66,52,82,72,60,43,35,35,35,35,35,15,39,36,36,60,0],"gold":115,"neow_bonus":"ONE_RANDOM_RARE_CARD","is_prod":false,"is_daily":false,"chose_seed":false,"campfire_upgraded":5,"win_rate":0,"timestamp":1570483756,"path_taken":["M","?","?","?","?","R","M","R","T","R","E","R","?","?","R","BOSS","M","$","M","M","?","E","R","?","T","M","M","R","M","?","R","BOSS"],"build_version":"2019-10-04","purchased_purges":1,"victory":false,"max_hp_per_floor":[75,75,75,75,75,75,75,75,75,75,75,75,75,75,75,75,75,75,82,82,82,82,82,82,82,82,82,82,82,82,82,82,82],"card_choices":[{"not_picked":["Steam","Undo"],"picked":"Gash","floor":1},{"not_picked":["Compile Driver","Recycle"],"picked":"Ball Lightning","floor":4},{"not_picked":["Ball Lightning","Sweeping Beam"],"picked":"Gash","floor":5},{"not_picked":["Beam Cell","Storm"],"picked":"FTL","floor":7},{"not_picked":["Multi-Cast","Beam Cell"],"picked":"Gash","floor":11},{"not_picked":["Fusion","Doom and Gloom","Sweeping Beam"],"picked":"SKIP","floor":14},{"not_picked":["Multi-Cast","Amplify"],"picked":"Biased Cognition","floor":16},{"not_picked":["Hello World","Chaos","Conserve Battery"],"picked":"SKIP","floor":18},{"not_picked":["Barrage","Fusion"],"picked":"Hologram","floor":20},{"not_picked":["Cold Snap","Redo"],"picked":"Streamline+1","floor":21},{"not_picked":["Turbo","Cold Snap"],"picked":"Echo Form","floor":22},{"not_picked":["Fusion","Streamline"],"picked":"Steam","floor":23},{"not_picked":["Ball Lightning+1","Double Energy"],"picked":"Defragment+1","floor":27},{"not_picked":["Stack","Force Field","Lockon"],"picked":"SKIP","floor":28},{"not_picked":["Sweeping Beam","Melter","Leap+1"],"picked":"SKIP","floor":30}],"player_experience":480999,"relics_obtained":[{"floor":9,"key":"Oddly Smooth Stone"},{"floor":11,"key":"War Paint"},{"floor":23,"key":"Ancient Tea Set"},{"floor":26,"key":"Pen Nib"}],"event_choices":[{"cards_removed":["Strike_B"],"damage_healed":0,"gold_gain":0,"player_choice":"Card Removal","damage_taken":7,"max_hp_gain":0,"max_hp_loss":0,"event_name":"Golden Wing","floor":2,"gold_loss":0},{"damage_healed":0,"gold_gain":0,"player_choice":"Success","damage_taken":7,"relics_obtained":["Vajra"],"max_hp_gain":0,"max_hp_loss":0,"event_name":"Scrap Ooze","floor":3,"gold_loss":0},{"cards_removed":["Strike_B"],"damage_healed":0,"gold_gain":0,"player_choice":"Offered Basic","damage_taken":0,"max_hp_gain":0,"max_hp_loss":0,"event_name":"Bonfire Elementals","floor":13,"gold_loss":0},{"cards_removed":["Strike_B"],"damage_healed":0,"gold_gain":0,"player_choice":"Gave Gold","damage_taken":0,"max_hp_gain":0,"max_hp_loss":0,"event_name":"Beggar","floor":25,"gold_loss":75},{"cards_removed":["Defend_B"],"damage_healed":0,"gold_gain":0,"player_choice":"Elegance","damage_taken":0,"max_hp_gain":0,"max_hp_loss":0,"event_name":"Back to Basics","floor":31,"gold_loss":0}],"is_beta":true,"boss_relics":[{"not_picked":["Snecko Eye","Runic Dome"],"picked":"Sozu"}],"items_purged_floors":[19],"is_endless":false,"potions_floor_spawned":[7,11,16,18,21,22,28],"killed_by":"Collector","ascension_level":5}