{"gold_per_floor":[363,380,380,380,391,391,402,421,421,421,277,290,71,81,81,185,185,202,125,125,112,112,112],"floor_reached":23,"playtime":1366,"items_purged":["Strike_G"],"score":265,"play_id":"02658ef6-98c5-420d-b556-46252eef0a63","local_time":"20180815202720","is_ascension_mode":true,"campfire_choices":[{"data":"Neutralize","floor":6,"key":"SMITH"},{"data":"Dagger Spray","floor":15,"key":"SMITH"}],"neow_cost":"CURSE","seed_source_timestamp":591744003741174,"circlet_count":0,"master_deck":["Defend_G","Defend_G","Defend_G","Defend_G","Defend_G","Strike_G","Strike_G","Strike_G","Strike_G","Survivor","Neutralize+1","Sucker Punch+1","Backflip","Dagger Spray+1","PiercingWail","Flying Knee","Tools of the Trade+1","A Thousand Cuts+1","Well Laid Plans+1","Dagger Throw","Envenom+1","J.A.X.","Footwork+1","Injury"],"relics":["Ring of the Snake","Frozen Egg 2","GremlinMask","Juzu Bracelet","Eternal Feather"],"potions_floor_usage":[14,18],"damage_taken":[{"damage":0,"enemies":"Jaw Worm","floor":1,"turns":6},{"damage":8,"enemies":"2 Louse","floor":2,"turns":3},{"damage":0,"enemies":"Small Slimes","floor":5,"turns":4},{"damage":2,"enemies":"2 Fungi Beasts","floor":7,"turns":3},{"damage":6,"enemies":"Red Slaver","floor":8,"turns":5},{"damage":3,"enemies":"3 Louse","floor":12,"turns":3},{"damage":13,"enemies":"Exordium Thugs","floor":14,"turns":3},{"damage":7,"enemies":"Hexaghost","floor":16,"turns":12},{"damage":27,"enemies":"Spheric Guardian","floor":18,"turns":6},{"damage":20,"enemies":"2 Thieves","floor":21,"turns":4},{"damage":22,"enemies":"Gremlin Leader","floor":23,"turns":4}],"seed_played":"-1967145304109070975","potions_obtained":[{"floor":2,"key":"Ancient Potion"},{"floor":5,"key":"AttackPotion"},{"floor":8,"key":"SpeedPotion"},{"floor":21,"key":"Weak Potion"}],"is_trial":false,"path_per_floor":["M","M","?","?","M","R","M","M","T","?","$","M","$","M","R","B",null,"M","?","?","M","?"],"character_chosen":"THE_SILENT","items_purchased":["Tools of the Trade+1","Juzu Bracelet","Well Laid Plans+1"],"campfire_rested":0,"item_purchase_floors":[11,13,13],"current_hp_per_floor":[63,55,55,70,70,70,68,62,62,62,62,59,59,46,46,39,62,35,35,35,15,15,0],"gold":112,"neow_bonus":"TWO_FIFTY_GOLD","is_prod":false,"is_daily":false,"chose_seed":false,"campfire_upgraded":2,"win_rate":0,"timestamp":1534361240,"path_taken":["M","M","?","?","M","R","M","?","T","?","$","M","$","M","R","BOSS","M","?","?","M","?","E"],"build_version":"2018-08-09","purchased_purges":1,"victory":false,"max_hp_per_floor":[70,70,70,70,70,70,70,70,70,70,70,70,70,70,70,70,70,70,70,70,70,70,70],"card_choices":[{"not_picked":["Slice","Dagger Spray"],"picked":"Sucker Punch","floor":1},{"not_picked":["Storm of Steel","Reflex"],"picked":"Backflip","floor":2},{"not_picked":["Concentrate","Prepared"],"picked":"Dagger Spray","floor":5},{"not_picked":["Eviscerate","Distraction"],"picked":"PiercingWail","floor":7},{"not_picked":["Dodge and Roll","Poisoned Stab"],"picked":"Flying Knee","floor":8},{"not_picked":["Escape Plan","Deadly Poison"],"picked":"A Thousand Cuts+1","floor":12},{"not_picked":["Slice","Outmaneuver"],"picked":"Dagger Throw","floor":14},{"not_picked":["Glass Knife","Unload"],"picked":"Envenom+1","floor":16},{"not_picked":["Slice","Outmaneuver","Reflex"],"picked":"SKIP","floor":18},{"not_picked":["Dagger Spray","Underhanded Strike"],"picked":"Footwork+1","floor":21}],"player_experience":570135,"relics_obtained":[{"floor":9,"key":"Frozen Egg 2"}],"event_choices":[{"event_name":"Living Wall","player_choice":"Forget","floor":3,"damage_taken":0},{"event_name":"Wheel of Change","player_choice":"Full Heal","floor":4,"damage_taken":0},{"event_name":"FaceTrader","player_choice":"Trade","floor":10,"damage_taken":0},{"event_name":"Drug Dealer","player_choice":"Got JAXXED","floor":19,"damage_taken":0},{"event_name":"Match and Keep!","player_choice":"0 cards matched","floor":20,"damage_taken":0},{"event_name":"Accursed Blacksmith","player_choice":"Forge","floor":22,"damage_taken":0}],"is_beta":false,"boss_relics":[{"not_picked":["Orrery","Ring of the Serpent"],"picked":"Eternal Feather"}],"items_purged_floors":[11],"is_endless":false,"potions_floor_spawned":[2,5,8,21],"killed_by":"Gremlin Leader","ascension_level":9}