{"gold_per_floor":[116,116,131,131,144,144,178,190,202,227,257,269,310,337,349,434,446,386,38,38,38,38],"floor_reached":22,"playtime":1053,"items_purged":["Strike_R"],"score":366,"play_id":"6ac43c71-714b-434c-904c-db062f2212f7","local_time":"20190722000003","is_ascension_mode":true,"campfire_choices":[{"data":"Bash","floor":6,"key":"SMITH"},{"data":"Battle Trance","floor":12,"key":"SMITH"},{"data":"Dual Wield","floor":15,"key":"SMITH"}],"neow_cost":"NONE","seed_source_timestamp":50490972428100,"circlet_count":0,"master_deck":["AscendersBane","Strike_R","Strike_R","Strike_R","Defend_R","Defend_R","Defend_R","Defend_R","Bash+1","Uppercut+1","Pommel Strike","Battle Trance+1","Iron Wave+1","Dual Wield+1","Body Slam+1","Heavy Blade+1","Rage","Flex","Demon Form","Heavy Blade+1","Spot Weakness","True Grit+1"],"relics":["Burning Blood","Orichalcum","Molten Egg 2","MawBank","Strawberry","Potion Belt","Ectoplasm","Kunai"],"potions_floor_usage":[7,11,16,21,22],"damage_taken":[{"damage":4,"enemies":"Small Slimes","floor":1,"turns":4},{"damage":0,"enemies":"Cultist","floor":3,"turns":3},{"damage":4,"enemies":"2 Louse","floor":5,"turns":3},{"damage":19,"enemies":"Lagavulin","floor":7,"turns":5},{"damage":5,"enemies":"2 Fungi Beasts","floor":10,"turns":4},{"damage":19,"enemies":"Gremlin Gang","floor":11,"turns":7},{"damage":12,"enemies":"3 Sentries","floor":13,"turns":9},{"damage":3,"enemies":"Exordium Wildlife","floor":14,"turns":3},{"damage":26,"enemies":"The Guardian","floor":16,"turns":15},{"damage":17,"enemies":"2 Thieves","floor":18,"turns":3},{"damage":24,"enemies":"3 Byrds","floor":20,"turns":8},{"damage":23,"enemies":"Snake Plant","floor":21,"turns":4},{"damage":39,"enemies":"Sentry and Sphere","floor":22,"turns":5}],"seed_played":"-3108289931349427003","potions_obtained":[{"floor":1,"key":"FairyPotion"},{"floor":5,"key":"FearPotion"},{"floor":10,"key":"Regen Potion"},{"floor":11,"key":"SpeedPotion"},{"floor":20,"key":"SpeedPotion"},{"floor":21,"key":"AttackPotion"}],"is_trial":false,"path_per_floor":["M","?","M","?","M","R","E","?","T","M","M","R","E","M","R","B",null,"M","$","M","M","M"],"character_chosen":"IRONCLAD","items_purchased":["Kunai"],"campfire_rested":0,"item_purchase_floors":[19],"current_hp_per_floor":[70,70,75,64,66,66,53,53,60,61,63,63,57,60,60,40,72,61,61,43,26,0],"gold":38,"neow_bonus":"RANDOM_COMMON_RELIC","is_prod":false,"is_daily":false,"chose_seed":false,"campfire_upgraded":3,"win_rate":0,"timestamp":1563746403,"path_taken":["M","?","?","?","M","R","E","?","T","M","M","R","E","M","R","BOSS","M","$","M","M","?"],"build_version":"2019-07-17","purchased_purges":1,"victory":false,"max_hp_per_floor":[75,75,75,75,75,75,75,75,82,82,82,82,82,82,82,82,82,82,82,82,82,82],"card_choices":[{"not_picked":["Blood for Blood","Twin Strike"],"picked":"Uppercut","floor":1},{"not_picked":["Perfected Strike","Sentinel"],"picked":"Pommel Strike","floor":3},{"not_picked":["Heavy Blade+1","Havoc"],"picked":"Battle Trance","floor":5},{"not_picked":["Power Through","Pommel Strike+1"],"picked":"Iron Wave+1","floor":7},{"not_picked":["Twin Strike+1","Perfected Strike+1"],"picked":"Body Slam+1","floor":10},{"not_picked":["Burning Pact","Entrench"],"picked":"Heavy Blade+1","floor":11},{"not_picked":["Dual Wield","Disarm"],"picked":"Rage","floor":13},{"not_picked":["Twin Strike+1","Bloodletting"],"picked":"Flex","floor":14},{"not_picked":["Bludgeon+1","Exhume"],"picked":"Demon Form","floor":16},{"not_picked":["Anger+1","Shockwave"],"picked":"Heavy Blade+1","floor":18},{"not_picked":["Havoc","Warcry"],"picked":"Spot Weakness","floor":20},{"not_picked":["Clash+1","Pommel Strike+1"],"picked":"True Grit+1","floor":21}],"player_experience":1716981,"relics_obtained":[{"floor":7,"key":"MawBank"},{"floor":9,"key":"Strawberry"},{"floor":13,"key":"Potion Belt"}],"event_choices":[{"damage_healed":0,"gold_gain":0,"player_choice":"Upgraded","damage_taken":0,"max_hp_gain":0,"max_hp_loss":0,"event_name":"Upgrade Shrine","floor":2,"gold_loss":0,"cards_upgraded":["Uppercut"]},{"damage_healed":0,"gold_gain":0,"player_choice":"Success","damage_taken":11,"relics_obtained":["Molten Egg 2"],"max_hp_gain":0,"max_hp_loss":0,"event_name":"Scrap Ooze","floor":4,"gold_loss":0},{"damage_healed":0,"gold_gain":0,"cards_transformed":["Strike_R"],"player_choice":"Transformed","damage_taken":0,"max_hp_gain":0,"max_hp_loss":0,"event_name":"Transmorgrifier","floor":8,"gold_loss":0,"cards_obtained":["Dual Wield"]}],"is_beta":false,"boss_relics":[{"not_picked":["Eternal Feather","Empty Cage"],"picked":"Ectoplasm"}],"items_purged_floors":[19],"is_endless":false,"potions_floor_spawned":[1,5,10,11,20,21],"killed_by":"Sentry and Sphere","ascension_level":17}