{"gold_per_floor":[109,34,34,47,122,122,142,173,173,173,188,207,207,221,221,316,316,326,326,339,339,356,356],"floor_reached":23,"playtime":1155,"items_purged":["Strike_R"],"score":261,"play_id":"f1e583ef-fd43-4ae3-89d9-5ed98d2d0168","local_time":"20190910233102","is_ascension_mode":true,"campfire_choices":[{"data":"Body Slam","floor":6.0,"key":"SMITH"},{"data":"Shockwave","floor":10.0,"key":"SMITH"},{"data":"Bash","floor":13.0,"key":"SMITH"},{"floor":15.0,"key":"REST"}],"neow_cost":"NONE","seed_source_timestamp":100680654518479,"circlet_count":0,"master_deck":["Strike_R","Strike_R","Defend_R","Defend_R","Defend_R","Defend_R","Bash+1","Body Slam+1","Shockwave+1","Cleave","Barricade","Flame Barrier"],"special_seed":0,"relics":["Burning Blood","Dream Catcher","Blue Candle","Molten Egg 2","Cursed Key"],"potions_floor_usage":[23],"damage_taken":[{"damage":7.0,"enemies":"Jaw Worm","floor":1.0,"turns":3.0},{"damage":3.0,"enemies":"2 Louse","floor":4.0,"turns":3.0},{"damage":0.0,"enemies":"Cultist","floor":7.0,"turns":4.0},{"damage":18.0,"enemies":"3 Sentries","floor":8.0,"turns":7.0},{"damage":15.0,"enemies":"Exordium Thugs","floor":11.0,"turns":4.0},{"damage":17.0,"enemies":"Gremlin Gang","floor":12.0,"turns":5.0},{"damage":1.0,"enemies":"3 Louse","floor":14.0,"turns":4.0},{"damage":42.0,"enemies":"The Guardian","floor":16.0,"turns":15.0},{"damage":15.0,"enemies":"3 Byrds","floor":18.0,"turns":7.0},{"damage":27.0,"enemies":"Shell Parasite","floor":20.0,"turns":10.0},{"damage":18,"enemies":"Centurion and Healer","floor":22,"turns":9},{"damage":33,"enemies":"Gremlin Leader","floor":23,"turns":8}],"seed_played":"-2873386778922591609","potions_obtained":[{"floor":4.0,"key":"Block Potion"},{"floor":11.0,"key":"LiquidBronze"},{"floor":12.0,"key":"Energy Potion"},{"floor":14.0,"key":"FearPotion"},{"floor":20.0,"key":"PowerPotion"},{"floor":22,"key":"Weak Potion"}],"is_trial":false,"path_per_floor":["M","$","?","M","?","R","M","E","T","R","M","M","R","M","R","B",null,"M","?","M","T","M","E"],"character_chosen":"IRONCLAD","items_purchased":[],"campfire_rested":1,"item_purchase_floors":[],"current_hp_per_floor":[71,71,64,67,56,56,62,50,50,50,41,30,30,35,59,23,66,57,57,36,36,24,0],"gold":356,"neow_bonus":"RANDOM_COMMON_RELIC","is_prod":false,"is_daily":false,"chose_seed":false,"campfire_upgraded":3,"win_rate":0,"timestamp":1568183462,"path_taken":["M","$","?","M","?","R","M","E","T","R","M","M","R","M","R","BOSS","M","?","?","?","M","E"],"build_version":"2019-07-17","purchased_purges":1,"victory":false,"max_hp_per_floor":[80,80,80,80,80,80,80,80,80,80,80,80,80,80,80,80,80,80,80,80,80,80,80],"card_choices":[{"not_picked":["Twin Strike","Headbutt"],"picked":"Body Slam","floor":1.0},{"not_picked":["Rage","Clothesline"],"picked":"Shockwave","floor":4.0},{"not_picked":["Blood for Blood","Heavy Blade"],"picked":"Cleave","floor":7.0},{"not_picked":["Headbutt","Heavy Blade","Infernal Blade"],"picked":"SKIP","floor":8.0},{"not_picked":["Armaments","Exhume","Headbutt+1"],"picked":"SKIP","floor":11.0},{"not_picked":["Headbutt+1","Burning Pact","Rupture"],"picked":"SKIP","floor":12.0},{"not_picked":["Headbutt+1","Thunderclap+1","Warcry"],"picked":"SKIP","floor":14.0},{"not_picked":["Juggernaut","Offering"],"picked":"Barricade","floor":16.0},{"not_picked":["Flex","Body Slam+1"],"picked":"Flame Barrier","floor":18.0},{"not_picked":["Headbutt+1","Seeing Red","Thunderclap+1"],"picked":"SKIP","floor":20.0},{"not_picked":["Thunderclap+1","Cleave+1","True Grit"],"picked":"SKIP","floor":22}],"player_experience":201847,"relics_obtained":[{"floor":8.0,"key":"Blue Candle"},{"floor":9.0,"key":"Molten Egg 2"}],"event_choices":[{"cards_removed":["Strike_R"],"damage_healed":0.0,"max_hp_gain":0.0,"max_hp_loss":0.0,"gold_gain":0.0,"event_name":"Golden Wing","player_choice":"Card Removal","floor":3.0,"gold_loss":0.0,"damage_taken":7.0},{"damage_healed":0.0,"max_hp_gain":0.0,"max_hp_loss":0.0,"gold_gain":75.0,"event_name":"World of Goop","player_choice":"Gather Gold","floor":5.0,"gold_loss":0.0,"damage_taken":11.0},{"cards_removed":["Strike_R"],"damage_healed":0.0,"max_hp_gain":0.0,"max_hp_loss":0.0,"gold_gain":0.0,"event_name":"Purifier","player_choice":"Purged","floor":19.0,"gold_loss":0.0,"damage_taken":0.0}],"is_beta":false,"boss_relics":[{"not_picked":["Eternal Feather","Black Blood"],"picked":"Cursed Key"}],"items_purged_floors":[2],"is_endless":false,"potions_floor_spawned":[4,11,12,14,20,22],"killed_by":"Gremlin Leader","ascension_level":7}