{"gold_per_floor":[117,192,27,27,27,62,62,93,93,127,127,157,62,7,7,86,86,102,116,41,41,41,41,41,41,65,93,93,93,93,113,113,113],"floor_reached":33,"playtime":1624,"items_purged":["Writhe"],"score":666,"play_id":"1972aaf7-6060-409b-8d03-4c303fcf4d82","local_time":"20190125185146","is_ascension_mode":true,"campfire_choices":[{"data":"Hemokinesis","floor":7.0,"key":"SMITH"},{"floor":11.0,"key":"REST"},{"data":"Metallicize","floor":15.0,"key":"SMITH"},{"data":"Limit Break","floor":23.0,"key":"SMITH"},{"data":"Armaments","floor":25.0,"key":"SMITH"},{"floor":32.0,"key":"REST"}],"neow_cost":"CURSE","seed_source_timestamp":1381827091523134,"circlet_count":0,"master_deck":["AscendersBane","Bash","Trip","PanicButton","Hemokinesis+1","Carnage","Anger","Headbutt","Rupture","Clothesline","Metallicize+1","Shrug It Off","True Grit","Impervious","Limit Break+1","Disarm","Armaments+1","Feed","True Grit","Ghostly Armor","Havoc","Flame Barrier","Bite","Bite","Bite","Bandage Up","Flame Barrier","Bloodletting+1","Flex"],"special_seed":0,"relics":["Burning Blood","Pocketwatch","Bottled Flame","Paper Frog","Dream Catcher","Pandora\u0027s Box","Regal Pillow","Strawberry"],"potions_floor_usage":[],"damage_taken":[{"damage":14.0,"enemies":"Jaw Worm","floor":1.0,"turns":5.0},{"damage":11.0,"enemies":"Gremlin Nob","floor":6.0,"turns":3.0},{"damage":26.0,"enemies":"3 Sentries","floor":8.0,"turns":7.0},{"damage":16.0,"enemies":"Lagavulin","floor":10.0,"turns":4.0},{"damage":26.0,"enemies":"3 Sentries","floor":12.0,"turns":6.0},{"damage":8.0,"enemies":"The Guardian","floor":16.0,"turns":8.0},{"damage":5.0,"enemies":"Spheric Guardian","floor":18.0,"turns":4.0},{"damage":14.0,"enemies":"Chosen","floor":19.0,"turns":4.0},{"damage":39.0,"enemies":"Slavers","floor":27.0,"turns":8.0},{"damage":50.0,"enemies":"Snecko","floor":31.0,"turns":8.0},{"damage":122,"enemies":"Automaton","floor":33,"turns":12}],"seed_played":"-2800686150930399170","potions_obtained":[{"floor":1.0,"key":"AttackPotion"},{"floor":12.0,"key":"Fire Potion"},{"floor":16.0,"key":"SkillPotion"},{"floor":19.0,"key":"AttackPotion"}],"is_trial":false,"path_per_floor":["M","?","$","?","?","E","R","E","T","E","R","E","$","$","R","B",null,"M","M","?","?","?","R","$","R","T","E","?","$","?","M","R","B"],"character_chosen":"IRONCLAD","items_purchased":["Carnage","Metallicize","Shrug It Off","True Grit"],"campfire_rested":2,"item_purchase_floors":[3,13,13,14],"current_hp_per_floor":[60,49,49,74,51,46,46,28,28,20,42,24,24,24,24,24,62,68,62,62,62,62,62,62,62,62,51,51,51,85,52,85,0],"gold":113,"neow_bonus":"RANDOM_COLORLESS_2","is_prod":false,"is_daily":false,"chose_seed":false,"campfire_upgraded":4,"win_rate":0,"timestamp":1548438706,"path_taken":["M","?","$","?","?","E","R","E","T","E","R","E","?","$","R","BOSS","M","M","?","?","?","R","$","R","T","E","?","?","?","M","R","BOSS"],"build_version":"2019-01-23","purchased_purges":1,"victory":false,"max_hp_per_floor":[75,75,75,75,75,75,75,75,75,75,75,75,75,75,75,75,75,78,78,78,78,78,78,78,78,78,85,85,85,85,85,85,85],"card_choices":[{"not_picked":["Heavy Blade","Whirlwind"],"picked":"Hemokinesis","floor":1.0},{"not_picked":["Pommel Strike","Armaments"],"picked":"Anger","floor":6.0},{"not_picked":["Perfected Strike","Anger"],"picked":"Headbutt","floor":8.0},{"not_picked":["Double Tap","Havoc"],"picked":"Rupture","floor":10.0},{"not_picked":["Havoc","Intimidate"],"picked":"Clothesline","floor":12.0},{"not_picked":["Bludgeon","Brutality"],"picked":"Impervious","floor":16.0},{"not_picked":["Havoc","Headbutt","Sever Soul"],"picked":"SKIP","floor":18.0},{"not_picked":["Sword Boomerang","Cleave"],"picked":"Flame Barrier","floor":19.0},{"not_picked":["Perfected Strike","Sword Boomerang"],"picked":"Flame Barrier","floor":27.0},{"not_picked":["Perfected Strike+1","Thunderclap"],"picked":"Bloodletting+1","floor":31.0},{"not_picked":["Clash","Double Tap"],"picked":"Flex","floor":32.0}],"player_experience":614683,"relics_obtained":[{"floor":6.0,"key":"Blood Vial"},{"floor":8.0,"key":"Pocketwatch"},{"floor":9.0,"key":"Bottled Flame"},{"floor":10.0,"key":"Paper Frog"},{"floor":12.0,"key":"Dream Catcher"},{"floor":26.0,"key":"Regal Pillow"},{"floor":27.0,"key":"Strawberry"}],"event_choices":[{"damage_healed":0.0,"max_hp_gain":0.0,"max_hp_loss":0.0,"gold_gain":75.0,"event_name":"World of Goop","player_choice":"Gather Gold","floor":2.0,"gold_loss":0.0,"damage_taken":11.0},{"damage_healed":25.0,"max_hp_gain":0.0,"max_hp_loss":0.0,"gold_gain":0.0,"event_name":"Big Fish","player_choice":"Banana","floor":4.0,"gold_loss":0.0,"damage_taken":0.0},{"damage_healed":0.0,"max_hp_gain":0.0,"max_hp_loss":0.0,"gold_gain":0.0,"event_name":"Shining Light","player_choice":"Entered Light","floor":5.0,"gold_loss":0.0,"damage_taken":23.0,"cards_upgraded":["Defend_R","Defend_R"]},{"cards_removed":["Second Wind"],"damage_healed":0.0,"max_hp_gain":0.0,"max_hp_loss":0.0,"gold_gain":0.0,"event_name":"Beggar","player_choice":"Gave Gold","floor":20.0,"gold_loss":75.0,"damage_taken":0.0},{"damage_healed":0.0,"max_hp_gain":0.0,"max_hp_loss":0.0,"gold_gain":0.0,"event_name":"Vampires","player_choice":"Became a vampire (Vial)","floor":21.0,"relics_lost":["Blood Vial"],"gold_loss":0.0,"damage_taken":0.0,"cards_obtained":["Bite","Bite","Bite","Bite","Bite"]},{"damage_healed":0.0,"max_hp_gain":0.0,"max_hp_loss":0.0,"gold_gain":0.0,"cards_transformed":["Bite","Bite"],"event_name":"Drug Dealer","player_choice":"Became Test Subject","floor":22.0,"gold_loss":0.0,"damage_taken":0.0,"cards_obtained":["Enlightenment","Bandage Up"]},{"cards_removed":["Armaments"],"damage_healed":0.0,"max_hp_gain":0.0,"max_hp_loss":0.0,"gold_gain":0.0,"event_name":"Back to Basics","player_choice":"Elegance","floor":28.0,"gold_loss":0.0,"damage_taken":0.0},{"cards_removed":["Enlightenment"],"damage_healed":34.0,"max_hp_gain":0.0,"max_hp_loss":0.0,"gold_gain":0.0,"event_name":"Bonfire Elementals","player_choice":"Offered Uncommon","floor":30.0,"gold_loss":0.0,"damage_taken":0.0}],"is_beta":false,"boss_relics":[{"not_picked":["White Beast Statue","Runic Cube"],"picked":"Pandora\u0027s Box"}],"items_purged_floors":[3],"is_endless":false,"potions_floor_spawned":[1,12,16,18,19],"killed_by":"Automaton","ascension_level":20}