{"gold_per_floor":[117,117,133,148,148,148,166,195,242,242,255,265,265,292,292,369,369,339,254,273,284,284],"floor_reached":22,"playtime":793,"items_purged":[],"score":396,"play_id":"ece47579-a2f6-46d3-89be-c9af37361274","local_time":"20181126234758","is_ascension_mode":true,"campfire_choices":[{"floor":6.0,"key":"REST"},{"floor":10.0,"key":"REST"},{"floor":13.0,"key":"REST"},{"data":"Streamline","floor":15.0,"key":"SMITH"}],"neow_cost":"NONE","seed_source_timestamp":1054264860450367,"circlet_count":0,"master_deck":["AscendersBane","Strike_B","Strike_B","Strike_B","Strike_B","Defend_B","Defend_B+1","Defend_B","Defend_B","Zap","Dualcast","Streamline+1","Glacier","Ball Lightning","Leap+1","Self Repair","Leap","Core Surge","Barrage","All For One","Coolheaded","Leap","Darkness+1"],"special_seed":0,"relics":["Black Star","Pantograph","Juzu Bracelet","Strawberry","Bag of Marbles","Omamori","War Paint","Runic Pyramid","Bag of Preparation"],"potions_floor_usage":[],"damage_taken":[{"damage":19.0,"enemies":"Jaw Worm","floor":1.0,"turns":4.0},{"damage":2.0,"enemies":"2 Louse","floor":3.0,"turns":3.0},{"damage":4.0,"enemies":"Small Slimes","floor":4.0,"turns":5.0},{"damage":22.0,"enemies":"Gremlin Gang","floor":7.0,"turns":4.0},{"damage":27.0,"enemies":"3 Sentries","floor":8.0,"turns":12.0},{"damage":2.0,"enemies":"Exordium Wildlife","floor":11.0,"turns":5.0},{"damage":16.0,"enemies":"Blue Slaver","floor":12.0,"turns":4.0},{"damage":20.0,"enemies":"Lagavulin","floor":14.0,"turns":6.0},{"damage":63.0,"enemies":"Slime Boss","floor":16.0,"turns":15.0},{"damage":21.0,"enemies":"2 Thieves","floor":18.0,"turns":4.0},{"damage":3.0,"enemies":"Chosen","floor":20.0,"turns":6.0},{"damage":25.0,"enemies":"Snake Plant","floor":21.0,"turns":5.0},{"damage":7,"enemies":"Shelled Parasite and Fungi","floor":22,"turns":2}],"seed_played":"-1318466654606373915","potions_obtained":[{"floor":1.0,"key":"FocusPotion"},{"floor":4.0,"key":"SkillPotion"},{"floor":12.0,"key":"Ancient Potion"},{"floor":20.0,"key":"Ancient Potion"}],"is_trial":false,"path_per_floor":["M","?","M","M","?","R","M","E","T","R","M","M","R","E","R","B",null,"M","?","M","M","M"],"character_chosen":"DEFECT","items_purchased":[],"campfire_rested":3,"item_purchase_floors":[],"current_hp_per_floor":[45,50,48,44,33,55,33,13,13,37,42,33,57,44,44,13,66,52,52,56,31,24],"gold":284,"neow_bonus":"BOSS_RELIC","is_prod":false,"is_daily":false,"chose_seed":false,"campfire_upgraded":1,"win_rate":0,"timestamp":1543272478,"path_taken":["M","?","M","M","?","R","M","E","T","R","M","M","R","E","R","BOSS","M","?","M","M","M"],"build_version":"2018-11-15","purchased_purges":0,"victory":false,"max_hp_per_floor":[71,76,76,76,76,76,76,83,83,83,83,83,83,83,83,83,83,83,83,83,83,83],"card_choices":[{"not_picked":["White Noise","Turbo"],"picked":"Streamline","floor":1.0},{"not_picked":["Defragment","Conserve Battery"],"picked":"Glacier","floor":3.0},{"not_picked":["Redo","Rebound"],"picked":"Ball Lightning","floor":4.0},{"not_picked":["Turbo","Compile Driver"],"picked":"Leap","floor":7.0},{"not_picked":["Streamline","All For One"],"picked":"Self Repair","floor":8.0},{"not_picked":["Undo","Redo"],"picked":"Leap","floor":11.0},{"not_picked":["Rebound","Recycle"],"picked":"Core Surge","floor":12.0},{"not_picked":["Beam Cell","Rebound"],"picked":"Barrage","floor":14.0},{"not_picked":["Fission","Buffer"],"picked":"All For One","floor":16.0},{"not_picked":["Genetic Algorithm","White Noise"],"picked":"Coolheaded","floor":18.0},{"not_picked":["Force Field","Aggregate"],"picked":"Leap","floor":20.0},{"not_picked":["Aggregate","Turbo"],"picked":"Darkness+1","floor":21.0}],"player_experience":507826,"relics_obtained":[{"floor":8.0,"key":"Juzu Bracelet"},{"floor":8.0,"key":"Strawberry"},{"floor":9.0,"key":"Bag of Marbles"},{"floor":14.0,"key":"Omamori"},{"floor":14.0,"key":"War Paint"}],"event_choices":[{"damage_healed":0.0,"max_hp_gain":5.0,"max_hp_loss":0.0,"gold_gain":0.0,"event_name":"Big Fish","player_choice":"Donut","floor":2.0,"gold_loss":0.0,"damage_taken":0.0},{"damage_healed":0.0,"max_hp_gain":0.0,"max_hp_loss":0.0,"gold_gain":0.0,"event_name":"Scrap Ooze","player_choice":"Success","floor":5.0,"gold_loss":0.0,"damage_taken":11.0,"relics_obtained":["Pantograph"]},{"damage_healed":0.0,"max_hp_gain":0.0,"max_hp_loss":0.0,"gold_gain":0.0,"event_name":"Addict","player_choice":"Obtained Relic","floor":19.0,"gold_loss":85.0,"damage_taken":0.0,"relics_obtained":["Bag of Preparation"]}],"is_beta":false,"boss_relics":[{"not_picked":["White Beast Statue","Lizard Tail"],"picked":"Runic Pyramid"}],"items_purged_floors":[],"is_endless":false,"potions_floor_spawned":[1,4,12,20],"killed_by":"Shelled Parasite and Fungi","ascension_level":20}