{"gold_per_floor":[113,130,150,160,174,205,205,218,218,237,237,262,274,284,284,284],"floor_reached":16,"playtime":601,"items_purged":[],"score":236,"play_id":"8962be0e-a03f-4914-8c9d-20a28e06b499","local_time":"20181216090559","is_ascension_mode":true,"campfire_choices":[{"floor":7.0,"key":"REST"},{"floor":11,"key":"REST"},{"floor":15,"key":"REST"}],"neow_cost":"NONE","seed_source_timestamp":139519901246572,"circlet_count":0,"master_deck":["AscendersBane","Defend_G","Defend_G","Defend_G","Defend_G","Defend_G","Strike_G","Strike_G","Strike_G","Strike_G","Strike_G","Survivor","Neutralize","Blur","Bouncing Flask","Calculated Gamble","Quick Slash","Leg Sweep","Poisoned Stab","Dodge and Roll","Regret","Sucker Punch","Deadly Poison","Dagger Spray","Crippling Poison"],"special_seed":0,"relics":["Cursed Key","Question Card","Bag of Marbles","Bottled Flame"],"potions_floor_usage":[12,12],"damage_taken":[{"damage":0.0,"enemies":"Small Slimes","floor":1.0,"turns":4.0},{"damage":10.0,"enemies":"2 Louse","floor":2.0,"turns":4.0},{"damage":0.0,"enemies":"Cultist","floor":3.0,"turns":4.0},{"damage":8.0,"enemies":"Blue Slaver","floor":4.0,"turns":4.0},{"damage":4.0,"enemies":"3 Louse","floor":5.0,"turns":5.0},{"damage":12.0,"enemies":"Lagavulin","floor":6.0,"turns":6.0},{"damage":11,"enemies":"Exordium Wildlife","floor":8,"turns":6},{"damage":14,"enemies":"Lots of Slimes","floor":10,"turns":6},{"damage":37,"enemies":"Gremlin Nob","floor":12,"turns":5},{"damage":7,"enemies":"Looter","floor":13,"turns":3},{"damage":2,"enemies":"Blue Slaver","floor":14,"turns":4},{"damage":25,"enemies":"Slime Boss","floor":16,"turns":3}],"seed_played":"2308962327986006358","potions_obtained":[{"floor":1.0,"key":"Ancient Potion"},{"floor":4.0,"key":"SmokeBomb"},{"floor":6.0,"key":"Regen Potion"},{"floor":12,"key":"Ancient Potion"}],"is_trial":false,"path_per_floor":["M","M","M","M","M","E","R","M","T","M","R","E","M","M","R","B"],"character_chosen":"THE_SILENT","items_purchased":[],"campfire_rested":3,"item_purchase_floors":[],"current_hp_per_floor":[59,49,49,41,37,25,44,33,33,19,38,15,8,6,25,0],"gold":284,"neow_bonus":"BOSS_RELIC","is_prod":false,"is_daily":false,"chose_seed":false,"campfire_upgraded":0,"win_rate":0,"timestamp":1544947559,"path_taken":["M","M","M","M","M","E","R","M","T","M","R","E","M","M","R","BOSS"],"build_version":"2018-12-13","purchased_purges":0,"victory":false,"max_hp_per_floor":[66,66,66,66,66,66,66,66,66,66,66,66,66,66,66,66],"card_choices":[{"not_picked":["Slice","PiercingWail"],"picked":"Blur","floor":1.0},{"not_picked":["Bane","Slice"],"picked":"Bouncing Flask","floor":2.0},{"not_picked":["Quick Slash","Blade Dance"],"picked":"Calculated Gamble","floor":3.0},{"not_picked":["Bane","Calculated Gamble"],"picked":"Quick Slash","floor":4.0},{"not_picked":["Skewer","Infinite Blades"],"picked":"Leg Sweep","floor":5.0},{"not_picked":["Accuracy","Sucker Punch"],"picked":"Poisoned Stab","floor":6.0},{"not_picked":["Slice","Quick Slash","Distraction"],"picked":"Dodge and Roll","floor":8},{"not_picked":["Prepared","Acrobatics","Phantasmal Killer"],"picked":"Sucker Punch","floor":10},{"not_picked":["Blade Dance","Masterful Stab","Underhanded Strike"],"picked":"Deadly Poison","floor":12},{"not_picked":["Caltrops","Dagger Throw","Prepared"],"picked":"Dagger Spray","floor":13},{"not_picked":["Prepared","Dagger Spray","Flechettes"],"picked":"Crippling Poison","floor":14}],"player_experience":526219,"relics_obtained":[{"floor":6.0,"key":"Question Card"},{"floor":9,"key":"Bag of Marbles"},{"floor":12,"key":"Bottled Flame"}],"event_choices":[],"is_beta":false,"boss_relics":[],"items_purged_floors":[],"is_endless":false,"potions_floor_spawned":[1,4,6,12],"killed_by":"Slime Boss","ascension_level":20}