{"gold_per_floor":[112,112,139,155,80,109,259,259,259,259,1,32,32,61,61,135,135,147,159,159,173,189,189,209,209,254,254,265,282,197,22,22,96,96,106,0,100,111,124,124,124],"floor_reached":41,"playtime":1696,"items_purged":["Strike_R","Doubt"],"score":826,"play_id":"0b5e45cc-47ac-43bb-92b7-5262747ec92d","local_time":"20190525222726","is_ascension_mode":true,"campfire_choices":[{"data":"Searing Blow","floor":8,"key":"SMITH"},{"data":"Searing Blow+1","floor":10,"key":"SMITH"},{"data":"Armaments","floor":13,"key":"SMITH"},{"data":"Searing Blow+2","floor":15,"key":"SMITH"},{"data":"Searing Blow+3","floor":23,"key":"SMITH"},{"data":"Searing Blow+4","floor":25,"key":"SMITH"},{"floor":27,"key":"REST"},{"floor":32,"key":"REST"},{"data":"Searing Blow+5","floor":40,"key":"SMITH"}],"neow_cost":"NONE","seed_source_timestamp":1032978137355300,"circlet_count":0,"master_deck":["AscendersBane","Bash","Uppercut","Searing Blow+6","True Grit","Armaments+1","Rampage","Headbutt","Limit Break+1","Warcry+1","True Grit+1","Reckless Charge+1","Pommel Strike","Shrug It Off+1","Flame Barrier+1","Second Wind+1","Feed","Impervious+1","Feed","Juggernaut","Feed","Anger","Cleave","Clash","Bloodletting+1","Thunderclap+1","Warcry+1","Flex+1","Juggernaut"],"relics":["Burning Blood","NeowsBlessing","Orichalcum","Whetstone","Mercury Hourglass","Pen Nib","Toxic Egg 2","Kunai","Snecko Eye","Art of War","Strawberry","Pandora\u0027s Box","Red Mask","Unceasing Top"],"potions_floor_usage":[28,33,33,38],"damage_taken":[{"damage":0,"enemies":"2 Louse","floor":1,"turns":1},{"damage":0,"enemies":"Jaw Worm","floor":4,"turns":1},{"damage":0,"enemies":"Lagavulin","floor":6,"turns":1},{"damage":2,"enemies":"Gremlin Nob","floor":12,"turns":3},{"damage":18,"enemies":"Lagavulin","floor":14,"turns":6},{"damage":21,"enemies":"Slime Boss","floor":16,"turns":8},{"damage":9,"enemies":"Shell Parasite","floor":18,"turns":2},{"damage":19,"enemies":"2 Thieves","floor":19,"turns":4},{"damage":6,"enemies":"Shelled Parasite and Fungi","floor":21,"turns":5},{"damage":16,"enemies":"Chosen and Byrds","floor":22,"turns":5},{"damage":33,"enemies":"Centurion and Healer","floor":24,"turns":6},{"damage":7,"enemies":"3 Cultists","floor":28,"turns":4},{"damage":2,"enemies":"Snecko","floor":29,"turns":5},{"damage":33,"enemies":"Champ","floor":33,"turns":9},{"damage":5,"enemies":"Orb Walker","floor":35,"turns":3},{"damage":30,"enemies":"Mind Bloom Boss Battle","floor":37,"turns":5},{"damage":8,"enemies":"3 Darklings","floor":38,"turns":6},{"damage":15,"enemies":"4 Shapes","floor":39,"turns":9},{"damage":67,"enemies":"Writhing Mass","floor":41,"turns":5}],"seed_played":"1612981716888404271","potions_obtained":[{"floor":4,"key":"Strength Potion"},{"floor":19,"key":"Strength Potion"},{"floor":28,"key":"SkillPotion"},{"floor":33,"key":"EssenceOfSteel"},{"floor":35,"key":"Energy Potion"},{"floor":38,"key":"FearPotion"}],"is_trial":false,"path_per_floor":["M","?","T","M","$","E","?","R","T","R","$","E","R","E","R","B",null,"M","M","?","M","M","R","M","R","T","R","M","M","?","$","R","B",null,"M","?","?","M","M","R","M"],"character_chosen":"IRONCLAD","items_purchased":["Pen Nib","Second Wind+1","Feed"],"campfire_rested":2,"item_purchase_floors":[11,31,31],"current_hp_per_floor":[74,74,74,75,75,75,75,75,75,75,75,75,75,63,63,48,68,65,52,48,48,38,38,11,11,11,33,32,36,43,43,67,40,72,76,76,56,54,48,48,0],"gold":124,"neow_bonus":"THREE_ENEMY_KILL","is_prod":false,"is_daily":false,"chose_seed":false,"campfire_upgraded":7,"win_rate":0,"timestamp":1558816046,"path_taken":["M","?","?","?","$","E","?","R","T","R","?","E","R","E","R","BOSS","M","?","?","M","M","R","M","R","T","R","M","?","?","?","R","BOSS","M","?","?","M","M","R","M"],"build_version":"2019-01-23","purchased_purges":2,"victory":false,"max_hp_per_floor":[75,75,75,75,75,75,75,75,75,75,75,75,75,75,75,75,75,75,75,75,75,75,75,75,75,75,75,75,75,82,82,82,82,82,85,85,89,89,92,92,92],"card_choices":[{"not_picked":["Armaments","Searing Blow"],"picked":"Uppercut","floor":1},{"not_picked":["Infernal Blade","Burning Pact"],"picked":"True Grit","floor":4},{"not_picked":["Body Slam","Intimidate"],"picked":"Armaments","floor":6},{"not_picked":["Hemokinesis","Warcry"],"picked":"Rampage","floor":12},{"not_picked":["Cleave","Anger"],"picked":"Headbutt","floor":14},{"not_picked":["Exhume+1","Demon Form"],"picked":"Limit Break+1","floor":16},{"not_picked":["Havoc+1","Pommel Strike"],"picked":"Warcry+1","floor":18},{"not_picked":["Dropkick+1","Anger"],"picked":"True Grit+1","floor":19},{"not_picked":["Headbutt","Burning Pact+1"],"picked":"Reckless Charge+1","floor":21},{"not_picked":["Heavy Blade","Clothesline"],"picked":"Pommel Strike","floor":22},{"not_picked":["Headbutt","Searing Blow"],"picked":"Shrug It Off+1","floor":24},{"not_picked":["Anger","Cleave+1","Hemokinesis+1"],"picked":"SKIP","floor":28},{"not_picked":["Heavy Blade","Carnage+1"],"picked":"Flame Barrier+1","floor":29},{"not_picked":["Dark Embrace","Brutality"],"picked":"Impervious+1","floor":33},{"not_picked":["Wild Strike","True Grit+1"],"picked":"Thunderclap+1","floor":35},{"not_picked":["Iron Wave","Shrug It Off+1"],"picked":"Warcry+1","floor":37},{"not_picked":["Cleave+1","Headbutt"],"picked":"Flex+1","floor":38},{"not_picked":["Flex+1","Anger"],"picked":"Juggernaut","floor":39}],"player_experience":1207158,"relics_obtained":[{"floor":3,"key":"Orichalcum"},{"floor":6,"key":"Whetstone"},{"floor":9,"key":"Mercury Hourglass"},{"floor":12,"key":"Toxic Egg 2"},{"floor":14,"key":"Kunai"},{"floor":26,"key":"Art of War"},{"floor":37,"key":"Unceasing Top"}],"event_choices":[{"damage_healed":0,"gold_gain":0,"cards_transformed":["Strike_R"],"player_choice":"Change","damage_taken":0,"max_hp_gain":0,"max_hp_loss":0,"event_name":"Living Wall","floor":2,"gold_loss":0,"cards_obtained":["Searing Blow"]},{"damage_healed":0,"gold_gain":150,"player_choice":"AGREE","damage_taken":0,"max_hp_gain":0,"max_hp_loss":0,"event_name":"Liars Game","floor":7,"gold_loss":0,"cards_obtained":["Doubt"]},{"damage_healed":0,"gold_gain":0,"player_choice":"Bought 0 Potions","damage_taken":0,"max_hp_gain":0,"max_hp_loss":0,"event_name":"The Woman in Blue","floor":20,"gold_loss":0},{"damage_healed":0,"gold_gain":0,"player_choice":"Obtained Relic","damage_taken":0,"relics_obtained":["Strawberry"],"max_hp_gain":0,"max_hp_loss":0,"event_name":"Addict","floor":30,"gold_loss":85},{"damage_healed":0,"gold_gain":0,"player_choice":"Paid","damage_taken":0,"relics_obtained":["Red Mask"],"max_hp_gain":0,"max_hp_loss":0,"event_name":"Tomb of Lord Red Mask","floor":36,"gold_loss":106},{"damage_healed":0,"gold_gain":0,"player_choice":"Fight","damage_taken":0,"max_hp_gain":0,"max_hp_loss":0,"event_name":"MindBloom","floor":37,"gold_loss":0}],"is_beta":false,"boss_relics":[{"not_picked":["Mark of Pain","Runic Dome"],"picked":"Snecko Eye"},{"not_picked":["Orrery","Eternal Feather"],"picked":"Pandora\u0027s Box"}],"items_purged_floors":[5,11],"is_endless":false,"potions_floor_spawned":[4,19,28,33,35,38],"killed_by":"Writhing Mass","ascension_level":16}