{"gold_per_floor":[111,111,123,142,153,153,178,189,212,241,241,1,15,15,15,112,112,127,127,202,221,232,264,264,299,299,99,99,99,99,111,111,214,264,279,290,75,92,110,145,145,172,199,199,215,35,66,82,82,82],"floor_reached":51,"playtime":3081,"items_purged":["Strike_R"],"score":1254,"play_id":"34e6f6ef-2e03-4b2b-a877-780543305361","local_time":"20191003131750","is_ascension_mode":true,"campfire_choices":[{"data":"Clothesline","floor":6.0,"key":"SMITH"},{"floor":11.0,"key":"REST"},{"data":"Carnage","floor":15.0,"key":"SMITH"},{"floor":24,"key":"REST"},{"floor":28,"key":"REST"},{"data":"Uppercut","floor":30,"key":"SMITH"},{"data":"Fire Breathing","floor":32,"key":"SMITH"},{"floor":41,"key":"REST"},{"floor":44,"key":"REST"},{"floor":49,"key":"REST"}],"neow_cost":"NONE","seed_source_timestamp":0,"circlet_count":0,"master_deck":["AscendersBane","Strike_R","Strike_R","Strike_R+1","Defend_R","Defend_R","Defend_R+1","Defend_R+1","Bash+1","Clothesline+1","Pommel Strike+1","Offering","Shrug It Off","Carnage+1","Fire Breathing+1","Feed","Uppercut+1","True Grit+1","Metallicize","Carnage+1","Havoc+1","Warcry+1","Offering+1","Disarm+1","True Grit+1","Reaper","Flame Barrier+1","Inflame+1","Power Through+1","Power Through+1","Shrug It Off+1","Clothesline+1","Impervious+1"],"special_seed":0,"relics":["Burning Blood","War Paint","Centennial Puzzle","Whetstone","Toxic Egg 2","Mark of Pain","Ancient Tea Set","Bottled Tornado","WingedGreaves","Bottled Flame","Tiny House","Lee\u0027s Waffle","Bronze Scales","Lizard Tail","Dream Catcher","Red Skull"],"potions_floor_usage":[25,33,40,47,47,50],"damage_taken":[{"damage":2.0,"enemies":"Jaw Worm","floor":1.0,"turns":3.0},{"damage":7.0,"enemies":"Small Slimes","floor":3.0,"turns":5.0},{"damage":4.0,"enemies":"Cultist","floor":4.0,"turns":3.0},{"damage":0.0,"enemies":"Lots of Slimes","floor":5.0,"turns":1.0},{"damage":24.0,"enemies":"Gremlin Nob","floor":7.0,"turns":4.0},{"damage":16.0,"enemies":"Exordium Thugs","floor":8.0,"turns":5.0},{"damage":38.0,"enemies":"3 Sentries","floor":10.0,"turns":4.0},{"damage":6.0,"enemies":"Red Slaver","floor":13.0,"turns":2.0},{"damage":18.0,"enemies":"Slime Boss","floor":16.0,"turns":6.0},{"damage":12.0,"enemies":"Spheric Guardian","floor":18.0,"turns":3.0},{"damage":2,"enemies":"Chosen","floor":21,"turns":4},{"damage":29,"enemies":"Centurion and Healer","floor":22,"turns":5},{"damage":38,"enemies":"Book of Stabbing","floor":23,"turns":5},{"damage":26,"enemies":"Slavers","floor":25,"turns":4},{"damage":10,"enemies":"Snecko","floor":31,"turns":4},{"damage":30,"enemies":"Collector","floor":33,"turns":7},{"damage":17,"enemies":"3 Shapes","floor":35,"turns":5},{"damage":31,"enemies":"3 Darklings","floor":36,"turns":7},{"damage":19,"enemies":"4 Shapes","floor":38,"turns":3},{"damage":20,"enemies":"Jaw Worm Horde","floor":39,"turns":3},{"damage":102,"enemies":"Giant Head","floor":40,"turns":10},{"damage":17,"enemies":"Nemesis","floor":42,"turns":7},{"damage":25,"enemies":"Maw","floor":45,"turns":8},{"damage":132,"enemies":"Giant Head","floor":47,"turns":15},{"damage":43,"enemies":"Transient","floor":48,"turns":5},{"damage":45,"enemies":"Time Eater","floor":50,"turns":13}],"seed_played":"-2842049960001879034","potions_obtained":[{"floor":1.0,"key":"AttackPotion"},{"floor":5.0,"key":"AttackPotion"},{"floor":8.0,"key":"Ancient Potion"},{"floor":18.0,"key":"PowerPotion"},{"floor":33,"key":"SpeedPotion"},{"floor":38,"key":"Energy Potion"},{"floor":42,"key":"Swift Potion"},{"floor":48,"key":"Energy Potion"}],"is_trial":false,"path_per_floor":["M","?","M","M","M","R","E","M","T","E","R","$","M","?","R","B",null,"M","?","?","M","M","E","R","E","T","$","R","T","R","M","R","B",null,"M","M","$","M","M","E","R","E","T","R","M","$","E","M","R","B",null],"character_chosen":"IRONCLAD","items_purchased":["Toxic Egg 2","Havoc+1","DuplicationPotion","Lee\u0027s Waffle","Flame Barrier+1","Power Through+1","Shrug It Off+1","BloodPotion"],"campfire_rested":6,"item_purchase_floors":[12,27,27,37,37,46,46,46],"current_hp_per_floor":[76,76,75,77,80,80,62,52,52,20,44,44,44,49,49,37,73,67,67,59,63,43,11,37,20,20,20,47,47,47,43,43,19,78,70,45,106,96,103,21,53,45,45,78,59,59,34,7,40,11],"gold":82,"neow_bonus":"UPGRADE_CARD","is_prod":false,"is_daily":false,"chose_seed":false,"campfire_upgraded":4,"win_rate":0,"timestamp":1570123070,"path_taken":["M","?","M","M","M","R","E","M","T","E","R","$","M","?","R","BOSS","M","?","?","?","M","E","R","E","T","?","R","?","R","M","R","BOSS","M","M","$","M","M","E","R","E","T","R","M","$","E","M","R","BOSS"],"build_version":"2019-10-02","purchased_purges":1,"victory":true,"max_hp_per_floor":[80,80,80,80,80,80,80,80,80,80,80,80,80,85,85,85,85,85,85,85,85,88,88,88,91,91,91,91,91,91,91,91,91,96,99,99,106,109,109,109,109,112,112,112,112,112,112,112,112,112],"card_choices":[{"not_picked":["Entrench","Clash"],"picked":"Clothesline","floor":1.0},{"not_picked":["Armaments","Bloodletting","Blood for Blood"],"picked":"SKIP","floor":3.0},{"not_picked":["Headbutt","Seeing Red"],"picked":"Pommel Strike","floor":4.0},{"not_picked":["Warcry","Burning Pact","Sword Boomerang"],"picked":"SKIP","floor":5.0},{"not_picked":["Entrench","Hemokinesis"],"picked":"Offering","floor":7.0},{"not_picked":["Iron Wave","Body Slam"],"picked":"Shrug It Off","floor":8.0},{"not_picked":["Perfected Strike","Juggernaut"],"picked":"Carnage","floor":10.0},{"not_picked":["Bloodletting+1","Rampage"],"picked":"Fire Breathing","floor":13.0},{"not_picked":["Limit Break+1","Barricade"],"picked":"Feed","floor":16.0},{"not_picked":["Wild Strike","Sword Boomerang","Perfected Strike"],"picked":"SKIP","floor":18.0},{"not_picked":["Dual Wield+1","Thunderclap"],"picked":"Uppercut","floor":21},{"not_picked":["Clothesline","Wild Strike"],"picked":"True Grit+1","floor":22},{"not_picked":["Limit Break+1","Sentinel+1"],"picked":"Metallicize","floor":23},{"not_picked":["Burning Pact+1","Warcry+1"],"picked":"Carnage","floor":25},{"not_picked":["Sword Boomerang","Clothesline"],"picked":"Warcry+1","floor":31},{"not_picked":["Feed","Limit Break+1"],"picked":"Offering+1","floor":33},{"not_picked":["Clash","Heavy Blade"],"picked":"Disarm+1","floor":34},{"not_picked":["Cleave","Thunderclap"],"picked":"True Grit+1","floor":35},{"not_picked":["Twin Strike","Metallicize"],"picked":"Reaper","floor":36},{"not_picked":["Hemokinesis","Power Through+1"],"picked":"Inflame+1","floor":38},{"not_picked":["Hemokinesis","Twin Strike+1","Sword Boomerang+1"],"picked":"SKIP","floor":39},{"not_picked":["Infernal Blade+1","Warcry+1"],"picked":"Power Through+1","floor":40},{"not_picked":["Pommel Strike","Sword Boomerang","Perfected Strike+1"],"picked":"SKIP","floor":42},{"not_picked":["Armaments+1","Iron Wave","Twin Strike"],"picked":"SKIP","floor":45},{"not_picked":["Heavy Blade","Corruption+1","Hemokinesis"],"picked":"SKIP","floor":47},{"not_picked":["Hemokinesis","Anger"],"picked":"Clothesline+1","floor":48},{"not_picked":["Perfected Strike+1","Thunderclap"],"picked":"Impervious+1","floor":49}],"player_experience":455656,"relics_obtained":[{"floor":7.0,"key":"War Paint"},{"floor":9.0,"key":"Centennial Puzzle"},{"floor":10.0,"key":"Whetstone"},{"floor":23,"key":"Ancient Tea Set"},{"floor":25,"key":"Bottled Tornado"},{"floor":26,"key":"WingedGreaves"},{"floor":29,"key":"Bottled Flame"},{"floor":40,"key":"Bronze Scales"},{"floor":42,"key":"Lizard Tail"},{"floor":43,"key":"Dream Catcher"},{"floor":47,"key":"Red Skull"}],"event_choices":[{"cards_removed":["Strike_R"],"damage_healed":0.0,"max_hp_gain":0.0,"max_hp_loss":0.0,"gold_gain":0.0,"event_name":"Living Wall","player_choice":"Forget","floor":2.0,"gold_loss":0.0,"damage_taken":0.0},{"damage_healed":0.0,"max_hp_gain":5.0,"max_hp_loss":0.0,"gold_gain":0.0,"event_name":"Big Fish","player_choice":"Donut","floor":14.0,"gold_loss":0.0,"damage_taken":0.0},{"damage_healed":0,"gold_gain":0,"player_choice":"Ignored","damage_taken":0,"max_hp_gain":0,"max_hp_loss":0,"event_name":"Ghosts","floor":19,"gold_loss":0},{"damage_healed":0,"gold_gain":75,"player_choice":"Touch","damage_taken":8,"max_hp_gain":0,"max_hp_loss":0,"event_name":"FaceTrader","floor":20,"gold_loss":0}],"is_beta":true,"boss_relics":[{"not_picked":["SacredBark","Busted Crown"],"picked":"Mark of Pain"},{"not_picked":["Velvet Choker","Runic Dome"],"picked":"Tiny House"}],"items_purged_floors":[27],"is_endless":false,"potions_floor_spawned":[1,5,8,18,21,31,33,35,38,42,45,48],"ascension_level":12}