{"gold_per_floor":[114,114,126,126,179,207,207,241,241,254,254,273,300,354,354,432,432,432,432,432,432],"floor_reached":21,"playtime":685,"items_purged":[],"score":414,"play_id":"010146e9-ff7b-4a97-b24d-6846aaaaafd8","local_time":"20190521011210","is_ascension_mode":true,"campfire_choices":[{"data":"White Noise","floor":7,"key":"SMITH"},{"data":"Fission","floor":11,"key":"SMITH"},{"floor":15,"key":"REST"}],"neow_cost":"NONE","seed_source_timestamp":611863913802600,"circlet_count":0,"master_deck":["AscendersBane","Defend_B","Defend_B","Defend_B","Defend_B","Zap","Dualcast","Hologram","White Noise+1","Compile Driver","Fission+1","Auto Shields","Capacitor","Sunder","Electrodynamics","Echo Form","Cold Snap","Bite","Bite","Bite","Bite","Bite","Capacitor"],"relics":["Cracked Core","NeowsBlessing","Gambling Chip","Regal Pillow","Darkstone Periapt","Dream Catcher","Ectoplasm"],"potions_floor_usage":[8,13,16],"damage_taken":[{"damage":0,"enemies":"Cultist","floor":1,"turns":1},{"damage":0,"enemies":"2 Louse","floor":3,"turns":1},{"damage":0,"enemies":"Gremlin Nob","floor":6,"turns":1},{"damage":27,"enemies":"3 Sentries","floor":8,"turns":5},{"damage":2,"enemies":"Jaw Worm","floor":10,"turns":4},{"damage":15,"enemies":"3 Louse","floor":12,"turns":3},{"damage":28,"enemies":"Lagavulin","floor":13,"turns":9},{"damage":9,"enemies":"Slime Boss","floor":16,"turns":8},{"damage":37,"enemies":"Chosen","floor":18,"turns":5},{"damage":15,"enemies":"Spheric Guardian","floor":20,"turns":4},{"damage":21,"enemies":"Snake Plant","floor":21,"turns":2}],"seed_played":"2379531040724859887","potions_obtained":[{"floor":6,"key":"Weak Potion"},{"floor":12,"key":"SpeedPotion"},{"floor":13,"key":"AttackPotion"},{"floor":16,"key":"Explosive Potion"}],"is_trial":false,"path_per_floor":["M","$","M","$","T","E","R","E","T","M","R","M","E","?","R","B",null,"M","?","M","M"],"character_chosen":"DEFECT","items_purchased":[],"campfire_rested":1,"item_purchase_floors":[],"current_hp_per_floor":[64,64,64,64,64,66,66,41,41,41,41,28,2,2,38,31,61,26,26,13,0],"gold":432,"neow_bonus":"THREE_ENEMY_KILL","is_prod":false,"is_daily":false,"chose_seed":false,"campfire_upgraded":2,"win_rate":0,"timestamp":1558393930,"path_taken":["M","$","?","$","?","E","R","E","T","M","R","M","E","?","R","BOSS","M","?","M","M"],"build_version":"2019-01-23","purchased_purges":0,"victory":false,"max_hp_per_floor":[71,71,71,71,71,71,71,71,71,71,71,71,71,71,71,71,71,71,71,71,71],"card_choices":[{"not_picked":["Steam","Stack"],"picked":"Hologram","floor":1},{"not_picked":["Hello World","Coolheaded"],"picked":"White Noise","floor":3},{"not_picked":["Barrage","Beam Cell"],"picked":"Compile Driver","floor":6},{"not_picked":["Reinforced Body","Double Energy"],"picked":"Fission","floor":8},{"not_picked":["Cold Snap","Go for the Eyes"],"picked":"Auto Shields","floor":10},{"not_picked":["Stack","Steam Power"],"picked":"Capacitor","floor":12},{"not_picked":["Ball Lightning","Double Energy"],"picked":"Sunder","floor":13},{"not_picked":["Sunder","Go for the Eyes"],"picked":"Electrodynamics","floor":15},{"not_picked":["Core Surge","Machine Learning"],"picked":"Echo Form","floor":16},{"not_picked":["Turbo","Stack"],"picked":"Cold Snap","floor":18},{"not_picked":["Aggregate","Stack"],"picked":"Capacitor","floor":20}],"player_experience":1182015,"relics_obtained":[{"floor":5,"key":"Blood Vial"},{"floor":6,"key":"Gambling Chip"},{"floor":8,"key":"Regal Pillow"},{"floor":9,"key":"Darkstone Periapt"},{"floor":13,"key":"Dream Catcher"}],"event_choices":[{"damage_healed":0,"gold_gain":54,"player_choice":"Gained Gold","damage_taken":0,"max_hp_gain":0,"max_hp_loss":0,"event_name":"Golden Wing","floor":14,"gold_loss":0},{"damage_healed":0,"gold_gain":0,"player_choice":"Became a vampire (Vial)","damage_taken":0,"max_hp_gain":0,"max_hp_loss":0,"event_name":"Vampires","floor":19,"relics_lost":["Blood Vial"],"gold_loss":0,"cards_obtained":["Bite","Bite","Bite","Bite","Bite"]}],"is_beta":false,"boss_relics":[{"not_picked":["Black Star","Sozu"],"picked":"Ectoplasm"}],"items_purged_floors":[],"is_endless":false,"potions_floor_spawned":[6,12,13,16],"killed_by":"Snake Plant","ascension_level":15}