{"gold_per_floor":[117,134,134,146,126,126,106,106,106,140,154,154],"floor_reached":12,"playtime":562,"items_purged":[],"score":148,"play_id":"2f873333-f3bf-4603-9a5d-f01e06bf3da5","local_time":"20191014211259","is_ascension_mode":true,"campfire_choices":[{"data":"Predator","floor":6,"key":"SMITH"},{"floor":8,"key":"REST"}],"neow_cost":"NONE","seed_source_timestamp":932685112214400,"circlet_count":0,"master_deck":["AscendersBane","Strike_G","Strike_G","Strike_G","Strike_G","Strike_G","Defend_G","Defend_G","Defend_G","Defend_G","Defend_G","Survivor","Neutralize","Predator+1","Footwork","Backflip","Slice","Deflect"],"relics":["Ring of the Snake","Lantern","The Courier","Sundial","Bottled Flame"],"potions_floor_usage":[10],"damage_taken":[{"damage":7,"enemies":"Jaw Worm","floor":1,"turns":7},{"damage":4,"enemies":"Small Slimes","floor":2,"turns":3},{"damage":1,"enemies":"Cultist","floor":4,"turns":4},{"damage":11,"enemies":"Exordium Thugs","floor":7,"turns":4},{"damage":31,"enemies":"3 Sentries","floor":10,"turns":9},{"damage":1,"enemies":"Large Slime","floor":11,"turns":6},{"damage":13,"enemies":"Lagavulin","floor":12,"turns":4}],"seed_played":"3351761380361355382","potions_obtained":[{"floor":4,"key":"Dexterity Potion"},{"floor":5,"key":"Ancient Potion"},{"floor":7,"key":"PowerPotion"}],"is_trial":false,"path_per_floor":["M","M","?","M","?","R","M","R","T","E","M","E"],"character_chosen":"THE_SILENT","items_purchased":[],"campfire_rested":1,"item_purchase_floors":[],"current_hp_per_floor":[52,48,30,29,29,29,18,37,37,6,5,0],"gold":154,"neow_bonus":"RANDOM_COMMON_RELIC","is_prod":false,"is_daily":false,"chose_seed":false,"campfire_upgraded":1,"win_rate":0,"timestamp":1571083979,"path_taken":["M","M","?","M","?","R","M","R","T","E","M","E"],"build_version":"2019-07-17","purchased_purges":0,"victory":false,"max_hp_per_floor":[66,66,66,66,66,66,66,66,66,66,66,66],"card_choices":[{"not_picked":["Outmaneuver","Dagger Spray"],"picked":"Predator","floor":1},{"not_picked":["Eviscerate","Dagger Throw","Tactician"],"picked":"SKIP","floor":2},{"not_picked":["Dodge and Roll","Bouncing Flask"],"picked":"Footwork","floor":4},{"not_picked":["Slice","Poisoned Stab"],"picked":"Backflip","floor":7},{"not_picked":["Night Terror","Prepared"],"picked":"Slice","floor":10},{"not_picked":["Caltrops","Concentrate"],"picked":"Deflect","floor":11}],"player_experience":1227237,"relics_obtained":[{"floor":9,"key":"Sundial"},{"floor":10,"key":"Bottled Flame"}],"event_choices":[{"damage_healed":0,"gold_gain":0,"player_choice":"Success","damage_taken":18,"relics_obtained":["The Courier"],"max_hp_gain":0,"max_hp_loss":0,"event_name":"Scrap Ooze","floor":3,"gold_loss":0},{"damage_healed":0,"gold_gain":0,"player_choice":"Bought 1 Potion","damage_taken":0,"max_hp_gain":0,"max_hp_loss":0,"event_name":"The Woman in Blue","floor":5,"gold_loss":0}],"is_beta":false,"boss_relics":[],"items_purged_floors":[],"is_endless":false,"potions_floor_spawned":[4,7],"killed_by":"Lagavulin","ascension_level":17}