{"gold_per_floor":[118,133,153,153,153,153,42,42,42,98,116,116,132,149,149,226,226,241,255,269,269,269],"floor_reached":22,"playtime":1381,"items_purged":[],"score":320,"play_id":"f38f6210-7895-4551-b4d0-193a4a56329b","local_time":"20190708162254","is_ascension_mode":true,"campfire_choices":[{"data":"Dualcast","floor":6.0,"key":"SMITH"},{"data":"Coolheaded","floor":8.0,"key":"SMITH"},{"data":"Barrage","floor":12.0,"key":"SMITH"},{"data":"Capacitor","floor":15.0,"key":"SMITH"}],"neow_cost":"NONE","seed_source_timestamp":401184088901183,"circlet_count":0,"master_deck":["AscendersBane","Strike_B","Strike_B","Strike_B","Strike_B","Defend_B","Defend_B","Defend_B","Defend_B","Zap","Dualcast+1","Auto Shields","BootSequence","Capacitor+1","Steam","BootSequence","Coolheaded+1","Self Repair","Go for the Eyes","Barrage+1","Sunder","Reboot","Coolheaded","Ghostly","Ghostly","Ghostly"],"special_seed":0,"relics":["Orrery","Peace Pipe","Bottled Tornado","Cables","Coffee Dripper"],"potions_floor_usage":[19],"damage_taken":[{"damage":5.0,"enemies":"Cultist","floor":1.0,"turns":5.0},{"damage":0.0,"enemies":"2 Louse","floor":2.0,"turns":4.0},{"damage":7.0,"enemies":"Jaw Worm","floor":3.0,"turns":7.0},{"damage":26.0,"enemies":"3 Sentries","floor":10.0,"turns":11.0},{"damage":4.0,"enemies":"Exordium Wildlife","floor":11.0,"turns":9.0},{"damage":20.0,"enemies":"Large Slime","floor":13.0,"turns":8.0},{"damage":0.0,"enemies":"Blue Slaver","floor":14.0,"turns":6.0},{"damage":12.0,"enemies":"Hexaghost","floor":16.0,"turns":13.0},{"damage":17,"enemies":"Chosen","floor":18,"turns":7},{"damage":20,"enemies":"3 Byrds","floor":19,"turns":9},{"damage":27,"enemies":"Shelled Parasite and Fungi","floor":20,"turns":12},{"damage":21,"enemies":"3 Cultists","floor":22,"turns":5}],"seed_played":"8793130502398472132","potions_obtained":[{"floor":1.0,"key":"SteroidPotion"},{"floor":13.0,"key":"Swift Potion"},{"floor":14.0,"key":"Explosive Potion"},{"floor":20,"key":"Explosive Potion"}],"is_trial":false,"path_per_floor":["M","M","M","?","T","R","$","R","T","?","M","R","M","M","R","B",null,"M","M","M","?","M"],"character_chosen":"DEFECT","items_purchased":["Coolheaded","Self Repair"],"campfire_rested":0,"item_purchase_floors":[7,7],"current_hp_per_floor":[59,59,52,52,52,52,52,52,52,33,36,36,23,30,30,25,60,50,37,17,17,0],"gold":269,"neow_bonus":"BOSS_RELIC","is_prod":false,"is_daily":false,"chose_seed":false,"campfire_upgraded":4,"win_rate":0,"timestamp":1562628174,"path_taken":["M","?","M","?","?","R","?","R","T","?","M","R","M","?","R","BOSS","M","M","M","?","M"],"build_version":"2019-07-05","purchased_purges":0,"victory":false,"max_hp_per_floor":[71,71,71,71,71,71,71,71,71,71,71,71,71,71,71,71,71,71,71,71,35,35],"card_choices":[{"not_picked":["Melter","Double Energy"],"picked":"Auto Shields","floor":0.0},{"not_picked":["Compile Driver","Rainbow"],"picked":"BootSequence","floor":0.0},{"not_picked":["Compile Driver","Streamline"],"picked":"Capacitor","floor":0.0},{"not_picked":["Hello World","Beam Cell"],"picked":"Steam","floor":0.0},{"not_picked":["Conserve Battery","Barrage"],"picked":"BootSequence","floor":1.0},{"not_picked":["Consume","Rip and Tear","Conserve Battery"],"picked":"SKIP","floor":2.0},{"not_picked":["Cold Snap","Consume","Rebound"],"picked":"SKIP","floor":3.0},{"not_picked":["Ball Lightning","Stack"],"picked":"Go for the Eyes","floor":10.0},{"not_picked":["Streamline","Coolheaded"],"picked":"Barrage","floor":11.0},{"not_picked":["Rebound","Go for the Eyes","Sweeping Beam"],"picked":"SKIP","floor":13.0},{"not_picked":["Amplify","Ball Lightning"],"picked":"Sunder","floor":14.0},{"not_picked":["Meteor Strike","Biased Cognition"],"picked":"Reboot","floor":16.0},{"not_picked":["Force Field+1","Gash","Static Discharge"],"picked":"SKIP","floor":18},{"not_picked":["Redo","White Noise"],"picked":"Coolheaded","floor":19},{"not_picked":["Doom and Gloom","Redo","Beam Cell"],"picked":"SKIP","floor":20},{"not_picked":["Doom and Gloom","Redo","Beam Cell"],"picked":"SKIP","floor":20},{"not_picked":["Doom and Gloom","Redo","Beam Cell"],"picked":"SKIP","floor":20}],"player_experience":154564,"relics_obtained":[{"floor":5.0,"key":"Peace Pipe"},{"floor":9.0,"key":"Bottled Tornado"},{"floor":10.0,"key":"Cables"}],"event_choices":[{"damage_healed":0.0,"max_hp_gain":0.0,"max_hp_loss":0.0,"gold_gain":0.0,"event_name":"Liars Game","player_choice":"Ignored","floor":4.0,"gold_loss":0.0,"damage_taken":0.0},{"damage_healed":0.0,"max_hp_gain":0.0,"max_hp_loss":0.0,"gold_gain":0.0,"event_name":"Dead Adventurer","player_choice":"Searched \u00271\u0027 times","floor":10.0,"gold_loss":0.0,"damage_taken":0.0},{"damage_healed":0,"gold_gain":0,"player_choice":"Became a Ghost","damage_taken":0,"max_hp_gain":0,"max_hp_loss":36,"event_name":"Ghosts","floor":21,"gold_loss":0,"cards_obtained":["Ghostly","Ghostly","Ghostly"]}],"is_beta":false,"boss_relics":[{"not_picked":["White Beast Statue","Tiny House"],"picked":"Coffee Dripper"}],"items_purged_floors":[],"is_endless":false,"potions_floor_spawned":[1,13,14,20],"killed_by":"3 Cultists","ascension_level":16}