{"gold_per_floor":[112,112,37,37,37,64,82,115,115,115,131,150,150,169,169,247,247,264,264,246,246,263,263,290,290],"floor_reached":25,"playtime":1035,"items_purged":["Strike_R"],"score":486,"play_id":"69108264-f37e-41df-9183-de1548b51f77","local_time":"20190608182850","is_ascension_mode":true,"campfire_choices":[{"data":"Shockwave","floor":10.0,"key":"SMITH"},{"data":"Bash","floor":13.0,"key":"SMITH"},{"data":"Power Through","floor":15.0,"key":"SMITH"},{"data":"Uppercut","floor":23,"key":"SMITH"}],"neow_cost":"NONE","seed_source_timestamp":135763478510699,"circlet_count":0,"master_deck":["AscendersBane","Defend_R","Defend_R+1","Defend_R+1","Defend_R","Bash+1","Uppercut+1","Twin Strike","Shrug It Off","Shockwave+1","Clothesline+1","Evolve","Power Through+1","Feed+1","Headbutt+1","Rampage+1","Second Wind","Shame","Body Slam+1","Clash+1"],"special_seed":0,"relics":["Burning Blood","NeowsBlessing","Molten Egg 2","War Paint","Strawberry","The Courier","Empty Cage","Lantern","Kunai"],"potions_floor_usage":[24,25],"damage_taken":[{"damage":0.0,"enemies":"Jaw Worm","floor":1.0,"turns":1.0},{"damage":0.0,"enemies":"3 Sentries","floor":6.0,"turns":2.0},{"damage":0.0,"enemies":"2 Louse","floor":7.0,"turns":2.0},{"damage":34.0,"enemies":"Gremlin Nob","floor":8.0,"turns":6.0},{"damage":2.0,"enemies":"Small Slimes","floor":11.0,"turns":3.0},{"damage":8.0,"enemies":"Blue Slaver","floor":12.0,"turns":4.0},{"damage":14.0,"enemies":"Large Slime","floor":14.0,"turns":5.0},{"damage":22.0,"enemies":"The Guardian","floor":16.0,"turns":17.0},{"damage":13.0,"enemies":"Chosen","floor":18.0,"turns":7.0},{"damage":20.0,"enemies":"2 Thieves","floor":20.0,"turns":4.0},{"damage":23,"enemies":"Snecko","floor":22,"turns":6},{"damage":36,"enemies":"Slavers","floor":24,"turns":8},{"damage":22,"enemies":"Chosen and Byrds","floor":25,"turns":8}],"seed_played":"2606046805778164507","potions_obtained":[{"floor":1.0,"key":"Explosive Potion"},{"floor":8.0,"key":"SpeedPotion"},{"floor":11.0,"key":"Dexterity Potion"},{"floor":14.0,"key":"Ancient Potion"},{"floor":16.0,"key":"Swift Potion"},{"floor":20.0,"key":"Weak Potion"}],"is_trial":false,"path_per_floor":["M","?","$","?","?","E","M","E","T","R","M","M","R","M","R","B",null,"M","?","M","?","M","R","E","M"],"character_chosen":"IRONCLAD","items_purchased":[],"campfire_rested":0,"item_purchase_floors":[],"current_hp_per_floor":[74,74,74,63,56,62,68,47,47,47,51,49,49,41,41,25,68,65,65,55,55,42,42,16,0],"gold":290,"neow_bonus":"THREE_ENEMY_KILL","is_prod":false,"is_daily":false,"chose_seed":false,"campfire_upgraded":4,"win_rate":0,"timestamp":1560011330,"path_taken":["M","?","$","?","?","E","M","E","T","R","M","M","R","M","R","BOSS","M","?","M","?","M","R","E","M"],"build_version":"2019-01-23","purchased_purges":1,"victory":false,"max_hp_per_floor":[75,75,75,75,75,75,75,82,82,82,82,82,82,82,82,82,82,86,86,90,90,94,94,98,98],"card_choices":[{"not_picked":["Entrench","Headbutt"],"picked":"Uppercut","floor":1.0},{"not_picked":["Evolve","Combust"],"picked":"Shrug It Off","floor":6.0},{"not_picked":["Corruption","Combust"],"picked":"Shockwave","floor":7.0},{"not_picked":["Wild Strike+1","Cleave+1"],"picked":"Clothesline+1","floor":8.0},{"not_picked":["Burning Pact","Rupture"],"picked":"Evolve","floor":11.0},{"not_picked":["Havoc","Clothesline+1","Perfected Strike+1"],"picked":"SKIP","floor":12.0},{"not_picked":["Metallicize","Iron Wave+1"],"picked":"Power Through","floor":14.0},{"not_picked":["Barricade","Impervious"],"picked":"Feed+1","floor":16.0},{"not_picked":["Pommel Strike+1","Inflame"],"picked":"Headbutt+1","floor":18.0},{"not_picked":["Blood for Blood+1","Sword Boomerang+1"],"picked":"Second Wind","floor":20.0},{"not_picked":["Iron Wave+1","Flex"],"picked":"Body Slam+1","floor":22},{"not_picked":["Sentinel","Perfected Strike+1"],"picked":"Clash+1","floor":24}],"player_experience":1228594,"relics_obtained":[{"floor":6.0,"key":"War Paint"},{"floor":8.0,"key":"Strawberry"},{"floor":9.0,"key":"The Courier"},{"floor":24,"key":"Kunai"}],"event_choices":[{"damage_healed":0.0,"max_hp_gain":0.0,"max_hp_loss":0.0,"gold_gain":0.0,"cards_transformed":["Strike_R"],"event_name":"Living Wall","player_choice":"Change","floor":2.0,"gold_loss":0.0,"damage_taken":0.0,"cards_obtained":["Twin Strike"]},{"damage_healed":0.0,"max_hp_gain":0.0,"max_hp_loss":0.0,"gold_gain":0.0,"event_name":"Scrap Ooze","player_choice":"Success","floor":4.0,"gold_loss":0.0,"damage_taken":11.0,"relics_obtained":["Molten Egg 2"]},{"cards_removed":["Strike_R"],"damage_healed":0.0,"max_hp_gain":0.0,"max_hp_loss":0.0,"gold_gain":0.0,"event_name":"Golden Wing","player_choice":"Card Removal","floor":5.0,"gold_loss":0.0,"damage_taken":7.0},{"damage_healed":0.0,"max_hp_gain":0.0,"max_hp_loss":0.0,"gold_gain":0.0,"event_name":"The Library","player_choice":"Read","floor":19.0,"gold_loss":0.0,"damage_taken":0.0,"cards_obtained":["Rampage"]},{"damage_healed":0,"gold_gain":0,"player_choice":"Stole Relic","damage_taken":0,"relics_obtained":["Lantern"],"max_hp_gain":0,"max_hp_loss":0,"event_name":"Addict","floor":21,"gold_loss":0,"cards_obtained":["Shame"]}],"is_beta":false,"boss_relics":[{"not_picked":["Runic Cube","Runic Pyramid"],"picked":"Empty Cage"}],"items_purged_floors":[3],"is_endless":false,"potions_floor_spawned":[1,8,11,14,16,20,22],"killed_by":"Chosen and Byrds","ascension_level":16}