{"gold_per_floor":[118,193,193,210,4,19,36,36,36,36,36,54,54,70,70,70],"floor_reached":16,"playtime":759,"items_purged":["Strike_B"],"score":92,"play_id":"1bc83cd9-d8e7-4e0c-997b-4c505666871a","local_time":"20190328210453","is_ascension_mode":false,"campfire_choices":[{"data":"Steam Power","floor":8,"key":"SMITH"},{"data":"Dualcast","floor":10,"key":"SMITH"},{"data":"Genetic Algorithm","floor":13,"key":"SMITH"},{"data":"Zap","floor":15,"key":"SMITH"}],"neow_cost":"NONE","seed_source_timestamp":325911045433266,"circlet_count":0,"master_deck":["Strike_B","Strike_B","Strike_B","Defend_B","Defend_B","Defend_B","Defend_B","Zap+1","Dualcast+1","Steam Power+1","Genetic Algorithm+1","Auto Shields","Steam","Gash","Hologram","Steam"],"special_seed":0,"relics":["Sozu","Bag of Preparation","Shuriken"],"potions_floor_usage":[],"damage_taken":[{"damage":1.0,"enemies":"Jaw Worm","floor":1.0,"turns":4.0},{"damage":0,"enemies":"2 Louse","floor":4,"turns":3},{"damage":1,"enemies":"Small Slimes","floor":6,"turns":5},{"damage":2,"enemies":"Looter","floor":7,"turns":4},{"damage":0,"enemies":"Blue Slaver","floor":12,"turns":4},{"damage":1,"enemies":"Exordium Thugs","floor":14,"turns":4},{"damage":74,"enemies":"The Guardian","floor":16,"turns":13}],"seed_played":"469053975111586627","potions_obtained":[],"is_trial":false,"path_per_floor":["M","?","?","M","$","M","M","R","T","R","?","M","R","M","R","B"],"character_chosen":"DEFECT","items_purchased":["Auto Shields","Steam"],"campfire_rested":0,"item_purchase_floors":[5,5],"current_hp_per_floor":[74,63,63,63,63,62,60,60,60,60,53,53,53,52,52,0],"gold":70,"neow_bonus":"BOSS_RELIC","is_prod":false,"is_daily":false,"chose_seed":false,"campfire_upgraded":4,"win_rate":0,"timestamp":1553832293,"path_taken":["M","?","?","M","$","M","M","R","T","R","?","M","R","M","R","BOSS"],"build_version":"2019-01-23","purchased_purges":1,"victory":false,"max_hp_per_floor":[75,75,75,75,75,75,75,75,75,75,75,75,75,75,75,75],"card_choices":[{"not_picked":["Chaos","Ball Lightning"],"picked":"Steam Power","floor":1.0},{"not_picked":["Coolheaded","Cold Snap"],"picked":"Genetic Algorithm","floor":4},{"not_picked":["Stack","Force Field","Coolheaded"],"picked":"SKIP","floor":6},{"not_picked":["Consume","Rebound"],"picked":"Gash","floor":7},{"not_picked":["Auto Shields","Stack"],"picked":"Hologram","floor":12},{"not_picked":["Defragment","Compile Driver"],"picked":"Steam","floor":14}],"player_experience":76113,"relics_obtained":[{"floor":9,"key":"Bag of Preparation"}],"event_choices":[{"damage_healed":0.0,"max_hp_gain":0.0,"max_hp_loss":0.0,"gold_gain":75.0,"event_name":"World of Goop","player_choice":"Gather Gold","floor":2.0,"gold_loss":0.0,"damage_taken":11.0},{"damage_healed":0,"gold_gain":0,"player_choice":"Ignored","damage_taken":0,"max_hp_gain":0,"max_hp_loss":0,"event_name":"Shining Light","floor":3,"gold_loss":0},{"damage_healed":0,"gold_gain":0,"player_choice":"Success","damage_taken":7,"relics_obtained":["Shuriken"],"max_hp_gain":0,"max_hp_loss":0,"event_name":"Scrap Ooze","floor":11,"gold_loss":0}],"is_beta":false,"boss_relics":[],"items_purged_floors":[5],"is_endless":false,"potions_floor_spawned":[1],"killed_by":"The Guardian","ascension_level":0}