{"gold_per_floor":[116,116,116,134,134,134,159,159,184,184,204,204,220,239,239,318,318,330,57,77,77,90,124,124],"floor_reached":24,"playtime":783,"items_purged":[],"score":446,"play_id":"c0e40af9-2b77-4167-bb21-09c5b58a38e0","local_time":"20190703012357","is_ascension_mode":true,"campfire_choices":[{"data":"Flame Barrier","floor":6,"key":"SMITH"},{"data":"Demon Form","floor":8,"key":"SMITH"},{"data":"Body Slam","floor":10,"key":"SMITH"},{"data":"Bash","floor":12,"key":"SMITH"},{"data":"Dual Wield","floor":15,"key":"SMITH"}],"neow_cost":"NONE","seed_source_timestamp":1300177279870900,"circlet_count":0,"master_deck":["AscendersBane","Strike_R","Strike_R","Strike_R","Strike_R","Defend_R","Defend_R","Defend_R","Defend_R","Bash+1","Body Slam+1","Flame Barrier+1","Battle Trance","Demon Form+1","Anger","Dual Wield+1","Offering","Iron Wave+1","Barricade","Enlightenment","Anger","Body Slam","Feed"],"relics":["Burning Blood","NeowsBlessing","Mummified Hand","Dream Catcher","Coffee Dripper","Dodecahedron"],"potions_floor_usage":[14,16,16,24],"damage_taken":[{"damage":0,"enemies":"Jaw Worm","floor":1,"turns":1},{"damage":0,"enemies":"2 Louse","floor":4,"turns":1},{"damage":0,"enemies":"Gremlin Nob","floor":7,"turns":1},{"damage":0,"enemies":"Cultist","floor":11,"turns":3},{"damage":3,"enemies":"Blue Slaver","floor":13,"turns":3},{"damage":0,"enemies":"Red Slaver","floor":14,"turns":3},{"damage":46,"enemies":"Slime Boss","floor":16,"turns":9},{"damage":0,"enemies":"3 Byrds","floor":18,"turns":1},{"damage":16,"enemies":"Spheric Guardian","floor":20,"turns":4},{"damage":5,"enemies":"Snecko","floor":22,"turns":4},{"damage":57,"enemies":"Slavers","floor":23,"turns":6},{"damage":24,"enemies":"Centurion and Healer","floor":24,"turns":2}],"seed_played":"-4123063068824246629","potions_obtained":[{"floor":4,"key":"Weak Potion"},{"floor":7,"key":"SneckoOil"},{"floor":13,"key":"Block Potion"},{"floor":14,"key":"Poison Potion"},{"floor":23,"key":"SkillPotion"}],"is_trial":false,"path_per_floor":["M","?","$","M","?","R","E","R","T","R","M","R","M","M","R","B",null,"M","$","M","?","M","E","M"],"character_chosen":"IRONCLAD","items_purchased":["Barricade","Enlightenment"],"campfire_rested":0,"item_purchase_floors":[19,19],"current_hp_per_floor":[74,79,79,80,80,80,80,80,80,80,80,80,80,80,80,40,70,76,76,66,61,62,11,0],"gold":124,"neow_bonus":"THREE_ENEMY_KILL","is_prod":false,"is_daily":false,"chose_seed":false,"campfire_upgraded":5,"win_rate":0,"timestamp":1562109837,"path_taken":["M","?","$","M","?","R","E","R","T","R","?","R","M","M","R","BOSS","M","$","M","?","?","E","M"],"build_version":"2019-07-01","purchased_purges":0,"victory":false,"max_hp_per_floor":[75,80,80,80,80,80,80,80,80,80,80,80,80,80,80,80,80,80,80,80,80,80,80,80],"card_choices":[{"not_picked":["Warcry","Thunderclap"],"picked":"Body Slam","floor":1},{"not_picked":["True Grit","Hemokinesis"],"picked":"Flame Barrier","floor":4},{"not_picked":["Perfected Strike","Clash"],"picked":"Demon Form","floor":7},{"not_picked":["Rage","Sever Soul"],"picked":"Anger","floor":11},{"not_picked":["Armaments","Twin Strike","Wild Strike"],"picked":"SKIP","floor":13},{"not_picked":["Sentinel","Evolve"],"picked":"Dual Wield","floor":14},{"not_picked":["Impervious","Bludgeon"],"picked":"Offering","floor":16},{"not_picked":["Twin Strike","Flex"],"picked":"Iron Wave+1","floor":18},{"not_picked":["Intimidate","Combust"],"picked":"Anger","floor":20},{"not_picked":["Flex","Dropkick"],"picked":"Body Slam","floor":22},{"not_picked":["Heavy Blade","Cleave"],"picked":"Feed","floor":23}],"player_experience":1559182,"relics_obtained":[{"floor":7,"key":"Mummified Hand"},{"floor":9,"key":"Dream Catcher"},{"floor":23,"key":"Dodecahedron"}],"event_choices":[{"damage_healed":0,"gold_gain":0,"player_choice":"Donut","damage_taken":0,"max_hp_gain":5,"max_hp_loss":0,"event_name":"Big Fish","floor":2,"gold_loss":0},{"damage_healed":0,"gold_gain":0,"cards_transformed":["Strike_R"],"player_choice":"Transformed","damage_taken":0,"max_hp_gain":0,"max_hp_loss":0,"event_name":"Transmorgrifier","floor":5,"gold_loss":0,"cards_obtained":["Battle Trance"]},{"damage_healed":0,"gold_gain":0,"player_choice":"Punched","damage_taken":5,"max_hp_gain":0,"max_hp_loss":0,"event_name":"Designer","floor":21,"gold_loss":0}],"is_beta":false,"boss_relics":[{"not_picked":["Fusion Hammer","Philosopher\u0027s Stone"],"picked":"Coffee Dripper"}],"items_purged_floors":[],"is_endless":false,"potions_floor_spawned":[4,7,13,14,23],"killed_by":"Centurion and Healer","ascension_level":17}