{"gold_per_floor":[118,135,150,3,78,78,104,104,104,119,119,130,130,148,148,243,293,311,311,83,83,83,83,112,112,185,185,200,200,216,227,227,322,322,342,390,51,151,164,164,174,174,174,15,15,30,62,81,81,81],"floor_reached":51,"playtime":2237,"items_purged":["Strike_B"],"score":720,"play_id":"a3edf638-9afa-4293-b2cc-3157c5a84986","local_time":"20181116211436","is_ascension_mode":false,"campfire_choices":[{"data":"Streamline","floor":6,"key":"SMITH"},{"data":"Zap","floor":8,"key":"SMITH"},{"data":"Loop","floor":11,"key":"SMITH"},{"floor":15,"key":"REST"},{"data":"Consume","floor":23,"key":"SMITH"},{"data":"Storm","floor":25,"key":"SMITH"},{"data":"Dualcast","floor":27,"key":"SMITH"},{"floor":32,"key":"REST"},{"data":"Doom and Gloom","floor":40,"key":"SMITH"},{"floor":49,"key":"REST"}],"neow_cost":"NONE","seed_source_timestamp":244701039445537,"circlet_count":0,"master_deck":["Strike_B","Defend_B","Defend_B","Defend_B+1","Zap+1","Dualcast+1","Conserve Battery+1","Consume+1","Streamline+1","Cold Snap","Loop+1","Self Repair","Amplify+1","Doom and Gloom+1","Cold Snap","Core Surge","Cold Snap","Storm+1","Coolheaded","Static Discharge+1","Biased Cognition+1","Compile Driver+1","Compile Driver+1","Beam Cell+1","Biased Cognition+1","Static Discharge+1","Static Discharge+1","Storm+1"],"relics":["Cracked Core","Bag of Preparation","Sundial","Cables","Ancient Tea Set","Tiny House","Juzu Bracelet","War Paint","Frozen Egg 2","Nuclear Battery","MawBank","ClockworkSouvenir","PreservedInsect","Symbiotic Virus","Orichalcum"],"potions_floor_usage":[14,16,17,33,50],"damage_taken":[{"damage":0,"enemies":"2 Louse","floor":1,"turns":2},{"damage":1,"enemies":"Small Slimes","floor":2,"turns":4},{"damage":0,"enemies":"Cultist","floor":3,"turns":4},{"damage":27,"enemies":"Gremlin Nob","floor":7,"turns":4},{"damage":0,"enemies":"2 Fungi Beasts","floor":10,"turns":2},{"damage":8,"enemies":"Red Slaver","floor":12,"turns":2},{"damage":0,"enemies":"Exordium Thugs","floor":14,"turns":2},{"damage":8,"enemies":"The Guardian","floor":16,"turns":8},{"damage":33,"enemies":"3 Byrds","floor":18,"turns":5},{"damage":30,"enemies":"Colosseum Slavers","floor":19,"turns":4},{"damage":17,"enemies":"Gremlin Leader","floor":24,"turns":5},{"damage":0,"enemies":"Spheric Guardian","floor":28,"turns":2},{"damage":14,"enemies":"Centurion and Healer","floor":30,"turns":6},{"damage":11,"enemies":"Snake Plant","floor":31,"turns":5},{"damage":61,"enemies":"Collector","floor":33,"turns":13},{"damage":0,"enemies":"3 Shapes","floor":35,"turns":6},{"damage":0,"enemies":"3 Darklings","floor":39,"turns":3},{"damage":0,"enemies":"4 Shapes","floor":41,"turns":4},{"damage":0,"enemies":"Transient","floor":46,"turns":5},{"damage":8,"enemies":"Giant Head","floor":47,"turns":5},{"damage":9,"enemies":"3 Darklings","floor":48,"turns":3},{"damage":21,"enemies":"Donu and Deca","floor":50,"turns":4}],"seed_played":"560630252141202343","potions_obtained":[{"floor":1,"key":"SteroidPotion"},{"floor":2,"key":"GamblersBrew"},{"floor":12,"key":"AttackPotion"},{"floor":14,"key":"AttackPotion"},{"floor":16,"key":"Fire Potion"},{"floor":17,"key":"Fruit Juice"},{"floor":24,"key":"Energy Potion"},{"floor":29,"key":"SpeedPotion"},{"floor":47,"key":"Block Potion"}],"is_trial":false,"path_per_floor":["M","M","M","$","?","R","E","R","T","M","R","M","?","M","R","B",null,"M","?","$","?","?","R","E","R","T","R","M","?","M","M","R","B",null,"M","T","$","?","M","R","M","?","T","$","?","M","E","M","R","B",null],"character_chosen":"DEFECT","items_purchased":["Bag of Preparation","Juzu Bracelet","ClockworkSouvenir","PreservedInsect","Biased Cognition+1"],"campfire_rested":3,"item_purchase_floors":[4,20,37,37,44],"current_hp_per_floor":[82,81,81,81,70,70,43,43,43,43,43,35,2,9,33,32,92,73,57,57,57,57,57,54,54,54,54,54,54,47,43,70,16,92,92,92,92,92,92,92,92,92,92,92,87,92,91,82,92,78],"gold":81,"neow_bonus":"TEN_PERCENT_HP_BONUS","is_prod":false,"is_daily":false,"chose_seed":false,"campfire_upgraded":7,"win_rate":0,"timestamp":1542402876,"path_taken":["M","M","M","$","?","R","E","R","T","M","R","M","?","M","R","BOSS","M","?","$","?","?","R","E","R","T","R","M","?","M","M","R","BOSS","M","?","$","?","M","R","M","?","T","$","?","M","E","M","R","BOSS"],"build_version":"2018-11-15","purchased_purges":1,"victory":true,"max_hp_per_floor":[82,82,82,82,82,82,82,82,82,82,82,82,82,82,82,82,92,92,92,92,92,92,92,92,92,92,92,92,92,92,92,92,92,92,92,92,92,92,92,92,92,92,92,92,92,92,92,92,92,92],"card_choices":[{"not_picked":["Hello World","Turbo"],"picked":"Conserve Battery","floor":1},{"not_picked":["Go for the Eyes","Barrage"],"picked":"Consume","floor":2},{"not_picked":["Go for the Eyes","Heatsinks"],"picked":"Streamline","floor":3},{"not_picked":["Go for the Eyes","Reboot"],"picked":"Cold Snap","floor":7},{"not_picked":["Redo","Sweeping Beam"],"picked":"Loop","floor":10},{"not_picked":["Turbo","Conserve Battery"],"picked":"Self Repair","floor":12},{"not_picked":["Rebound","Turbo","Stack"],"picked":"SKIP","floor":14},{"not_picked":["Rebound","Turbo","Stack"],"picked":"SKIP","floor":14},{"not_picked":["Thunder Strike","Rainbow"],"picked":"Amplify","floor":16},{"not_picked":["Heatsinks","Leap"],"picked":"Doom and Gloom","floor":17},{"not_picked":["Barrage","Rebound+1"],"picked":"Cold Snap","floor":18},{"not_picked":["Auto Shields+1","Steam"],"picked":"Storm","floor":24},{"not_picked":["Lockon","Streamline"],"picked":"Coolheaded","floor":28},{"not_picked":["Leap","Recycle+1","Sweeping Beam"],"picked":"SKIP","floor":30},{"not_picked":["Loop+1","Sweeping Beam"],"picked":"Static Discharge+1","floor":31},{"not_picked":["Amplify","Machine Learning+1"],"picked":"Biased Cognition+1","floor":33},{"not_picked":["Sweeping Beam","Cold Snap+1"],"picked":"Compile Driver+1","floor":35},{"not_picked":["BootSequence+1","Scrape+1"],"picked":"Compile Driver+1","floor":39},{"not_picked":["Beam Cell+1","Sunder","Compile Driver"],"picked":"SKIP","floor":41},{"not_picked":["Sunder","Compile Driver"],"picked":"Beam Cell+1","floor":41},{"not_picked":["Stack","Streamline+1"],"picked":"Static Discharge+1","floor":46},{"not_picked":["Leap+1","Consume"],"picked":"Static Discharge+1","floor":47},{"not_picked":["Biased Cognition+1","Consume+1"],"picked":"Storm+1","floor":48}],"player_experience":983486,"relics_obtained":[{"floor":7,"key":"Sundial"},{"floor":9,"key":"Cables"},{"floor":24,"key":"War Paint"},{"floor":26,"key":"Frozen Egg 2"},{"floor":36,"key":"MawBank"},{"floor":43,"key":"Symbiotic Virus"},{"floor":47,"key":"Orichalcum"}],"event_choices":[{"damage_healed":0,"gold_gain":75,"player_choice":"Gather Gold","damage_taken":11,"max_hp_gain":0,"max_hp_loss":0,"event_name":"World of Goop","floor":5,"gold_loss":0},{"damage_healed":0,"gold_gain":0,"player_choice":"Success","damage_taken":33,"relics_obtained":["Ancient Tea Set"],"max_hp_gain":0,"max_hp_loss":0,"event_name":"Scrap Ooze","floor":13,"gold_loss":0},{"damage_healed":0,"gold_gain":0,"player_choice":"Fight","damage_taken":0,"max_hp_gain":0,"max_hp_loss":0,"event_name":"Colosseum","floor":19,"gold_loss":0},{"damage_healed":0,"gold_gain":0,"player_choice":"Fled From Nobs","damage_taken":0,"max_hp_gain":0,"max_hp_loss":0,"event_name":"Colosseum","floor":19,"gold_loss":0},{"damage_healed":0,"gold_gain":0,"player_choice":"Leave","damage_taken":0,"max_hp_gain":0,"max_hp_loss":0,"event_name":"FaceTrader","floor":21,"gold_loss":0},{"damage_healed":0,"gold_gain":0,"cards_transformed":["Strike_B","Strike_B"],"player_choice":"Became Test Subject","damage_taken":0,"max_hp_gain":0,"max_hp_loss":0,"event_name":"Drug Dealer","floor":22,"gold_loss":0,"cards_obtained":["Core Surge","Cold Snap"]},{"damage_healed":0,"gold_gain":0,"player_choice":"Got Potions","damage_taken":0,"max_hp_gain":0,"max_hp_loss":0,"event_name":"Lab","floor":29,"gold_loss":0},{"damage_healed":0,"gold_gain":100,"player_choice":"Pray","damage_taken":0,"max_hp_gain":0,"max_hp_loss":0,"event_name":"Golden Shrine","floor":38,"gold_loss":0},{"cards_removed":["Defend_B"],"damage_healed":0,"gold_gain":0,"player_choice":"Removed Skill","damage_taken":0,"max_hp_gain":0,"max_hp_loss":0,"event_name":"Falling","floor":42,"gold_loss":0},{"damage_healed":0,"gold_gain":0,"player_choice":"Memory 2","damage_taken":5,"max_hp_gain":0,"max_hp_loss":0,"event_name":"SensoryStone","floor":45,"gold_loss":0}],"is_beta":false,"boss_relics":[{"not_picked":["Black Star","Lizard Tail"],"picked":"Tiny House"},{"not_picked":["Runic Pyramid","Empty Cage"],"picked":"Nuclear Battery"}],"items_purged_floors":[20],"is_endless":false,"potions_floor_spawned":[1,2,12,14,16,24,28,30,31,47],"ascension_level":0}