{"gold_per_floor":[218,234,234,104,123,123,183,201,201,201,211,236,236,251,251,330,330,340,358,373,68,68],"floor_reached":22,"playtime":1042,"items_purged":["Strike_G","Strike_G"],"score":491,"play_id":"9646b57c-3da7-449a-9335-7bfa59fe629d","local_time":"20190626202300","is_ascension_mode":true,"campfire_choices":[{"data":"Neutralize","floor":6,"key":"SMITH"},{"data":"After Image","floor":10,"key":"SMITH"},{"data":"Catalyst","floor":13,"key":"SMITH"},{"data":"Noxious Fumes","floor":15,"key":"SMITH"}],"neow_cost":"NONE","seed_source_timestamp":763443826391700,"circlet_count":0,"master_deck":["AscendersBane","Defend_G","Defend_G","Defend_G","Defend_G","Defend_G","Strike_G+1","Strike_G","Survivor","Neutralize+1","Sucker Punch","Deadly Poison","Bane","Quick Slash+1","Catalyst+1","After Image+1","PiercingWail","Predator","Noxious Fumes+1","Venomology","Deflect+1","Dodge and Roll","Flying Knee","Footwork","Burst"],"relics":["Ring of the Snake","Tiny Chest","Whetstone","Darkstone Periapt","Cursed Key"],"potions_floor_usage":[2,7,8,12,16,18,18,20,20,22,22,22,22],"damage_taken":[{"damage":0,"enemies":"Cultist","floor":1,"turns":4},{"damage":0,"enemies":"Jaw Worm","floor":2,"turns":6},{"damage":8,"enemies":"Small Slimes","floor":5,"turns":4},{"damage":22,"enemies":"3 Sentries","floor":7,"turns":8},{"damage":0,"enemies":"2 Fungi Beasts","floor":8,"turns":4},{"damage":0,"enemies":"Blue Slaver","floor":11,"turns":4},{"damage":0,"enemies":"Lagavulin","floor":12,"turns":7},{"damage":2,"enemies":"Exordium Wildlife","floor":14,"turns":7},{"damage":0,"enemies":"Hexaghost","floor":16,"turns":9},{"damage":19,"enemies":"3 Byrds","floor":18,"turns":4},{"damage":4,"enemies":"Chosen","floor":19,"turns":4},{"damage":0,"enemies":"Centurion and Healer","floor":20,"turns":6},{"damage":35,"enemies":"3 Cultists","floor":22,"turns":6}],"seed_played":"-6649874008099640811","potions_obtained":[{"floor":1,"key":"Fire Potion"},{"floor":7,"key":"SpeedPotion"},{"floor":8,"key":"Dexterity Potion"},{"floor":12,"key":"Fire Potion"},{"floor":14,"key":"Strength Potion"},{"floor":19,"key":"GhostInAJar"}],"is_trial":false,"path_per_floor":["M","M","?","$","M","R","E","M","T","R","M","E","R","M","R","B",null,"M","M","M","$","M"],"character_chosen":"THE_SILENT","items_purchased":["SkillPotion","Footwork","Burst"],"campfire_rested":0,"item_purchase_floors":[4,21,21],"current_hp_per_floor":[59,59,59,59,51,51,29,29,29,29,29,29,29,27,27,27,56,37,33,33,33,0],"gold":68,"neow_bonus":"HUNDRED_GOLD","is_prod":false,"is_daily":false,"chose_seed":false,"campfire_upgraded":4,"win_rate":0,"timestamp":1561573380,"path_taken":["M","M","?","$","M","R","E","M","T","R","M","E","R","M","R","BOSS","M","?","M","$","M"],"build_version":"2019-01-23","purchased_purges":2,"victory":false,"max_hp_per_floor":[66,66,66,66,66,66,66,66,66,66,66,66,66,66,66,66,66,66,66,66,66,66],"card_choices":[{"not_picked":["Accuracy","Prepared"],"picked":"Sucker Punch","floor":1},{"not_picked":["Dodge and Roll","Calculated Gamble"],"picked":"Deadly Poison","floor":2},{"not_picked":["Underhanded Strike","Outmaneuver"],"picked":"Quick Slash","floor":5},{"not_picked":["Deflect","Flechettes"],"picked":"Catalyst","floor":7},{"not_picked":["Deadly Poison","Prepared"],"picked":"After Image","floor":8},{"not_picked":["Prepared","Choke"],"picked":"PiercingWail","floor":11},{"not_picked":["Dagger Spray","PiercingWail"],"picked":"Predator","floor":12},{"not_picked":["Dagger Throw","Reflex"],"picked":"Noxious Fumes","floor":14},{"not_picked":["Phantasmal Killer","Glass Knife"],"picked":"Venomology","floor":16},{"not_picked":["Dagger Throw","Acrobatics+1"],"picked":"Deflect+1","floor":18},{"not_picked":["Outmaneuver+1","Blade Dance"],"picked":"Dodge and Roll","floor":19},{"not_picked":["Deflect","Underhanded Strike+1"],"picked":"Flying Knee","floor":20}],"player_experience":1495759,"relics_obtained":[{"floor":7,"key":"Tiny Chest"},{"floor":9,"key":"Whetstone"},{"floor":12,"key":"Darkstone Periapt"}],"event_choices":[{"damage_healed":0,"gold_gain":0,"cards_transformed":["Strike_G"],"player_choice":"Transformed","damage_taken":0,"max_hp_gain":0,"max_hp_loss":0,"event_name":"Transmorgrifier","floor":3,"gold_loss":0,"cards_obtained":["Bane"]}],"is_beta":false,"boss_relics":[{"not_picked":["Lizard Tail","Runic Pyramid"],"picked":"Cursed Key"}],"items_purged_floors":[4,21],"is_endless":false,"potions_floor_spawned":[1,7,8,12,14,19],"killed_by":"3 Cultists","ascension_level":16}