{"gold_per_floor":[118,43,93,93,107,170,170,185,212,237,281,293,323,397,409,492,504,528,540,564,576,606,618,630,642,678,690,728,740,667,712,724,810,822,844,871,22,22,22,47,60,92,92,102,102,131,31,44,44,44,44,44,4,39,39],"floor_reached":55,"playtime":2837,"items_purged":["Dualcast","Bite","Bite"],"score":1615,"play_id":"1d9ba9d6-1f24-49d2-bab1-4ab98a231bcb","local_time":"20190821175136","is_ascension_mode":true,"campfire_choices":[{"floor":7.0,"key":"REST"},{"data":"Sunder","floor":12.0,"key":"SMITH"},{"floor":15.0,"key":"REST"},{"data":"Echo Form","floor":23.0,"key":"SMITH"},{"data":"Reinforced Body","floor":27.0,"key":"SMITH"},{"data":"Reinforced Body","floor":29.0,"key":"SMITH"},{"floor":32.0,"key":"REST"},{"floor":49,"key":"RECALL"},{"data":"Hologram","floor":52,"key":"SMITH"}],"neow_cost":"NONE","seed_source_timestamp":1022952762501340,"circlet_count":0,"master_deck":["AscendersBane","Defend_B","Defend_B","Defend_B","Defend_B","Zap","Streamline+1","Sunder+1","Echo Form+1","Reinforced Body+1","Bite+1","Bite","Bite","Reinforced Body+1","Hologram+1","Meteor Strike","Hologram","Hologram","Hologram"],"special_seed":0,"relics":["Snecko Eye","Tiny Chest","MawBank","Shuriken","Calling Bell","Orichalcum","The Courier","Bird Faced Urn","Potion Belt","Mango","FossilizedHelix","Letter Opener","Nuclear Battery","PreservedInsect","Torii","Pen Nib","Lantern","Whetstone","Boot","Pantograph","Bag of Preparation","Strawberry"],"potions_floor_usage":[42,55,55,55,55],"damage_taken":[{"damage":26.0,"enemies":"Jaw Worm","floor":1.0,"turns":5.0},{"damage":1.0,"enemies":"Cultist","floor":5.0,"turns":3.0},{"damage":15.0,"enemies":"3 Sentries","floor":6.0,"turns":6.0},{"damage":2.0,"enemies":"2 Louse","floor":8.0,"turns":2.0},{"damage":1.0,"enemies":"2 Fungi Beasts","floor":10.0,"turns":3.0},{"damage":13.0,"enemies":"Gremlin Nob","floor":11.0,"turns":3.0},{"damage":0.0,"enemies":"Blue Slaver","floor":13.0,"turns":1.0},{"damage":13.0,"enemies":"Gremlin Nob","floor":14.0,"turns":3.0},{"damage":10.0,"enemies":"Hexaghost","floor":16.0,"turns":6.0},{"damage":8.0,"enemies":"Shell Parasite","floor":18.0,"turns":3.0},{"damage":15.0,"enemies":"3 Byrds","floor":20.0,"turns":4.0},{"damage":0.0,"enemies":"Snecko","floor":22.0,"turns":4.0},{"damage":0.0,"enemies":"Slavers","floor":24.0,"turns":1.0},{"damage":12.0,"enemies":"Gremlin Leader","floor":28.0,"turns":6.0},{"damage":43.0,"enemies":"Slavers","floor":31.0,"turns":7.0},{"damage":60.0,"enemies":"Automaton","floor":33.0,"turns":10.0},{"damage":5.0,"enemies":"3 Darklings","floor":35.0,"turns":5.0},{"damage":14.0,"enemies":"3 Shapes","floor":36.0,"turns":5.0},{"damage":0.0,"enemies":"Nemesis","floor":40.0,"turns":5.0},{"damage":0,"enemies":"Writhing Mass","floor":41,"turns":6},{"damage":0,"enemies":"Reptomancer","floor":42,"turns":3},{"damage":0,"enemies":"Spire Growth","floor":44,"turns":4},{"damage":20,"enemies":"Nemesis","floor":46,"turns":5},{"damage":0,"enemies":"Transient","floor":48,"turns":6},{"damage":7,"enemies":"Donu and Deca","floor":50,"turns":9},{"damage":0,"enemies":"Shield and Spear","floor":54,"turns":3},{"damage":117,"enemies":"The Heart","floor":55,"turns":9}],"seed_played":"-8327108103056502860","potions_obtained":[{"floor":5.0,"key":"PowerPotion"},{"floor":6.0,"key":"SmokeBomb"},{"floor":13.0,"key":"Fire Potion"},{"floor":20.0,"key":"SkillPotion"},{"floor":28.0,"key":"PowerPotion"},{"floor":35.0,"key":"LiquidBronze"},{"floor":40.0,"key":"SneckoOil"},{"floor":42,"key":"Regen Potion"},{"floor":44,"key":"FocusPotion"},{"floor":48,"key":"GamblersBrew"}],"is_trial":false,"path_per_floor":["M","$","?","$","M","E","R","M","T","M","E","R","M","?","R","B",null,"M","?","M","?","M","R","E","?","T","R","E","R","?","E","R","B",null,"M","M","$","?","?","E","M","E","T","M","?","E","$","M","R","B",null,"R","$","E","B"],"character_chosen":"DEFECT","items_purchased":["Hologram","PreservedInsect","Torii","Pen Nib","Lantern","Whetstone","Hologram"],"campfire_rested":3,"item_purchase_floors":[37,37,37,37,37,37,53],"current_hp_per_floor":[38,38,31,31,30,15,36,34,34,33,20,20,22,11,32,24,59,55,55,44,44,48,48,50,50,50,50,76,76,76,53,78,31,72,83,77,77,77,77,85,85,85,85,85,81,81,81,81,81,81,81,81,81,88,0],"gold":39,"neow_bonus":"BOSS_RELIC","is_prod":false,"is_daily":false,"chose_seed":false,"campfire_upgraded":5,"win_rate":0,"timestamp":1566435096,"path_taken":["M","$","?","$","M","E","R","M","T","?","E","R","M","?","R","BOSS","M","?","M","?","M","R","E","?","T","R","E","R","?","E","R","BOSS","M","M","$","?","?","E","M","E","T","?","?","E","?","M","R","BOSS","R","$","E","BOSS"],"build_version":"2019-07-17","purchased_purges":3,"victory":false,"max_hp_per_floor":[71,71,71,71,71,71,71,71,71,71,71,71,71,71,71,71,71,71,71,71,71,71,71,71,71,71,71,85,85,85,85,85,85,85,85,85,85,85,85,85,85,85,85,85,81,81,81,81,81,81,81,81,81,88,88],"card_choices":[{"not_picked":["Go for the Eyes","Hello World"],"picked":"Streamline","floor":1.0},{"not_picked":["Gash","Redo","Defragment"],"picked":"SKIP","floor":5.0},{"not_picked":["Leap","Heatsinks"],"picked":"Streamline","floor":6.0},{"not_picked":["Barrage","Rip and Tear","Tempest"],"picked":"SKIP","floor":8.0},{"not_picked":["Hello World","Stack"],"picked":"Sunder","floor":10.0},{"not_picked":["Auto Shields","Gash"],"picked":"Echo Form","floor":11.0},{"not_picked":["Redo","Rebound","Cold Snap"],"picked":"SKIP","floor":13.0},{"not_picked":["Leap","Redo"],"picked":"Reinforced Body","floor":14.0},{"not_picked":["Skim","Storm","Genetic Algorithm"],"picked":"SKIP","floor":18.0},{"not_picked":["Coolheaded","Go for the Eyes","Ball Lightning+1"],"picked":"SKIP","floor":20.0},{"not_picked":["Sweeping Beam","Defragment","Aggregate"],"picked":"SKIP","floor":22.0},{"not_picked":["Coolheaded","Compile Driver"],"picked":"Reinforced Body","floor":28.0},{"not_picked":["Chill","Reprogram","Turbo"],"picked":"SKIP","floor":31.0},{"not_picked":["Stack","Hello World+1","Chaos"],"picked":"SKIP","floor":35.0},{"not_picked":["Stack","Melter","Streamline"],"picked":"SKIP","floor":36.0},{"not_picked":["Beam Cell","Static Discharge","Self Repair"],"picked":"SKIP","floor":40.0},{"not_picked":["Force Field","Go for the Eyes","White Noise"],"picked":"SKIP","floor":41},{"not_picked":["Force Field","Go for the Eyes","White Noise"],"picked":"SKIP","floor":41},{"not_picked":["Blizzard","Redo"],"picked":"Hologram","floor":42},{"not_picked":["Defragment+1","Compile Driver","Force Field+1"],"picked":"SKIP","floor":44},{"not_picked":["Sunder","Electrodynamics","Capacitor"],"picked":"SKIP","floor":46},{"not_picked":["Go for the Eyes","Capacitor","Streamline+1"],"picked":"SKIP","floor":48},{"not_picked":["Streamline","Static Discharge+1"],"picked":"Hologram","floor":54}],"player_experience":180180,"relics_obtained":[{"floor":6.0,"key":"Tiny Chest"},{"floor":9.0,"key":"MawBank"},{"floor":11.0,"key":"Blood Vial"},{"floor":14.0,"key":"Shuriken"},{"floor":17.0,"key":"Orichalcum"},{"floor":17.0,"key":"The Courier"},{"floor":17.0,"key":"Bird Faced Urn"},{"floor":26.0,"key":"Potion Belt"},{"floor":28.0,"key":"Mango"},{"floor":31.0,"key":"Letter Opener"},{"floor":40.0,"key":"Boot"},{"floor":42,"key":"Pantograph"},{"floor":46,"key":"Bag of Preparation"},{"floor":54,"key":"Strawberry"}],"event_choices":[{"damage_healed":0.0,"max_hp_gain":0.0,"max_hp_loss":0.0,"gold_gain":50.0,"event_name":"FaceTrader","player_choice":"Touch","floor":3.0,"gold_loss":0.0,"damage_taken":7.0},{"damage_healed":0.0,"max_hp_gain":0.0,"max_hp_loss":0.0,"gold_gain":0.0,"event_name":"Dead Adventurer","player_choice":"Searched \u00271\u0027 times","floor":14.0,"gold_loss":0.0,"damage_taken":0.0},{"damage_healed":0.0,"max_hp_gain":0.0,"max_hp_loss":0.0,"gold_gain":0.0,"event_name":"Cursed Tome","player_choice":"Ignored","floor":19.0,"gold_loss":0.0,"damage_taken":0.0},{"damage_healed":0.0,"max_hp_gain":0.0,"max_hp_loss":0.0,"gold_gain":0.0,"event_name":"The Mausoleum","player_choice":"Ignored","floor":21.0,"gold_loss":0.0,"damage_taken":0.0},{"damage_healed":0.0,"max_hp_gain":0.0,"max_hp_loss":0.0,"gold_gain":0.0,"event_name":"Vampires","player_choice":"Became a vampire (Vial)","floor":25.0,"relics_lost":["Blood Vial"],"gold_loss":0.0,"damage_taken":0.0,"cards_obtained":["Bite","Bite","Bite","Bite","Bite"]},{"damage_healed":0.0,"max_hp_gain":0.0,"max_hp_loss":0.0,"gold_gain":0.0,"event_name":"Addict","player_choice":"Obtained Relic","floor":30.0,"gold_loss":85.0,"damage_taken":0.0,"relics_obtained":["FossilizedHelix"]},{"damage_healed":0.0,"max_hp_gain":0.0,"max_hp_loss":0.0,"gold_gain":0.0,"event_name":"SensoryStone","player_choice":"Memory 1","floor":38.0,"gold_loss":0.0,"damage_taken":0.0},{"damage_healed":0.0,"max_hp_gain":0.0,"max_hp_loss":0.0,"gold_gain":0.0,"cards_transformed":["Streamline"],"event_name":"Transmorgrifier","player_choice":"Transformed","floor":39.0,"gold_loss":0.0,"damage_taken":0.0,"cards_obtained":["Meteor Strike"]},{"damage_healed":0,"gold_gain":0,"player_choice":"Max HP","damage_taken":0,"max_hp_gain":0,"max_hp_loss":4,"event_name":"Winding Halls","floor":45,"gold_loss":0}],"is_beta":false,"boss_relics":[{"not_picked":["Orrery","Sozu"],"picked":"Calling Bell"},{"not_picked":["Philosopher\u0027s Stone","Inserter"],"picked":"Nuclear Battery"}],"items_purged_floors":[2,37,47],"is_endless":false,"potions_floor_spawned":[5,6,13,14,18,20,28,35,40,42,44,48],"killed_by":"The Heart","ascension_level":17}