{"gold_per_floor":[113,124,124,139,139,139,153,153,178,208,50,50,66,77,77,149,149,159,0,0,0,16,32,52,52,52,72,72,84,84,102,102,177,177,190,190,201,43,56,56,56],"floor_reached":41,"playtime":2946,"items_purged":[],"score":774,"play_id":"756d375b-202f-4d42-97b8-f5cca3400701","local_time":"20191007214223","is_ascension_mode":true,"campfire_choices":[{"data":"Capacitor","floor":6.0,"key":"SMITH"},{"floor":15.0,"key":"REST"},{"floor":25.0,"key":"REST"},{"data":"Go for the Eyes","floor":28.0,"key":"SMITH"},{"floor":32.0,"key":"REST"},{"data":"Buffer","floor":40,"key":"SMITH"}],"neow_cost":"NONE","seed_source_timestamp":102817800777100,"circlet_count":0,"master_deck":["AscendersBane","Strike_B+1","Strike_B","Strike_B+1","Defend_B","Defend_B","Defend_B","Defend_B","Zap+1","Dualcast","Glacier","Capacitor+1","Barrage+1","Go for the Eyes+1","Buffer+1","Compile Driver","Biased Cognition","Cold Snap","Glacier","White Noise+1","Barrage","Cold Snap+1","Melter+1","Echo Form","Loop+1","Go for the Eyes","Sunder","Parasite"],"special_seed":0,"relics":["Cracked Core","Whetstone","Centennial Puzzle","Happy Flower","Nuclear Battery","MutagenicStrength","Pantograph","Eternal Feather","Vajra"],"potions_floor_usage":[39],"damage_taken":[{"damage":14.0,"enemies":"Small Slimes","floor":1.0,"turns":3.0},{"damage":2.0,"enemies":"Jaw Worm","floor":2.0,"turns":5.0},{"damage":0.0,"enemies":"Cultist","floor":4.0,"turns":4.0},{"damage":6.0,"enemies":"3 Louse","floor":7.0,"turns":5.0},{"damage":29.0,"enemies":"Gremlin Nob","floor":10.0,"turns":4.0},{"damage":0.0,"enemies":"Blue Slaver","floor":13.0,"turns":3.0},{"damage":14.0,"enemies":"Red Slaver","floor":14.0,"turns":2.0},{"damage":33.0,"enemies":"The Guardian","floor":16.0,"turns":12.0},{"damage":0.0,"enemies":"Chosen","floor":18.0,"turns":5.0},{"damage":12.0,"enemies":"3 Byrds","floor":22.0,"turns":5.0},{"damage":11.0,"enemies":"3 Cultists","floor":23.0,"turns":6.0},{"damage":9.0,"enemies":"Chosen and Byrds","floor":24.0,"turns":6.0},{"damage":0.0,"enemies":"Sentry and Sphere","floor":27.0,"turns":6.0},{"damage":4.0,"enemies":"Centurion and Healer","floor":29.0,"turns":8.0},{"damage":15.0,"enemies":"3 Cultists","floor":31.0,"turns":5.0},{"damage":27.0,"enemies":"Champ","floor":33.0,"turns":12.0},{"damage":35,"enemies":"3 Darklings","floor":35,"turns":6},{"damage":8,"enemies":"Orb Walker","floor":37,"turns":3},{"damage":0,"enemies":"Maw","floor":39,"turns":8},{"damage":42,"enemies":"Writhing Mass","floor":41,"turns":5}],"seed_played":"8772978296726909078","potions_obtained":[{"floor":4.0,"key":"Regen Potion"},{"floor":7.0,"key":"LiquidBronze"},{"floor":13.0,"key":"Ancient Potion"},{"floor":22.0,"key":"FearPotion"},{"floor":29.0,"key":"FocusPotion"},{"floor":33.0,"key":"AttackPotion"},{"floor":35,"key":"SmokeBomb"},{"floor":36,"key":"Explosive Potion"},{"floor":39,"key":"EssenceOfSteel"}],"is_trial":false,"path_per_floor":["M","M","?","M","?","R","M","?","T","E","$","?","M","M","R","B",null,"M","?","?","?","M","M","M","R","T","M","R","M","?","M","R","B",null,"M","?","M","$","M","R","M"],"character_chosen":"DEFECT","items_purchased":["Happy Flower","Vajra"],"campfire_rested":3,"item_purchase_floors":[11,38],"current_hp_per_floor":[50,48,53,53,53,53,47,47,47,30,30,30,30,16,38,5,58,58,58,58,58,46,35,26,48,48,48,48,44,44,29,51,49,69,34,34,26,26,26,41,0],"gold":56,"neow_bonus":"UPGRADE_CARD","is_prod":false,"is_daily":false,"chose_seed":false,"campfire_upgraded":3,"win_rate":0,"timestamp":1570509743,"path_taken":["M","M","?","M","?","R","?","?","T","E","$","?","M","?","R","BOSS","M","?","?","?","M","M","M","R","T","M","R","M","?","M","R","BOSS","M","?","M","$","M","R","M"],"build_version":"2019-07-17","purchased_purges":0,"victory":false,"max_hp_per_floor":[71,71,76,76,76,76,76,76,76,76,76,76,76,76,76,76,76,76,76,76,76,76,76,76,76,76,76,76,76,76,76,76,76,76,76,76,76,76,76,76,76],"card_choices":[{"not_picked":["Coolheaded","Sunder"],"picked":"Glacier","floor":1.0},{"not_picked":["Conserve Battery","Gash"],"picked":"Capacitor","floor":2.0},{"not_picked":["Consume","Loop"],"picked":"Barrage","floor":4.0},{"not_picked":["Beam Cell","Steam"],"picked":"Go for the Eyes","floor":7.0},{"not_picked":["Redo","Turbo","Steam Power"],"picked":"SKIP","floor":10.0},{"not_picked":["Beam Cell","Turbo"],"picked":"Buffer","floor":13.0},{"not_picked":["Reprogram","Steam"],"picked":"Compile Driver","floor":14.0},{"not_picked":["Buffer","Rainbow"],"picked":"Biased Cognition","floor":16.0},{"not_picked":["Chaos","Force Field"],"picked":"Cold Snap","floor":18.0},{"not_picked":["Barrage","Fusion"],"picked":"White Noise+1","floor":22.0},{"not_picked":["Doom and Gloom","Streamline","Steam Power"],"picked":"SKIP","floor":23.0},{"not_picked":["Beam Cell","Steam"],"picked":"Barrage","floor":24.0},{"not_picked":["FTL","Skim"],"picked":"Cold Snap+1","floor":27.0},{"not_picked":["Streamline","Redo","Conserve Battery"],"picked":"SKIP","floor":29.0},{"not_picked":["Leap+1","Ball Lightning"],"picked":"Melter+1","floor":31.0},{"not_picked":["All For One","Thunder Strike"],"picked":"Echo Form","floor":33.0},{"not_picked":["Redo+1","Leap+1"],"picked":"Loop+1","floor":35},{"not_picked":["Beam Cell","Tempest+1"],"picked":"Go for the Eyes","floor":37},{"not_picked":["Hologram","Turbo+1"],"picked":"Sunder","floor":39}],"player_experience":684774,"relics_obtained":[{"floor":9.0,"key":"Whetstone"},{"floor":10.0,"key":"Centennial Puzzle"},{"floor":26.0,"key":"Pantograph"}],"event_choices":[{"damage_healed":0.0,"max_hp_gain":5.0,"max_hp_loss":0.0,"gold_gain":0.0,"event_name":"Big Fish","player_choice":"Donut","floor":3.0,"gold_loss":0.0,"damage_taken":0.0},{"damage_healed":0.0,"max_hp_gain":0.0,"max_hp_loss":0.0,"gold_gain":0.0,"event_name":"Upgrade Shrine","player_choice":"Upgraded","floor":5.0,"gold_loss":0.0,"damage_taken":0.0,"cards_upgraded":["Barrage"]},{"damage_healed":0.0,"max_hp_gain":0.0,"max_hp_loss":0.0,"gold_gain":0.0,"event_name":"Liars Game","player_choice":"Ignored","floor":8.0,"gold_loss":0.0,"damage_taken":0.0},{"cards_removed":["Strike_B"],"damage_healed":0.0,"max_hp_gain":0.0,"max_hp_loss":0.0,"gold_gain":0.0,"event_name":"Wheel of Change","player_choice":"Card Removal","floor":12.0,"gold_loss":0.0,"damage_taken":0.0},{"damage_healed":0.0,"max_hp_gain":0.0,"max_hp_loss":0.0,"gold_gain":0.0,"event_name":"Masked Bandits","player_choice":"Paid Fearfully","floor":19.0,"gold_loss":159.0,"damage_taken":0.0},{"damage_healed":0.0,"max_hp_gain":0.0,"max_hp_loss":0.0,"gold_gain":0.0,"event_name":"The Library","player_choice":"Read","floor":20.0,"gold_loss":0.0,"damage_taken":0.0,"cards_obtained":["Glacier"]},{"damage_healed":0.0,"max_hp_gain":0.0,"max_hp_loss":0.0,"gold_gain":0.0,"event_name":"Drug Dealer","player_choice":"Inject Mutagens","floor":21.0,"gold_loss":0.0,"damage_taken":0.0,"relics_obtained":["MutagenicStrength"]},{"damage_healed":0.0,"max_hp_gain":0.0,"max_hp_loss":0.0,"gold_gain":0.0,"event_name":"Vampires","player_choice":"Ignored","floor":30.0,"gold_loss":0.0,"damage_taken":0.0},{"damage_healed":0,"gold_gain":0,"player_choice":"Got Potions","damage_taken":0,"max_hp_gain":0,"max_hp_loss":0,"event_name":"Lab","floor":36,"gold_loss":0}],"is_beta":false,"boss_relics":[{"not_picked":["Snecko Eye","Lizard Tail"],"picked":"Nuclear Battery"},{"not_picked":["Calling Bell","Pandora\u0027s Box"],"picked":"Eternal Feather"}],"items_purged_floors":[],"is_endless":false,"potions_floor_spawned":[4,7,13,22,29,31,33,35,39],"killed_by":"Writhing Mass","ascension_level":19}