{"gold_per_floor":[366,9,28,28,28,28,42,42,117,130,130,30,48,123,123,228,228,247,247,2,22,34,34,34,67,90,123,49,49,49,1,1,99,99,110,127,141,12,12,12,12],"floor_reached":41,"playtime":1581,"items_purged":["Strike_B","Strike_B","Defend_B"],"score":667,"play_id":"9009756f-d671-42fc-b2f7-40b3ef64fa84","local_time":"20190224183940","is_ascension_mode":true,"campfire_choices":[{"data":"Sunder","floor":6,"key":"SMITH"},{"data":"Fusion","floor":8,"key":"SMITH"},{"data":"Defragment","floor":15,"key":"SMITH"},{"data":"Defragment","floor":23,"key":"SMITH"},{"floor":30,"key":"REST"},{"floor":32,"key":"REST"},{"data":"Echo Form","floor":40,"key":"SMITH"}],"neow_cost":"PERCENT_DAMAGE","seed_source_timestamp":398470780106700,"circlet_count":0,"master_deck":["AscendersBane","Strike_B+1","Zap+1","Dualcast+1","Coolheaded","Defragment+1","Sunder+1","Leap","Fusion+1","Go for the Eyes","BootSequence","Streamline","Chill","Coolheaded","Buffer+1","Core Surge+1","Sunder+1","Chaos+1","Sweeping Beam+1","Defragment+1","Hologram","Conserve Battery","Electrodynamics","Seek","White Noise","Echo Form+1","Compile Driver","Steam+1","Consume+1","Conserve Battery","Defragment","Madness","Madness"],"relics":["Cracked Core","Meat on the Bone","Astrolabe","Singing Bowl","Gremlin Horn","Bronze Scales","Shovel","Coffee Dripper"],"potions_floor_usage":[3,16,21,25,33,33,36,37],"damage_taken":[{"damage":0,"enemies":"Cultist","floor":1,"turns":3},{"damage":5,"enemies":"Jaw Worm","floor":3,"turns":5},{"damage":0,"enemies":"Small Slimes","floor":7,"turns":3},{"damage":5,"enemies":"Looter","floor":10,"turns":3},{"damage":0,"enemies":"Blue Slaver","floor":13,"turns":2},{"damage":25,"enemies":"Slime Boss","floor":16,"turns":12},{"damage":0,"enemies":"2 Thieves","floor":18,"turns":4},{"damage":2,"enemies":"Chosen","floor":21,"turns":3},{"damage":3,"enemies":"Shelled Parasite and Fungi","floor":22,"turns":7},{"damage":18,"enemies":"Gremlin Leader","floor":25,"turns":9},{"damage":28,"enemies":"Slavers","floor":27,"turns":3},{"damage":49,"enemies":"Automaton","floor":33,"turns":8},{"damage":0,"enemies":"Orb Walker","floor":35,"turns":4},{"damage":3,"enemies":"3 Darklings","floor":36,"turns":5},{"damage":37,"enemies":"Writhing Mass","floor":37,"turns":5},{"damage":41,"enemies":"Reptomancer","floor":41,"turns":2}],"seed_played":"-2230014481523440706","potions_obtained":[{"floor":1,"key":"Swift Potion"},{"floor":7,"key":"Poison Potion"},{"floor":18,"key":"AttackPotion"},{"floor":22,"key":"Fire Potion"},{"floor":27,"key":"PowerPotion"},{"floor":33,"key":"SkillPotion"},{"floor":35,"key":"Strength Potion"},{"floor":37,"key":"SpeedPotion"}],"is_trial":false,"path_per_floor":["M","$","M","?","?","R","M","R","T","M","?","$","M","?","R","B",null,"M","?","$","M","M","R","?","E","T","E","$","?","R","$","R","B",null,"M","M","M","$","?","R","E"],"character_chosen":"DEFECT","items_purchased":["Defragment","Sunder","Leap","Fusion","Go for the Eyes","Defragment","Hologram","White Noise","AttackPotion","Conserve Battery","Defragment"],"campfire_rested":2,"item_purchase_floors":[2,2,2,2,2,20,20,28,31,38,38],"current_hp_per_floor":[50,50,45,30,30,30,30,30,30,37,42,42,42,34,34,21,65,65,65,65,63,60,60,60,42,42,26,26,26,50,50,74,37,69,69,66,41,41,31,31,0],"gold":12,"neow_bonus":"TWO_FIFTY_GOLD","is_prod":false,"is_daily":false,"chose_seed":false,"campfire_upgraded":5,"win_rate":0,"timestamp":1551029980,"path_taken":["M","?","M","?","?","R","M","R","T","M","?","$","?","?","R","BOSS","M","?","$","M","?","R","?","E","T","E","$","?","R","?","R","BOSS","M","M","M","$","?","R","E"],"build_version":"2019-01-23","purchased_purges":3,"victory":false,"max_hp_per_floor":[75,75,75,75,75,75,75,75,75,75,80,80,80,80,80,80,80,80,80,80,80,80,80,80,80,80,80,80,80,80,80,80,80,80,80,80,80,80,80,80,80],"card_choices":[{"not_picked":["Double Energy","Auto Shields"],"picked":"Coolheaded","floor":1},{"not_picked":["Barrage","Coolheaded"],"picked":"BootSequence","floor":3},{"not_picked":["Leap","Reprogram"],"picked":"Streamline","floor":7},{"not_picked":["Go for the Eyes","Steam Power"],"picked":"Chill","floor":10},{"not_picked":["Turbo","Barrage"],"picked":"Coolheaded","floor":13},{"not_picked":["Multi-Cast","Electrodynamics"],"picked":"Buffer","floor":16},{"not_picked":["Coolheaded","Streamline"],"picked":"Sweeping Beam+1","floor":18},{"not_picked":["Go for the Eyes","Beam Cell"],"picked":"Conserve Battery","floor":21},{"not_picked":["Cold Snap","Turbo+1","Darkness+1"],"picked":"SKIP","floor":22},{"not_picked":["Sunder","Go for the Eyes"],"picked":"Electrodynamics","floor":25},{"not_picked":["Beam Cell","Heatsinks"],"picked":"Seek","floor":27},{"not_picked":["Thunder Strike","Rainbow"],"picked":"Echo Form","floor":33},{"not_picked":["Steam","Reinforced Body"],"picked":"Compile Driver","floor":35},{"not_picked":["Reprogram","Sweeping Beam"],"picked":"Steam+1","floor":36},{"not_picked":["Steam","Streamline"],"picked":"Consume+1","floor":37}],"player_experience":847758,"relics_obtained":[{"floor":9,"key":"Meat on the Bone"},{"floor":25,"key":"Gremlin Horn"},{"floor":26,"key":"Bronze Scales"},{"floor":27,"key":"Shovel"}],"event_choices":[{"damage_healed":0,"gold_gain":0,"player_choice":"Entered Light","damage_taken":15,"max_hp_gain":0,"max_hp_loss":0,"event_name":"Shining Light","floor":4,"gold_loss":0,"cards_upgraded":["Dualcast","Strike_B"]},{"damage_healed":0,"gold_gain":0,"player_choice":"Grow","damage_taken":0,"max_hp_gain":0,"max_hp_loss":0,"event_name":"Living Wall","floor":5,"gold_loss":0,"cards_upgraded":["Zap"]},{"damage_healed":0,"gold_gain":0,"player_choice":"Donut","damage_taken":0,"max_hp_gain":5,"max_hp_loss":0,"event_name":"Big Fish","floor":11,"gold_loss":0},{"damage_healed":0,"gold_gain":75,"player_choice":"Touch","damage_taken":8,"max_hp_gain":0,"max_hp_loss":0,"event_name":"FaceTrader","floor":14,"gold_loss":0},{"damage_healed":0,"gold_gain":0,"player_choice":"Forge","damage_taken":0,"max_hp_gain":0,"max_hp_loss":0,"event_name":"Accursed Blacksmith","floor":19,"gold_loss":0,"cards_upgraded":["Buffer"]},{"damage_healed":0,"gold_gain":0,"player_choice":"Opened","damage_taken":0,"relics_obtained":["Singing Bowl"],"max_hp_gain":0,"max_hp_loss":0,"event_name":"The Mausoleum","floor":24,"gold_loss":0},{"cards_removed":["Defend_B"],"damage_healed":0,"gold_gain":0,"player_choice":"Elegance","damage_taken":0,"max_hp_gain":0,"max_hp_loss":0,"event_name":"Back to Basics","floor":29,"gold_loss":0},{"damage_healed":0,"gold_gain":0,"player_choice":"Embrace Madness","damage_taken":10,"max_hp_gain":0,"max_hp_loss":0,"event_name":"Winding Halls","floor":39,"gold_loss":0,"cards_obtained":["Madness","Madness"]}],"is_beta":false,"boss_relics":[{"not_picked":["Runic Dome","Calling Bell"],"picked":"Astrolabe"},{"not_picked":["Black Star","Fusion Hammer"],"picked":"Coffee Dripper"}],"items_purged_floors":[2,12,20],"is_endless":false,"potions_floor_spawned":[1,7,18,22,27,33,35,37],"killed_by":"Reptomancer","ascension_level":12}