{"gold_per_floor":[116,116,127,127,52,80,80,80,80,113,131,131,165,184,184,263,263,282,282,65,75,75,75,75,75,75,91,110,126,151,170,170,248,248,266,280,326,326,116,116,149,149,176,176,186,186,186,205,205,205],"floor_reached":51,"playtime":1855,"items_purged":["Writhe","Strike_R"],"score":1348,"play_id":"3785f935-bba4-4f7d-8be4-5dc77c3d340f","local_time":"20190722004305","is_ascension_mode":true,"campfire_choices":[{"data":"Shockwave","floor":8,"key":"SMITH"},{"data":"Uppercut","floor":12,"key":"SMITH"},{"data":"Whirlwind","floor":15,"key":"SMITH"},{"data":"Armaments","floor":23,"key":"SMITH"},{"data":"Feel No Pain","floor":25,"key":"SMITH"},{"data":"Juggernaut","floor":32,"key":"SMITH"},{"data":"Juggernaut","floor":40,"key":"SMITH"},{"data":"Flex","floor":42,"key":"SMITH"},{"data":"True Grit","floor":47,"key":"SMITH"},{"floor":49,"key":"REST"}],"neow_cost":"NONE","seed_source_timestamp":52260440607900,"circlet_count":0,"master_deck":["AscendersBane","Strike_R","Defend_R","Defend_R","Defend_R","Defend_R","Bash","Uppercut+1","Shockwave+1","Corruption","Shockwave","Dark Embrace","Shrug It Off","Flex+1","Whirlwind+1","Double Tap","Inflame","Feel No Pain+1","Armaments+1","Body Slam","Warcry","Iron Wave","Clothesline+1","Juggernaut+1","Body Slam","Juggernaut+1","Rampage","Clothesline","Madness","Madness","Anger","True Grit+1","Good Instincts","Swift Strike","Clothesline"],"relics":["Burning Blood","NeowsBlessing","Matryoshka","Bronze Scales","Ornamental Fan","Pen Nib","Bottled Flame","Snecko Eye","Happy Flower","Mummified Hand","Blue Candle","Anchor","Busted Crown","Gambling Chip","Mercury Hourglass","Orichalcum"],"potions_floor_usage":[11,13,13,18,31,33,33,36,37,37,41,50,50],"damage_taken":[{"damage":0,"enemies":"Jaw Worm","floor":1,"turns":1},{"damage":0,"enemies":"Cultist","floor":3,"turns":1},{"damage":0,"enemies":"3 Sentries","floor":6,"turns":2},{"damage":32,"enemies":"Gremlin Nob","floor":10,"turns":5},{"damage":6,"enemies":"2 Louse","floor":11,"turns":2},{"damage":17,"enemies":"3 Sentries","floor":13,"turns":8},{"damage":14,"enemies":"2 Fungi Beasts","floor":14,"turns":4},{"damage":46,"enemies":"Slime Boss","floor":16,"turns":11},{"damage":11,"enemies":"2 Thieves","floor":18,"turns":2},{"damage":22,"enemies":"Shell Parasite","floor":21,"turns":4},{"damage":0,"enemies":"Chosen and Byrds","floor":27,"turns":4},{"damage":0,"enemies":"Snecko","floor":28,"turns":2},{"damage":0,"enemies":"Centurion and Healer","floor":29,"turns":2},{"damage":5,"enemies":"Book of Stabbing","floor":30,"turns":3},{"damage":22,"enemies":"Shelled Parasite and Fungi","floor":31,"turns":4},{"damage":62,"enemies":"Automaton","floor":33,"turns":8},{"damage":0,"enemies":"3 Shapes","floor":35,"turns":4},{"damage":0,"enemies":"3 Darklings","floor":36,"turns":3},{"damage":2,"enemies":"2 Orb Walkers","floor":37,"turns":2},{"damage":11,"enemies":"Reptomancer","floor":41,"turns":5},{"damage":0,"enemies":"4 Shapes","floor":45,"turns":4},{"damage":0,"enemies":"Spire Growth","floor":48,"turns":2},{"damage":46,"enemies":"Donu and Deca","floor":50,"turns":5}],"seed_played":"-8763405483608566346","potions_obtained":[{"floor":1,"key":"Energy Potion"},{"floor":10,"key":"BloodPotion"},{"floor":11,"key":"Swift Potion"},{"floor":16,"key":"AttackPotion"},{"floor":18,"key":"Poison Potion"},{"floor":30,"key":"Regen Potion"},{"floor":31,"key":"Energy Potion"},{"floor":33,"key":"SteroidPotion"},{"floor":36,"key":"EntropicBrew"},{"floor":37,"key":"Swift Potion"},{"floor":41,"key":"LiquidBronze"}],"is_trial":false,"path_per_floor":["M","?","M","?","?","E","$","R","T","E","M","R","E","M","R","B",null,"M","?","$","M","?","R","?","R","T","M","M","M","E","M","R","B",null,"M","M","?","?","$","R","E","R","T","?","M","?","R","M","R","B",null],"character_chosen":"IRONCLAD","items_purchased":["Feel No Pain","Armaments","Anger","True Grit"],"campfire_rested":1,"item_purchase_floors":[20,20,39,39],"current_hp_per_floor":[74,74,75,80,80,80,80,80,80,54,74,74,63,55,55,15,64,59,59,59,43,59,59,59,59,59,65,71,77,78,62,62,21,65,71,77,80,66,66,66,61,61,61,61,67,62,62,68,80,40],"gold":205,"neow_bonus":"THREE_ENEMY_KILL","is_prod":false,"is_daily":false,"chose_seed":false,"campfire_upgraded":9,"win_rate":0,"timestamp":1563748985,"path_taken":["M","?","?","?","?","E","?","R","T","E","M","R","E","M","R","BOSS","M","?","$","M","?","R","?","R","T","M","M","?","E","M","R","BOSS","M","M","?","?","$","R","E","R","T","?","?","?","R","M","R","BOSS"],"build_version":"2019-07-17","purchased_purges":2,"victory":true,"max_hp_per_floor":[75,75,75,80,80,80,80,80,80,80,80,80,80,80,80,80,80,80,80,80,80,80,80,80,80,80,80,80,80,80,80,80,80,80,80,80,80,80,80,80,80,80,80,80,80,80,80,80,80,80],"card_choices":[{"not_picked":["Combust","Iron Wave"],"picked":"Uppercut","floor":1},{"not_picked":["Evolve","Bloodletting"],"picked":"Corruption","floor":3},{"not_picked":["Perfected Strike","Sever Soul"],"picked":"Shockwave","floor":6},{"not_picked":["Intimidate","Cleave"],"picked":"Dark Embrace","floor":10},{"not_picked":["Pommel Strike","Combust"],"picked":"Shrug It Off","floor":11},{"not_picked":["Immolate","Evolve"],"picked":"Flex","floor":13},{"not_picked":["Clash","Twin Strike"],"picked":"Whirlwind","floor":14},{"not_picked":["Bludgeon","Berserk"],"picked":"Double Tap","floor":16},{"not_picked":["Anger","Armaments"],"picked":"Inflame","floor":18},{"not_picked":["Inflame","Clash"],"picked":"Body Slam","floor":21},{"not_picked":["Sever Soul+1","Perfected Strike"],"picked":"Warcry","floor":27},{"not_picked":["Anger","Armaments+1"],"picked":"Iron Wave","floor":28},{"not_picked":["Reckless Charge","Thunderclap+1"],"picked":"Clothesline+1","floor":29},{"not_picked":["Havoc","Seeing Red"],"picked":"Juggernaut","floor":30},{"not_picked":["Blood for Blood","Pommel Strike"],"picked":"Body Slam","floor":31},{"not_picked":["Feed","Fiend Fire"],"picked":"Juggernaut","floor":33},{"not_picked":["Perfected Strike"],"picked":"SKIP","floor":35},{"not_picked":[],"picked":"Rampage","floor":36},{"not_picked":[],"picked":"Clothesline","floor":37},{"not_picked":["Armaments"],"picked":"SKIP","floor":41},{"not_picked":["Perfected Strike"],"picked":"SKIP","floor":45},{"not_picked":[],"picked":"Good Instincts","floor":46},{"not_picked":[],"picked":"Swift Strike","floor":46},{"not_picked":[],"picked":"Clothesline","floor":48}],"player_experience":1718686,"relics_obtained":[{"floor":6,"key":"Matryoshka"},{"floor":9,"key":"Bronze Scales"},{"floor":9,"key":"Ornamental Fan"},{"floor":10,"key":"Pen Nib"},{"floor":13,"key":"Bottled Flame"},{"floor":26,"key":"Mummified Hand"},{"floor":26,"key":"Blue Candle"},{"floor":30,"key":"Anchor"},{"floor":37,"key":"Gambling Chip"},{"floor":41,"key":"Mercury Hourglass"},{"floor":43,"key":"Orichalcum"}],"event_choices":[{"damage_healed":0,"gold_gain":0,"cards_transformed":["Strike_R"],"player_choice":"Transformed","damage_taken":0,"max_hp_gain":0,"max_hp_loss":0,"event_name":"Transmorgrifier","floor":2,"gold_loss":0,"cards_obtained":["Shockwave"]},{"damage_healed":0,"gold_gain":0,"player_choice":"Donut","damage_taken":0,"max_hp_gain":5,"max_hp_loss":0,"event_name":"Big Fish","floor":4,"gold_loss":0},{"cards_removed":["Strike_R"],"damage_healed":0,"gold_gain":0,"player_choice":"Card Removal","damage_taken":0,"max_hp_gain":0,"max_hp_loss":0,"event_name":"The Cleric","floor":5,"gold_loss":75},{"damage_healed":0,"gold_gain":0,"player_choice":"Opened","damage_taken":0,"relics_obtained":["Happy Flower"],"max_hp_gain":0,"max_hp_loss":0,"event_name":"The Mausoleum","floor":19,"gold_loss":0,"cards_obtained":["Writhe"]},{"damage_healed":16,"gold_gain":0,"player_choice":"Heal","damage_taken":0,"max_hp_gain":0,"max_hp_loss":0,"event_name":"The Library","floor":22,"gold_loss":0},{"cards_removed":["Strike_R"],"damage_healed":0,"gold_gain":0,"player_choice":"Purged","damage_taken":0,"max_hp_gain":0,"max_hp_loss":0,"event_name":"Purifier","floor":24,"gold_loss":0},{"damage_healed":0,"gold_gain":0,"player_choice":"Fight","damage_taken":0,"max_hp_gain":0,"max_hp_loss":0,"event_name":"Mysterious Sphere","floor":37,"gold_loss":0},{"damage_healed":0,"gold_gain":0,"player_choice":"Embrace Madness","damage_taken":14,"max_hp_gain":0,"max_hp_loss":0,"event_name":"Winding Halls","floor":38,"gold_loss":0,"cards_obtained":["Madness","Madness"]},{"damage_healed":0,"gold_gain":0,"player_choice":"Ignored","damage_taken":0,"max_hp_gain":0,"max_hp_loss":0,"event_name":"SecretPortal","floor":44,"gold_loss":0},{"damage_healed":0,"gold_gain":0,"player_choice":"Memory 2","damage_taken":5,"max_hp_gain":0,"max_hp_loss":0,"event_name":"SensoryStone","floor":46,"gold_loss":0}],"is_beta":false,"boss_relics":[{"not_picked":["Ectoplasm","Black Blood"],"picked":"Snecko Eye"},{"not_picked":["Runic Pyramid","Tiny House"],"picked":"Busted Crown"}],"items_purged_floors":[20,39],"is_endless":false,"potions_floor_spawned":[1,10,11,16,18,30,31,33,36,37,41,48],"ascension_level":17}