{"gold_per_floor":[118,138,138,13,31,65,82,82,82,94,94,94,120,134,134,211,211,223,30,41,57,57,57,89,103,153,165],"floor_reached":27,"playtime":1058,"items_purged":["Strike_B"],"score":466,"play_id":"30b54d81-8418-4a26-88f1-1a2b9f2a6018","local_time":"20190815165632","is_ascension_mode":true,"campfire_choices":[{"data":"Zap","floor":8,"key":"SMITH"},{"floor":12,"key":"REST"},{"floor":15,"key":"REST"},{"floor":23,"key":"REST"}],"neow_cost":"NONE","seed_source_timestamp":128721877384200,"circlet_count":0,"master_deck":["AscendersBane","Strike_B","Strike_B","Strike_B","Defend_B","Defend_B","Defend_B","Defend_B","Zap+1","Dualcast","Conserve Battery","Sweeping Beam","Cold Snap","Ball Lightning","Steam","Reinforced Body","Echo Form","Force Field+1","Double Energy+1","Biased Cognition","Capacitor+1","Leap+1","Steam+1","Reinforced Body+1","Chaos+1","Compile Driver"],"special_seed":0,"relics":["Cracked Core","Pen Nib","Happy Flower","Blue Candle","Toxic Egg 2","Centennial Puzzle","Vajra","Runic Pyramid","Bronze Scales","Prayer Wheel","MawBank"],"potions_floor_usage":[18,20,25],"damage_taken":[{"damage":0.0,"enemies":"Cultist","floor":1.0,"turns":3.0},{"damage":2.0,"enemies":"Jaw Worm","floor":2.0,"turns":3.0},{"damage":2.0,"enemies":"2 Louse","floor":5.0,"turns":3.0},{"damage":26.0,"enemies":"Gremlin Nob","floor":6.0,"turns":4.0},{"damage":4.0,"enemies":"Lots of Slimes","floor":7.0,"turns":3.0},{"damage":6,"enemies":"Exordium Thugs","floor":10,"turns":4},{"damage":5,"enemies":"3 Sentries","floor":13,"turns":6},{"damage":2,"enemies":"Large Slime","floor":14,"turns":5},{"damage":29,"enemies":"The Guardian","floor":16,"turns":11},{"damage":0,"enemies":"Chosen","floor":18,"turns":3},{"damage":23,"enemies":"3 Byrds","floor":20,"turns":3},{"damage":14,"enemies":"Snecko","floor":21,"turns":6},{"damage":28,"enemies":"Gremlin Leader","floor":24,"turns":9},{"damage":12,"enemies":"Snake Plant","floor":25,"turns":4},{"damage":16,"enemies":"Slavers","floor":27,"turns":1}],"seed_played":"-6262124096975512642","potions_obtained":[{"floor":1.0,"key":"SpeedPotion"},{"floor":2.0,"key":"GamblersBrew"},{"floor":5.0,"key":"Ancient Potion"},{"floor":14,"key":"SteroidPotion"},{"floor":18,"key":"EssenceOfSteel"},{"floor":24,"key":"Block Potion"}],"is_trial":false,"path_per_floor":["M","M","?","$","M","E","M","R","T","M","?","R","E","M","R","B",null,"M","$","M","M","?","R","E","M","T","E"],"character_chosen":"DEFECT","items_purchased":["Cold Snap","Bronze Scales","Leap+1"],"campfire_rested":3,"item_purchase_floors":[4,19,19],"current_hp_per_floor":[64,62,62,62,60,34,30,30,30,24,24,45,40,38,59,30,61,61,61,38,24,24,45,17,5,5,0],"gold":165,"neow_bonus":"RANDOM_COMMON_RELIC","is_prod":false,"is_daily":false,"chose_seed":false,"campfire_upgraded":1,"win_rate":0,"timestamp":1565880992,"path_taken":["M","M","?","$","M","E","M","R","T","?","?","R","E","?","R","BOSS","M","$","M","M","?","R","E","?","T","E"],"build_version":"2019-07-17","purchased_purges":1,"victory":false,"max_hp_per_floor":[71,71,71,71,71,71,71,71,71,71,71,71,71,71,71,71,71,71,71,71,71,71,71,71,71,71,71],"card_choices":[{"not_picked":["Static Discharge","Hello World"],"picked":"Conserve Battery","floor":1.0},{"not_picked":["Stack","Rebound"],"picked":"Sweeping Beam","floor":2.0},{"not_picked":["Melter","Consume"],"picked":"Ball Lightning","floor":5.0},{"not_picked":["Rebound","Darkness"],"picked":"Steam","floor":6.0},{"not_picked":["Chill","Sweeping Beam"],"picked":"Reinforced Body","floor":7},{"not_picked":["Sunder","Steam+1"],"picked":"Echo Form","floor":10},{"not_picked":["Thunder Strike","Skim+1"],"picked":"Force Field+1","floor":13},{"not_picked":["Leap+1","Ball Lightning"],"picked":"Double Energy+1","floor":14},{"not_picked":["Reboot+1","Fission+1"],"picked":"Biased Cognition","floor":16},{"not_picked":["Hologram+1","Recycle+1"],"picked":"Capacitor","floor":18},{"not_picked":["Beam Cell","Recycle+1"],"picked":"Steam+1","floor":20},{"not_picked":["Skim+1","Sweeping Beam"],"picked":"Reinforced Body+1","floor":21},{"not_picked":["Ball Lightning","Glacier+1"],"picked":"Chaos+1","floor":24},{"not_picked":["Cold Snap","Lockon"],"picked":"Compile Driver","floor":25},{"not_picked":["Cold Snap","Ball Lightning+1","Streamline"],"picked":"SKIP","floor":25}],"player_experience":1923428,"relics_obtained":[{"floor":3.0,"key":"Happy Flower"},{"floor":6.0,"key":"Blue Candle"},{"floor":9,"key":"Toxic Egg 2"},{"floor":11,"key":"Centennial Puzzle"},{"floor":13,"key":"Vajra"},{"floor":24,"key":"Prayer Wheel"},{"floor":26,"key":"MawBank"}],"event_choices":[{"damage_healed":0.0,"max_hp_gain":0.0,"max_hp_loss":0.0,"gold_gain":0.0,"event_name":"Wheel of Change","player_choice":"Relic","floor":3.0,"gold_loss":0.0,"damage_taken":0.0},{"damage_healed":0,"gold_gain":0,"player_choice":"Relic","damage_taken":0,"max_hp_gain":0,"max_hp_loss":0,"event_name":"Wheel of Change","floor":11,"gold_loss":0},{"damage_healed":0,"gold_gain":0,"player_choice":"Upgraded","damage_taken":0,"max_hp_gain":0,"max_hp_loss":0,"event_name":"Upgrade Shrine","floor":22,"gold_loss":0,"cards_upgraded":["Capacitor"]}],"is_beta":false,"boss_relics":[{"not_picked":["Black Star","Ectoplasm"],"picked":"Runic Pyramid"}],"items_purged_floors":[4],"is_endless":false,"potions_floor_spawned":[1,2,5,14,18,24],"killed_by":"Slavers","ascension_level":18}