{"gold_per_floor":[116,116,129,229,249,281,281,30,106,134,134,150,7,17,17,115,115,134,134,150,150,179,179,27,39,39,39,114,132,45,58,58,162,162,173,193,415,20,30,30,58,58,58,58,105,115,115,125,125,125],"floor_reached":51,"playtime":2598,"items_purged":["Strike_B","Shame"],"score":1008,"play_id":"c18313eb-dc8d-4fe0-b99d-0728cf406eed","local_time":"20191012131749","is_ascension_mode":true,"campfire_choices":[{"floor":7,"key":"REST"},{"data":"Static Discharge","floor":11,"key":"SMITH"},{"floor":15,"key":"REST"},{"data":"Biased Cognition","floor":23,"key":"SMITH"},{"data":"Biased Cognition","floor":27,"key":"SMITH"},{"data":"Echo Form","floor":32,"key":"SMITH"},{"data":"Defragment","floor":40,"key":"SMITH"},{"data":"Rainbow","floor":42,"key":"SMITH"},{"data":"Capacitor","floor":44,"key":"SMITH"},{"data":"Skim","floor":49,"key":"SMITH"}],"neow_cost":"NONE","seed_source_timestamp":146351377214448,"circlet_count":0,"master_deck":["Zap","Sweeping Beam","Static Discharge+1","Leap","Cold Snap","Capacitor+1","Cold Snap","Seek","Seek","Darkness","Defragment+1","Seek","Biased Cognition+1","Steam Power","Biased Cognition+1","Turbo","Seek","Cold Snap","Turbo+1","Echo Form+1","Skim+1","Capacitor","Ball Lightning+1","Rainbow+1","Compile Driver+1","Turbo+1","Compile Driver","Self Repair+1","Seek","Turbo+1","Coolheaded","Dark Shackles","Cold Snap+1"],"relics":["Cracked Core","NeowsBlessing","Smiling Mask","Happy Flower","Question Card","Eternal Feather","Pandora\u0027s Box","Dream Catcher","Red Mask","Ornamental Fan","Cursed Key","Art of War","Bag of Preparation","Toy Ornithopter","Thread and Needle"],"potions_floor_usage":[6,10,16,33,50,50],"damage_taken":[{"damage":0,"enemies":"Small Slimes","floor":1,"turns":1},{"damage":0,"enemies":"2 Louse","floor":3,"turns":1},{"damage":0,"enemies":"Cultist","floor":5,"turns":1},{"damage":30,"enemies":"Gremlin Nob","floor":6,"turns":5},{"damage":22,"enemies":"Lagavulin","floor":10,"turns":6},{"damage":6,"enemies":"2 Fungi Beasts","floor":12,"turns":3},{"damage":13,"enemies":"Lots of Slimes","floor":14,"turns":4},{"damage":38,"enemies":"Slime Boss","floor":16,"turns":9},{"damage":3,"enemies":"Chosen","floor":18,"turns":4},{"damage":0,"enemies":"Spheric Guardian","floor":20,"turns":5},{"damage":13,"enemies":"Masked Bandits","floor":22,"turns":4},{"damage":6,"enemies":"Snecko","floor":25,"turns":4},{"damage":0,"enemies":"3 Cultists","floor":29,"turns":5},{"damage":4,"enemies":"Cultist and Chosen","floor":31,"turns":4},{"damage":29,"enemies":"Collector","floor":33,"turns":7},{"damage":2,"enemies":"3 Darklings","floor":35,"turns":4},{"damage":5,"enemies":"Orb Walker","floor":36,"turns":2},{"damage":0,"enemies":"Maw","floor":39,"turns":5},{"damage":29,"enemies":"Nemesis","floor":41,"turns":5},{"damage":35,"enemies":"2 Orb Walkers","floor":45,"turns":3},{"damage":0,"enemies":"4 Shapes","floor":46,"turns":3},{"damage":0,"enemies":"Jaw Worm Horde","floor":48,"turns":4},{"damage":44,"enemies":"Time Eater","floor":50,"turns":6}],"seed_played":"-4151313634970961424","potions_obtained":[{"floor":1,"key":"Weak Potion"},{"floor":6,"key":"DuplicationPotion"},{"floor":14,"key":"FearPotion"},{"floor":20,"key":"Dexterity Potion"},{"floor":25,"key":"Energy Potion"},{"floor":31,"key":"Explosive Potion"},{"floor":33,"key":"SteroidPotion"},{"floor":35,"key":"EssenceOfDarkness"},{"floor":45,"key":"PowerPotion"}],"is_trial":false,"path_per_floor":["M","?","M","?","M","E","R","$","T","E","R","M","$","M","R","B",null,"M","?","M","?","?","R","$","M","T","R","?","M","$","M","R","B",null,"M","M","?","$","M","R","E","R","T","R","?","M","?","M","R","B",null],"character_chosen":"DEFECT","items_purchased":["Happy Flower","Cold Snap","Seek","Echo Form","Capacitor","Art of War","Bag of Preparation","Compile Driver","Ancient Potion"],"campfire_rested":2,"item_purchase_floors":[8,8,13,24,30,38,38,38,38],"current_hp_per_floor":[68,61,61,61,61,31,53,53,53,31,37,31,31,18,49,11,59,56,56,56,56,43,55,55,49,49,61,54,54,54,50,62,33,65,63,58,58,58,58,73,64,75,75,75,60,60,60,70,75,46],"gold":125,"neow_bonus":"THREE_ENEMY_KILL","is_prod":false,"is_daily":false,"chose_seed":false,"campfire_upgraded":8,"win_rate":0,"timestamp":1570900669,"path_taken":["M","?","M","?","?","E","R","$","T","E","R","M","$","M","R","BOSS","M","?","?","?","?","R","$","M","T","R","?","M","$","M","R","BOSS","M","M","?","$","M","R","E","R","T","R","?","M","?","M","R","BOSS"],"build_version":"2019-10-11","purchased_purges":2,"victory":true,"max_hp_per_floor":[75,75,75,75,75,75,75,75,75,75,75,75,75,75,75,75,75,75,75,75,75,75,75,75,75,75,75,75,75,75,75,75,75,75,75,75,75,75,75,75,75,75,75,75,75,75,75,75,75,75],"card_choices":[{"not_picked":["Rip and Tear","Streamline"],"picked":"Sweeping Beam","floor":1},{"not_picked":["Turbo","Conserve Battery"],"picked":"Static Discharge","floor":3},{"not_picked":["Force Field","Steam Power"],"picked":"Leap","floor":5},{"not_picked":["Sweeping Beam","Redo","Double Energy"],"picked":"SKIP","floor":6},{"not_picked":["Meteor Strike","FTL","Barrage"],"picked":"Capacitor","floor":10},{"not_picked":["Steam","Blizzard","Leap"],"picked":"Cold Snap","floor":12},{"not_picked":["Streamline","Sweeping Beam","Tempest","Barrage"],"picked":"SKIP","floor":14},{"not_picked":["Rainbow","Hyperbeam","Thunder Strike"],"picked":"Seek","floor":16},{"not_picked":["Leap","Defragment","Force Field"],"picked":"Turbo","floor":18},{"not_picked":["Rebound+1","Sweeping Beam","Reinforced Body"],"picked":"Cold Snap","floor":20},{"not_picked":["Leap+1","Steam Power","Barrage+1"],"picked":"Turbo+1","floor":22},{"not_picked":["Auto Shields","Thunder Strike","Gash+1","Aggregate"],"picked":"SKIP","floor":25},{"not_picked":["Conserve Battery+1","Stack","Undo+1"],"picked":"Skim","floor":29},{"not_picked":["Gash+1","Redo","Rip and Tear"],"picked":"Ball Lightning+1","floor":31},{"not_picked":["Machine Learning","All For One","Buffer"],"picked":"Rainbow","floor":33},{"not_picked":["Conserve Battery","Redo+1","Go for the Eyes"],"picked":"Compile Driver+1","floor":35},{"not_picked":["Beam Cell","Rebound+1","Reprogram"],"picked":"Turbo+1","floor":36},{"not_picked":["Barrage+1","Conserve Battery","Turbo+1"],"picked":"Self Repair+1","floor":39},{"not_picked":["Aggregate","Rebound","Self Repair+1"],"picked":"Seek","floor":41},{"not_picked":["Barrage+1","Sunder+1","Self Repair"],"picked":"Turbo+1","floor":45},{"not_picked":["Ball Lightning+1","Sunder","Cold Snap+1"],"picked":"Coolheaded","floor":46},{"not_picked":["Turbo","Barrage","Scrape"],"picked":"Cold Snap+1","floor":48}],"player_experience":515648,"relics_obtained":[{"floor":6,"key":"Smiling Mask"},{"floor":9,"key":"Question Card"},{"floor":10,"key":"Eternal Feather"},{"floor":22,"key":"Red Mask"},{"floor":26,"key":"Ornamental Fan"},{"floor":41,"key":"Toy Ornithopter"},{"floor":45,"key":"Thread and Needle"}],"event_choices":[{"cards_removed":["Strike_B"],"damage_healed":0,"gold_gain":0,"player_choice":"Card Removal","damage_taken":7,"max_hp_gain":0,"max_hp_loss":0,"event_name":"Golden Wing","floor":2,"gold_loss":0},{"damage_healed":0,"gold_gain":100,"player_choice":"Gold","damage_taken":0,"max_hp_gain":0,"max_hp_loss":0,"event_name":"Wheel of Change","floor":4,"gold_loss":0},{"damage_healed":0,"gold_gain":0,"cards_transformed":["Dualcast"],"player_choice":"Transformed","damage_taken":0,"max_hp_gain":0,"max_hp_loss":0,"event_name":"Transmorgrifier","floor":19,"gold_loss":0,"cards_obtained":["Seek"]},{"damage_healed":0,"gold_gain":0,"player_choice":"Stole Relic","damage_taken":0,"relics_obtained":["Dream Catcher"],"max_hp_gain":0,"max_hp_loss":0,"event_name":"Addict","floor":21,"gold_loss":0,"cards_obtained":["Shame"]},{"damage_healed":0,"gold_gain":0,"player_choice":"Fought Bandits","damage_taken":0,"max_hp_gain":0,"max_hp_loss":0,"event_name":"Masked Bandits","floor":22,"gold_loss":0},{"damage_healed":0,"gold_gain":75,"player_choice":"Touch","damage_taken":7,"max_hp_gain":0,"max_hp_loss":0,"event_name":"FaceTrader","floor":28,"gold_loss":0},{"damage_healed":0,"gold_gain":222,"player_choice":"Wore Mask","damage_taken":0,"max_hp_gain":0,"max_hp_loss":0,"event_name":"Tomb of Lord Red Mask","floor":37,"gold_loss":0},{"damage_healed":0,"gold_gain":0,"player_choice":"Fight","damage_taken":0,"max_hp_gain":0,"max_hp_loss":0,"event_name":"Mysterious Sphere","floor":45,"gold_loss":0},{"damage_healed":0,"gold_gain":0,"player_choice":"1 cards matched","damage_taken":0,"max_hp_gain":0,"max_hp_loss":0,"event_name":"Match and Keep!","floor":47,"gold_loss":0,"cards_obtained":["Dark Shackles"]}],"is_beta":true,"boss_relics":[{"not_picked":["Coffee Dripper","Tiny House"],"picked":"Pandora\u0027s Box"},{"not_picked":["SacredBark","Black Star"],"picked":"Cursed Key"}],"items_purged_floors":[8,30],"is_endless":false,"potions_floor_spawned":[1,6,14,20,25,31,33,35,36,39,45],"ascension_level":6}