{"gold_per_floor":[111,128,139,152,163,163,177,177,177,177,102,120,45,45,45,45],"floor_reached":16,"playtime":387,"items_purged":["Strike_R"],"score":174,"play_id":"12d098d7-e6a3-4c82-8878-174f3fe4e6a4","local_time":"20190718224616","is_ascension_mode":true,"campfire_choices":[{"data":"Dramatic Entrance","floor":6,"key":"SMITH"},{"data":"Bash","floor":8,"key":"SMITH"},{"data":"Rampage","floor":10,"key":"SMITH"},{"data":"Anger","floor":15,"key":"SMITH"}],"neow_cost":"NONE","seed_source_timestamp":526022105352300,"circlet_count":0,"master_deck":["AscendersBane","Strike_R","Strike_R","Strike_R","Defend_R","Defend_R","Defend_R","Defend_R","Bash+1","Dramatic Entrance+1","Anger+1","Burning Pact","Seeing Red+1","Rampage+1","Iron Wave","Clash","Ghostly Armor"],"relics":["Burning Blood","Darkstone Periapt"],"potions_floor_usage":[4,16,16],"damage_taken":[{"damage":6,"enemies":"Cultist","floor":1,"turns":4},{"damage":1,"enemies":"2 Louse","floor":2,"turns":3},{"damage":3,"enemies":"Small Slimes","floor":3,"turns":3},{"damage":3,"enemies":"3 Louse","floor":4,"turns":3},{"damage":17,"enemies":"Looter","floor":5,"turns":3},{"damage":6,"enemies":"Blue Slaver","floor":7,"turns":4},{"damage":14,"enemies":"3 Louse","floor":12,"turns":2},{"damage":62,"enemies":"Slime Boss","floor":16,"turns":7}],"seed_played":"1963264019878805759","potions_obtained":[{"floor":2,"key":"Dexterity Potion"},{"floor":3,"key":"GamblersBrew"},{"floor":5,"key":"PowerPotion"}],"is_trial":false,"path_per_floor":["M","M","M","M","M","R","M","R","T","R","$","M","?","?","R","B"],"character_chosen":"IRONCLAD","items_purchased":[],"campfire_rested":0,"item_purchase_floors":[],"current_hp_per_floor":[68,73,75,75,64,64,64,64,64,64,64,56,56,56,56,0],"gold":45,"neow_bonus":"RANDOM_COLORLESS","is_prod":false,"is_daily":false,"chose_seed":false,"campfire_upgraded":4,"win_rate":0,"timestamp":1563482776,"path_taken":["M","?","M","?","M","R","M","R","T","R","$","M","?","?","R","BOSS"],"build_version":"2019-07-17","purchased_purges":1,"victory":false,"max_hp_per_floor":[75,75,75,75,75,75,75,75,75,75,75,75,75,75,75,75],"card_choices":[{"not_picked":["Pummel","Dual Wield"],"picked":"Anger","floor":1},{"not_picked":["Rupture","Evolve"],"picked":"Burning Pact","floor":2},{"not_picked":["Dual Wield","Wild Strike"],"picked":"Seeing Red","floor":3},{"not_picked":["Flex","Iron Wave"],"picked":"Rampage","floor":4},{"not_picked":["Sword Boomerang","Cleave"],"picked":"Iron Wave","floor":5},{"not_picked":["Dual Wield","Havoc"],"picked":"Clash","floor":7},{"not_picked":["Pommel Strike","Dropkick"],"picked":"Ghostly Armor","floor":12}],"player_experience":1680739,"relics_obtained":[{"floor":9,"key":"Darkstone Periapt"}],"event_choices":[{"cards_removed":["Strike_R"],"damage_healed":0,"gold_gain":0,"player_choice":"Card Removal","damage_taken":0,"max_hp_gain":0,"max_hp_loss":0,"event_name":"The Cleric","floor":13,"gold_loss":75},{"damage_healed":0,"gold_gain":0,"player_choice":"Upgraded","damage_taken":0,"max_hp_gain":0,"max_hp_loss":0,"event_name":"Upgrade Shrine","floor":14,"gold_loss":0,"cards_upgraded":["Seeing Red"]}],"is_beta":false,"boss_relics":[],"items_purged_floors":[11],"is_endless":false,"potions_floor_spawned":[2,3,5],"killed_by":"Slime Boss","ascension_level":17}