{"gold_per_floor":[113,113,124,12,12,42,55,205,255,285,360,8,8,28,28,102,102,120,170,270,281,241,241,275,286,333,333,14,31,31,50,50,122,122,137,137,150,169,169],"floor_reached":39,"playtime":1833,"items_purged":["Doubt"],"score":968,"play_id":"9e071a72-2a1b-4047-9993-df4faea1264e","local_time":"20190222192117","is_ascension_mode":true,"campfire_choices":[{"data":"Hologram","floor":13.0,"key":"SMITH"},{"floor":15.0,"key":"REST"},{"floor":23,"key":"REST"},{"floor":27,"key":"REST"},{"floor":32,"key":"REST"}],"neow_cost":"NONE","seed_source_timestamp":543546502310893,"circlet_count":0,"master_deck":["AscendersBane","Strike_B","Strike_B","Strike_B","Strike_B","Defend_B","Defend_B","Defend_B","Defend_B","Zap","Dualcast","Defragment","Gash","Capacitor","Rebound","Defragment","Go for the Eyes","All For One","Scrape","Hologram+1","Static Discharge","Bandage Up","Steam","Fission","Redo","Hello World","Cold Snap","Conserve Battery","Coolheaded","Coolheaded","Gash","Steam","Leap","Static Discharge","Capacitor","Go for the Eyes","Go for the Eyes","Conserve Battery","Electrodynamics","Hologram+1","Magnetism","Go for the Eyes+1","Glacier"],"special_seed":0,"relics":["Cracked Core","NeowsBlessing","Boot","Mummified Hand","Anchor","Potion Belt","Orrery","Girya","Letter Opener","Question Card","Art of War","Runic Capacitor","Cursed Key"],"potions_floor_usage":[20,20,21,24,24,24,31,33],"damage_taken":[{"damage":0.0,"enemies":"Cultist","floor":1.0,"turns":1.0},{"damage":0.0,"enemies":"Small Slimes","floor":3.0,"turns":1.0},{"damage":0.0,"enemies":"Lagavulin","floor":6.0,"turns":1.0},{"damage":8.0,"enemies":"2 Louse","floor":7.0,"turns":2.0},{"damage":7.0,"enemies":"3 Sentries","floor":10.0,"turns":12.0},{"damage":8.0,"enemies":"Blue Slaver","floor":14.0,"turns":4.0},{"damage":53.0,"enemies":"Slime Boss","floor":16.0,"turns":8.0},{"damage":14.0,"enemies":"Spheric Guardian","floor":18.0,"turns":4.0},{"damage":0,"enemies":"Colosseum Slavers","floor":20,"turns":1},{"damage":37,"enemies":"Colosseum Nobs","floor":20,"turns":6},{"damage":24,"enemies":"Shell Parasite","floor":21,"turns":5},{"damage":0,"enemies":"Slavers","floor":24,"turns":3},{"damage":9,"enemies":"Snecko","floor":25,"turns":5},{"damage":22,"enemies":"Snake Plant","floor":29,"turns":4},{"damage":17,"enemies":"Centurion and Healer","floor":31,"turns":10},{"damage":37,"enemies":"Automaton","floor":33,"turns":12},{"damage":8,"enemies":"Orb Walker","floor":35,"turns":3},{"damage":7,"enemies":"3 Shapes","floor":37,"turns":4},{"damage":29,"enemies":"3 Darklings","floor":38,"turns":7},{"damage":28,"enemies":"Sphere and 2 Shapes","floor":39,"turns":3}],"seed_played":"1914330639812122214","potions_obtained":[{"floor":1.0,"key":"SkillPotion"},{"floor":6.0,"key":"SkillPotion"},{"floor":10.0,"key":"Energy Potion"},{"floor":16.0,"key":"FocusPotion"},{"floor":18.0,"key":"SmokeBomb"},{"floor":20,"key":"Regen Potion"},{"floor":21,"key":"SpeedPotion"},{"floor":22,"key":"SkillPotion"},{"floor":22,"key":"PowerPotion"},{"floor":22,"key":"AttackPotion"},{"floor":25,"key":"GamblersBrew"},{"floor":29,"key":"Regen Potion"}],"is_trial":false,"path_per_floor":["M","?","M","$","$","E","M","?","T","E","?","$","R","M","R","B",null,"M","?","?","M","?","R","E","M","T","R","$","M","$","M","R","B",null,"M","?","M","M","M"],"character_chosen":"DEFECT","items_purchased":["Capacitor","Rebound","Scrape","Hologram","Static Discharge","Bandage Up","Capacitor","Runic Capacitor","Go for the Eyes"],"campfire_rested":4,"item_purchase_floors":[4,4,12,12,12,12,28,28,28],"current_hp_per_floor":[64,64,64,64,64,64,56,56,56,49,38,38,38,34,55,6,55,45,45,12,6,6,27,27,18,18,39,39,17,17,19,40,7,55,51,51,48,23,0],"gold":169,"neow_bonus":"THREE_ENEMY_KILL","is_prod":false,"is_daily":false,"chose_seed":false,"campfire_upgraded":1,"win_rate":0,"timestamp":1550859677,"path_taken":["M","?","M","?","$","E","?","?","T","E","?","$","R","M","R","BOSS","M","?","?","M","?","R","E","?","T","R","?","M","$","M","R","BOSS","M","?","M","M","M"],"build_version":"2019-01-23","purchased_purges":1,"victory":false,"max_hp_per_floor":[71,71,71,71,71,71,71,71,71,71,71,71,71,71,71,71,71,71,71,71,71,71,71,71,71,71,71,71,71,71,71,71,71,71,71,71,71,71,71],"card_choices":[{"not_picked":["Skim","Beam Cell"],"picked":"Defragment","floor":1.0},{"not_picked":["Force Field","Leap"],"picked":"Gash","floor":3.0},{"not_picked":["Compile Driver","FTL"],"picked":"Defragment","floor":6.0},{"not_picked":["Darkness","Turbo"],"picked":"Go for the Eyes","floor":7.0},{"not_picked":["Streamline","Turbo"],"picked":"All For One","floor":10.0},{"not_picked":["Leap","Stack"],"picked":"Steam","floor":14.0},{"not_picked":["Core Surge","Meteor Strike"],"picked":"Fission","floor":16.0},{"not_picked":["Double Energy","Consume"],"picked":"Redo","floor":17.0},{"not_picked":["Rebound","Barrage"],"picked":"Hello World","floor":17.0},{"not_picked":["Sweeping Beam","Auto Shields"],"picked":"Cold Snap","floor":17.0},{"not_picked":["Reinforced Body","Sweeping Beam"],"picked":"Conserve Battery","floor":17.0},{"not_picked":["Barrage","Consume"],"picked":"Coolheaded","floor":17.0},{"not_picked":["Stack","Darkness"],"picked":"Coolheaded","floor":18.0},{"not_picked":["Compile Driver","Coolheaded"],"picked":"Gash","floor":20},{"not_picked":["Rebound","Rainbow"],"picked":"Steam","floor":21},{"not_picked":["Rebound","Turbo"],"picked":"Leap","floor":24},{"not_picked":["Leap","Compile Driver+1","Conserve Battery"],"picked":"Static Discharge","floor":25},{"not_picked":["Rebound","Rainbow","Compile Driver"],"picked":"Go for the Eyes","floor":29},{"not_picked":["Heatsinks","Steam","Compile Driver"],"picked":"Conserve Battery","floor":31},{"not_picked":["Machine Learning","Rainbow","Hyperbeam"],"picked":"Electrodynamics","floor":33},{"not_picked":["Stack+1","Capacitor","Streamline+1"],"picked":"Hologram+1","floor":35},{"not_picked":["Forethought","Trip","Good Instincts"],"picked":"Magnetism","floor":36},{"not_picked":["Streamline","Conserve Battery","Redo"],"picked":"Go for the Eyes+1","floor":37},{"not_picked":["Reinforced Body","Streamline","Redo"],"picked":"Glacier","floor":38}],"player_experience":661629,"relics_obtained":[{"floor":6.0,"key":"Mummified Hand"},{"floor":9.0,"key":"Anchor"},{"floor":10.0,"key":"Potion Belt"},{"floor":20,"key":"Girya"},{"floor":20,"key":"Letter Opener"},{"floor":24,"key":"Question Card"},{"floor":26,"key":"Art of War"}],"event_choices":[{"damage_healed":0.0,"max_hp_gain":0.0,"max_hp_loss":0.0,"gold_gain":0.0,"event_name":"WeMeetAgain","player_choice":"Gave Potion","floor":2.0,"gold_loss":0.0,"damage_taken":0.0,"relics_obtained":["Boot"]},{"damage_healed":0.0,"max_hp_gain":0.0,"max_hp_loss":0.0,"gold_gain":150.0,"event_name":"Liars Game","player_choice":"AGREE","floor":8.0,"gold_loss":0.0,"damage_taken":0.0,"cards_obtained":["Doubt"]},{"damage_healed":0.0,"max_hp_gain":0.0,"max_hp_loss":0.0,"gold_gain":75.0,"event_name":"World of Goop","player_choice":"Gather Gold","floor":11.0,"gold_loss":0.0,"damage_taken":11.0},{"damage_healed":0.0,"max_hp_gain":0.0,"max_hp_loss":0.0,"gold_gain":50.0,"event_name":"Nest","player_choice":"Stole From Cult","floor":19.0,"gold_loss":0.0,"damage_taken":0.0},{"damage_healed":0,"gold_gain":0,"player_choice":"Fight","damage_taken":0,"max_hp_gain":0,"max_hp_loss":0,"event_name":"Colosseum","floor":20,"gold_loss":0},{"damage_healed":0,"gold_gain":0,"player_choice":"Fought Nobs","damage_taken":0,"max_hp_gain":0,"max_hp_loss":0,"event_name":"Colosseum","floor":20,"gold_loss":0},{"damage_healed":0,"gold_gain":0,"player_choice":"Bought 3 Potions","damage_taken":0,"max_hp_gain":0,"max_hp_loss":0,"event_name":"The Woman in Blue","floor":22,"gold_loss":0},{"damage_healed":0,"gold_gain":0,"player_choice":"Memory 1","damage_taken":0,"max_hp_gain":0,"max_hp_loss":0,"event_name":"SensoryStone","floor":36,"gold_loss":0}],"is_beta":false,"boss_relics":[{"not_picked":["Black Star","Fusion Hammer"],"picked":"Orrery"},{"not_picked":["Runic Dome","Lizard Tail"],"picked":"Cursed Key"}],"items_purged_floors":[12],"is_endless":false,"potions_floor_spawned":[1,6,10,16,18,20,21,25,29],"killed_by":"Sphere and 2 Shapes","ascension_level":20}