{"gold_per_floor":[115,132,145,145,145,145,177,177,248,248,263,279,279,330,330,425,425,438,167,167,181,201,201,221,22,22,0,0,17,29,29],"floor_reached":31,"playtime":1305,"items_purged":["Strike_B","Strike_B"],"score":379,"play_id":"7cecbb71-c747-40eb-8df1-550d140fd2f0","local_time":"20190227175517","is_ascension_mode":true,"campfire_choices":[{"data":"Zap","floor":6.0,"key":"SMITH"},{"data":"Conserve Battery","floor":8.0,"key":"SMITH"},{"data":"Self Repair","floor":10.0,"key":"SMITH"},{"data":"Sunder","floor":15.0,"key":"SMITH"},{"data":"White Noise","floor":23,"key":"SMITH"},{"floor":28,"key":"REST"}],"neow_cost":"NONE","seed_source_timestamp":0,"circlet_count":0,"master_deck":["AscendersBane","Strike_B+1","Defend_B","Defend_B","Defend_B+1","Defend_B","Zap+1","Dualcast","Self Repair+1","Gash","Conserve Battery+1","Go for the Eyes","Coolheaded","Sunder+1","Electrodynamics","Gash","Fusion","BootSequence","Conserve Battery","White Noise+1","Ball Lightning","Cold Snap","Ball Lightning+1","Gash"],"special_seed":0,"relics":["Cracked Core","NeowsBlessing","Potion Belt","PreservedInsect","Bottled Flame","Incense Burner","DataDisk","Velvet Choker","The Courier"],"potions_floor_usage":[18,24,30],"damage_taken":[{"damage":0.0,"enemies":"Cultist","floor":1.0,"turns":1.0},{"damage":0.0,"enemies":"2 Louse","floor":2.0,"turns":1.0},{"damage":0.0,"enemies":"Jaw Worm","floor":3.0,"turns":1.0},{"damage":45.0,"enemies":"Gremlin Nob","floor":7.0,"turns":6.0},{"damage":1.0,"enemies":"Looter","floor":11.0,"turns":3.0},{"damage":0.0,"enemies":"Blue Slaver","floor":12.0,"turns":4.0},{"damage":28.0,"enemies":"Slime Boss","floor":16.0,"turns":10.0},{"damage":18,"enemies":"Shell Parasite","floor":18,"turns":5},{"damage":15,"enemies":"Chosen","floor":21,"turns":5},{"damage":15,"enemies":"Snecko","floor":22,"turns":5},{"damage":20,"enemies":"Cultist and Chosen","floor":24,"turns":7},{"damage":21,"enemies":"Snake Plant","floor":29,"turns":4},{"damage":26,"enemies":"Chosen and Byrds","floor":30,"turns":7},{"damage":38,"enemies":"Shelled Parasite and Fungi","floor":31,"turns":3}],"seed_played":"-6170802114210717471","potions_obtained":[{"floor":1.0,"key":"Regen Potion"},{"floor":3.0,"key":"Weak Potion"},{"floor":7.0,"key":"Regen Potion"},{"floor":16.0,"key":"Poison Potion"},{"floor":22,"key":"Swift Potion"},{"floor":29,"key":"SkillPotion"}],"is_trial":false,"path_per_floor":["M","M","M","?","?","R","E","R","T","R","M","M","T","T","R","B",null,"M","$","?","M","M","R","M","$","T","?","R","M","M","M"],"character_chosen":"DEFECT","items_purchased":["Fusion","BootSequence","Strength Potion","Cold Snap","Energy Potion"],"campfire_rested":1,"item_purchase_floors":[19,19,19,25,25],"current_hp_per_floor":[68,75,75,68,53,53,30,30,30,30,48,58,58,58,58,40,66,58,58,58,53,48,48,38,38,38,38,60,49,33,0],"gold":29,"neow_bonus":"THREE_ENEMY_KILL","is_prod":false,"is_daily":false,"chose_seed":false,"campfire_upgraded":5,"win_rate":0,"timestamp":1551286517,"path_taken":["M","?","M","?","?","R","E","R","T","R","M","M","?","?","R","BOSS","M","$","?","M","M","R","M","?","T","?","R","M","M","?"],"build_version":"2019-01-23","purchased_purges":2,"victory":false,"max_hp_per_floor":[75,75,75,75,75,75,75,75,75,75,75,75,75,75,75,75,75,75,75,75,75,75,75,75,75,75,75,75,75,75,75],"card_choices":[{"not_picked":["Defragment","Rebound"],"picked":"Self Repair","floor":1.0},{"not_picked":["Redo","Beam Cell"],"picked":"Gash","floor":2.0},{"not_picked":["Genetic Algorithm","Rebound"],"picked":"Conserve Battery","floor":3.0},{"not_picked":["Lockon","FTL"],"picked":"Go for the Eyes","floor":7.0},{"not_picked":["Lockon","Hologram"],"picked":"Coolheaded","floor":11.0},{"not_picked":["Reinforced Body","Steam"],"picked":"Sunder","floor":12.0},{"not_picked":["Hyperbeam","All For One"],"picked":"Electrodynamics","floor":16.0},{"not_picked":["Leap","Doom and Gloom"],"picked":"Gash","floor":18},{"not_picked":["Darkness","Hologram"],"picked":"Conserve Battery","floor":21},{"not_picked":["Melter","Stack"],"picked":"White Noise","floor":22},{"not_picked":["Redo","Sweeping Beam"],"picked":"Ball Lightning","floor":24},{"not_picked":["Rebound","Steam"],"picked":"Ball Lightning+1","floor":29},{"not_picked":["Consume","Steam"],"picked":"Gash","floor":30}],"player_experience":870647,"relics_obtained":[{"floor":7.0,"key":"PreservedInsect"},{"floor":9.0,"key":"Bottled Flame"},{"floor":13.0,"key":"Incense Burner"},{"floor":14.0,"key":"DataDisk"},{"floor":26,"key":"The Courier"}],"event_choices":[{"damage_healed":0.0,"max_hp_gain":0.0,"max_hp_loss":0.0,"gold_gain":0.0,"event_name":"Scrap Ooze","player_choice":"Success","floor":4.0,"gold_loss":0.0,"damage_taken":7.0,"relics_obtained":["Potion Belt"]},{"damage_healed":0.0,"max_hp_gain":0.0,"max_hp_loss":0.0,"gold_gain":0.0,"event_name":"Shining Light","player_choice":"Entered Light","floor":5.0,"gold_loss":0.0,"damage_taken":15.0,"cards_upgraded":["Strike_B","Defend_B"]},{"cards_removed":["Strike_B"],"damage_healed":0,"gold_gain":0,"player_choice":"Offered Basic","damage_taken":0,"max_hp_gain":0,"max_hp_loss":0,"event_name":"Bonfire Elementals","floor":20,"gold_loss":0},{"damage_healed":0,"gold_gain":0,"player_choice":"Paid Fearfully","damage_taken":0,"max_hp_gain":0,"max_hp_loss":0,"event_name":"Masked Bandits","floor":27,"gold_loss":22}],"is_beta":false,"boss_relics":[{"not_picked":["Sozu","Lizard Tail"],"picked":"Velvet Choker"}],"items_purged_floors":[19,25],"is_endless":false,"potions_floor_spawned":[1,3,7,16,22,29],"killed_by":"Shelled Parasite and Fungi","ascension_level":12}