{"gold_per_floor":[17,27,27,37,52,52],"floor_reached":6,"playtime":247,"items_purged":[],"score":68,"play_id":"dec42eb2-3985-4782-bd1b-9940113cd950","local_time":"20190627200318","is_ascension_mode":true,"campfire_choices":[],"neow_cost":"NO_GOLD","seed_source_timestamp":849463433928900,"circlet_count":0,"master_deck":["AscendersBane","Defend_G","Defend_G","Defend_G","Defend_G","Defend_G","Strike_G","Strike_G","Strike_G","Strike_G","Strike_G","Survivor","Neutralize","Dash","Infinite Blades","Deadly Poison","Wraith Form v2","Wraith Form v2","Flechettes","Neutralize","Poisoned Stab","Noxious Fumes","Flying Knee","Dagger Spray"],"relics":["Ring of the Snake","Prayer Wheel"],"potions_floor_usage":[4,6],"damage_taken":[{"damage":7,"enemies":"Small Slimes","floor":1,"turns":5},{"damage":0,"enemies":"Cultist","floor":2,"turns":4},{"damage":4,"enemies":"Jaw Worm","floor":4,"turns":3},{"damage":13,"enemies":"Red Slaver","floor":5,"turns":5},{"damage":48,"enemies":"Gremlin Nob","floor":6,"turns":4}],"seed_played":"1507262342370220111","potions_obtained":[{"floor":1,"key":"Swift Potion"},{"floor":5,"key":"AttackPotion"}],"is_trial":false,"path_per_floor":["M","M","?","M","M","E"],"character_chosen":"THE_SILENT","items_purchased":[],"campfire_rested":0,"item_purchase_floors":[],"current_hp_per_floor":[52,52,52,48,35,0],"gold":52,"neow_bonus":"ONE_RARE_RELIC","is_prod":false,"is_daily":false,"chose_seed":false,"campfire_upgraded":0,"win_rate":0,"timestamp":1561658598,"path_taken":["M","M","?","M","M","E"],"build_version":"2019-01-23","purchased_purges":0,"victory":false,"max_hp_per_floor":[66,66,66,66,66,66],"card_choices":[{"not_picked":["Underhanded Strike","Deadly Poison"],"picked":"Dash","floor":1},{"not_picked":["Deflect","Backflip"],"picked":"Infinite Blades","floor":1},{"not_picked":["Outmaneuver","Blade Dance"],"picked":"Deadly Poison","floor":2},{"not_picked":["Underhanded Strike","Acrobatics"],"picked":"Wraith Form v2","floor":2},{"not_picked":["Calculated Gamble","Quick Slash"],"picked":"Poisoned Stab","floor":4},{"not_picked":["Acrobatics","Blade Dance"],"picked":"Noxious Fumes","floor":4},{"not_picked":["Deflect","Concentrate"],"picked":"Flying Knee","floor":5},{"not_picked":["Riddle With Holes","Terror"],"picked":"Dagger Spray","floor":5}],"player_experience":1505219,"relics_obtained":[],"event_choices":[{"damage_healed":0,"gold_gain":0,"player_choice":"3 cards matched","damage_taken":0,"max_hp_gain":0,"max_hp_loss":0,"event_name":"Match and Keep!","floor":3,"gold_loss":0,"cards_obtained":["Wraith Form v2","Flechettes","Neutralize"]}],"is_beta":false,"boss_relics":[],"items_purged_floors":[],"is_endless":false,"potions_floor_spawned":[1,5],"killed_by":"Gremlin Nob","ascension_level":16}