{"gold_per_floor":[122,134,158,170,197,209,250,262,297,309,396,14,14],"floor_reached":13,"playtime":741,"items_purged":["Strike_R"],"score":154,"play_id":"7474a9ff-285f-4667-91a5-6ab56145ea7f","local_time":"20190813030022","is_ascension_mode":true,"campfire_choices":[{"data":"Bash","floor":6,"key":"SMITH"},{"data":"Feel No Pain","floor":8,"key":"SMITH"}],"neow_cost":"NONE","seed_source_timestamp":900048524718600,"circlet_count":0,"master_deck":["AscendersBane","Strike_R","Strike_R","Strike_R","Defend_R","Defend_R","Defend_R","Defend_R","Bash+1","Feel No Pain+1","Shrug It Off","Clothesline","Fiend Fire"],"relics":["Burning Blood","MawBank","Boot","Lantern","Calipers"],"potions_floor_usage":[3],"damage_taken":[{"damage":16,"enemies":"Jaw Worm","floor":1,"turns":4},{"damage":1,"enemies":"Cultist","floor":3,"turns":4},{"damage":12,"enemies":"2 Louse","floor":5,"turns":4},{"damage":20,"enemies":"3 Sentries","floor":7,"turns":17},{"damage":39,"enemies":"Lagavulin","floor":13,"turns":7}],"seed_played":"-6256955853357499739","potions_obtained":[{"floor":1,"key":"Fire Potion"}],"is_trial":false,"path_per_floor":["M","?","M","$","M","R","E","R","T","$","?","$","E"],"character_chosen":"IRONCLAD","items_purchased":["Calipers"],"campfire_rested":0,"item_purchase_floors":[12],"current_hp_per_floor":[58,58,63,63,57,57,43,43,43,43,32,32,0],"gold":14,"neow_bonus":"RANDOM_COMMON_RELIC","is_prod":false,"is_daily":false,"chose_seed":false,"campfire_upgraded":2,"win_rate":0,"timestamp":1565658022,"path_taken":["M","?","M","$","?","R","E","R","T","$","?","$","E"],"build_version":"2019-07-17","purchased_purges":1,"victory":false,"max_hp_per_floor":[75,75,75,75,75,75,75,75,75,75,75,75,75],"card_choices":[{"not_picked":["Clash","Entrench"],"picked":"Feel No Pain","floor":1},{"not_picked":["Entrench","Pommel Strike"],"picked":"Shrug It Off","floor":3},{"not_picked":["Blood for Blood","Burning Pact"],"picked":"Clothesline","floor":5},{"not_picked":["Pummel","Clothesline"],"picked":"Fiend Fire","floor":7}],"player_experience":1865631,"relics_obtained":[{"floor":7,"key":"Boot"},{"floor":9,"key":"Lantern"}],"event_choices":[{"cards_removed":["Strike_R"],"damage_healed":0,"gold_gain":0,"player_choice":"Offered Basic","damage_taken":0,"max_hp_gain":0,"max_hp_loss":0,"event_name":"Bonfire Elementals","floor":2,"gold_loss":0},{"damage_healed":0,"gold_gain":75,"player_choice":"Gather Gold","damage_taken":11,"max_hp_gain":0,"max_hp_loss":0,"event_name":"World of Goop","floor":11,"gold_loss":0}],"is_beta":false,"boss_relics":[],"items_purged_floors":[12],"is_endless":false,"potions_floor_spawned":[1],"killed_by":"Lagavulin","ascension_level":18}