{"gold_per_floor":[111,111,127,277,288,288,317,327,372,372,383,37,37,130,130,209,209,220,220,238,48,66,66,78,78,78,128,128],"floor_reached":28,"playtime":872,"items_purged":["Doubt","Strike_B"],"score":382,"play_id":"dc10ebb6-b068-4fe0-95b0-06b55c0e32b2","local_time":"20190524204131","is_ascension_mode":true,"campfire_choices":[{"data":"Sunder","floor":6,"key":"SMITH"},{"data":"Zap","floor":10,"key":"SMITH"},{"data":"Glacier","floor":13,"key":"SMITH"},{"floor":15,"key":"REST"},{"floor":23,"key":"REST"},{"floor":25,"key":"REST"}],"neow_cost":"NONE","seed_source_timestamp":941046282663900,"circlet_count":0,"master_deck":["AscendersBane","Strike_B+1","Defend_B","Defend_B+1","Defend_B","Defend_B","Zap+1","Dualcast","Glacier+1","Auto Shields","Sunder+1","Go for the Eyes","Sweeping Beam","Compile Driver","Redo","Leap","PiercingWail","Hyperbeam","Outmaneuver","RitualDagger","Self Repair","Buffer","Backflip","Crippling Poison+1"],"relics":["Cracked Core","NeowsBlessing","Pantograph","Smiling Mask","PrismaticShard","Tiny Chest","Empty Cage","Vajra"],"potions_floor_usage":[7,8,14,20,24,24],"damage_taken":[{"damage":0,"enemies":"2 Louse","floor":1,"turns":1},{"damage":0,"enemies":"Jaw Worm","floor":3,"turns":1},{"damage":0,"enemies":"Small Slimes","floor":5,"turns":1},{"damage":17,"enemies":"Gremlin Nob","floor":7,"turns":5},{"damage":0,"enemies":"Looter","floor":8,"turns":3},{"damage":5,"enemies":"Gremlin Gang","floor":11,"turns":4},{"damage":20,"enemies":"3 Sentries","floor":14,"turns":6},{"damage":52,"enemies":"Slime Boss","floor":16,"turns":13},{"damage":22,"enemies":"3 Byrds","floor":18,"turns":6},{"damage":3,"enemies":"Chosen","floor":20,"turns":5},{"damage":18,"enemies":"Snecko","floor":22,"turns":5},{"damage":22,"enemies":"Snake Plant","floor":24,"turns":8},{"damage":44,"enemies":"3 Cultists","floor":28,"turns":4}],"seed_played":"2701673307739416284","potions_obtained":[{"floor":5,"key":"Weak Potion"},{"floor":7,"key":"Block Potion"},{"floor":11,"key":"Regen Potion"},{"floor":14,"key":"Ancient Potion"},{"floor":16,"key":"Swift Potion"},{"floor":20,"key":"Dexterity Potion"}],"is_trial":false,"path_per_floor":["M","?","M","?","M","R","E","M","T","R","M","$","R","?","R","B",null,"M","?","M","$","M","R","M","R","T","?","M"],"character_chosen":"DEFECT","items_purchased":["PrismaticShard","Redo","Leap","Buffer"],"campfire_rested":3,"item_purchase_floors":[12,12,12,21],"current_hp_per_floor":[64,43,43,43,43,43,26,26,26,26,21,21,21,16,37,10,56,34,28,25,25,14,35,20,41,41,34,0],"gold":128,"neow_bonus":"THREE_ENEMY_KILL","is_prod":false,"is_daily":false,"chose_seed":false,"campfire_upgraded":3,"win_rate":0,"timestamp":1558723291,"path_taken":["M","?","M","?","M","R","E","M","T","R","M","$","R","?","R","BOSS","M","?","M","$","M","R","M","R","T","?","M"],"build_version":"2019-01-23","purchased_purges":2,"victory":false,"max_hp_per_floor":[71,71,71,71,71,71,71,71,71,71,71,71,71,71,71,71,71,71,71,71,71,71,71,71,71,71,71,71],"card_choices":[{"not_picked":["Rebound","Melter"],"picked":"Glacier","floor":1},{"not_picked":["Go for the Eyes","Heatsinks"],"picked":"Auto Shields","floor":3},{"not_picked":["Redo","Loop"],"picked":"Sunder","floor":5},{"not_picked":["Darkness","Auto Shields"],"picked":"Go for the Eyes","floor":7},{"not_picked":["Undo","Heatsinks"],"picked":"Sweeping Beam","floor":8},{"not_picked":["Barrage","Streamline"],"picked":"Compile Driver","floor":11},{"not_picked":["Barrage","Sweeping Beam"],"picked":"PiercingWail","floor":14},{"not_picked":["Storm of Steel","Impervious"],"picked":"Hyperbeam","floor":16},{"not_picked":["Pommel Strike","Entrench"],"picked":"Outmaneuver","floor":18},{"not_picked":["Escape Plan","Dodge and Roll+1"],"picked":"Self Repair","floor":20},{"not_picked":["Sword Boomerang","Rebound"],"picked":"Backflip","floor":22},{"not_picked":["Venomology","Sentinel"],"picked":"Crippling Poison+1","floor":24}],"player_experience":1198168,"relics_obtained":[{"floor":7,"key":"Pantograph"},{"floor":9,"key":"Smiling Mask"},{"floor":14,"key":"Tiny Chest"},{"floor":26,"key":"Vajra"}],"event_choices":[{"damage_healed":0,"gold_gain":0,"player_choice":"Entered Light","damage_taken":21,"max_hp_gain":0,"max_hp_loss":0,"event_name":"Shining Light","floor":2,"gold_loss":0,"cards_upgraded":["Defend_B","Strike_B"]},{"damage_healed":0,"gold_gain":150,"player_choice":"AGREE","damage_taken":0,"max_hp_gain":0,"max_hp_loss":0,"event_name":"Liars Game","floor":4,"gold_loss":0,"cards_obtained":["Doubt"]},{"damage_healed":0,"gold_gain":30,"player_choice":"Searched \u00272\u0027 times","damage_taken":0,"max_hp_gain":0,"max_hp_loss":0,"event_name":"Dead Adventurer","floor":14,"gold_loss":0},{"damage_healed":0,"gold_gain":0,"player_choice":"Joined the Cult","damage_taken":6,"max_hp_gain":0,"max_hp_loss":0,"event_name":"Nest","floor":19,"gold_loss":0,"cards_obtained":["RitualDagger"]},{"damage_healed":0,"gold_gain":50,"player_choice":"Touch","damage_taken":7,"max_hp_gain":0,"max_hp_loss":0,"event_name":"FaceTrader","floor":27,"gold_loss":0}],"is_beta":false,"boss_relics":[{"not_picked":["Inserter","Black Star"],"picked":"Empty Cage"}],"items_purged_floors":[12,21],"is_endless":false,"potions_floor_spawned":[5,7,11,14,16,20],"killed_by":"3 Cultists","ascension_level":15}