{"gold_per_floor":[12,29,46,46,46,46,46,61,61,76,111,111,111,36,36,134,134,144,161,61,111,129,162,162,37,37,37,47,61,61,61,61,164,164,177,27,39,39,39,71,71,71,95,95,95,95,95,195,195,195],"floor_reached":51,"playtime":1322,"items_purged":["Strike_R","Defend_R","Strike_R","Strike_R"],"score":789,"play_id":"ad32c000-af3f-4a17-bf4e-327468e5bd9d","local_time":"20191007172938","is_ascension_mode":false,"campfire_choices":[{"data":"Uppercut","floor":6.0,"key":"SMITH"},{"data":"Rampage","floor":12.0,"key":"SMITH"},{"data":"Carnage","floor":15.0,"key":"SMITH"},{"data":"Rage","floor":24.0,"key":"SMITH"},{"data":"Bash","floor":27.0,"key":"SMITH"},{"data":"Defend_R","floor":30.0,"key":"SMITH"},{"data":"Defend_R","floor":32.0,"key":"SMITH"},{"floor":44.0,"key":"RECALL"}],"neow_cost":"NO_GOLD","seed_source_timestamp":4755242518765,"circlet_count":0,"master_deck":["Defend_R+1","Defend_R+1","Bash+1","Uppercut+1","Carnage+1","Rampage+1","Rage+1","Rage+1","Rage+1"],"special_seed":0,"relics":["Burning Blood","Potion Belt","Gremlin Horn","Coffee Dripper","Juzu Bracelet","Blue Candle","Fusion Hammer","Anchor","Happy Flower"],"potions_floor_usage":[],"damage_taken":[{"damage":1.0,"enemies":"Cultist","floor":1.0,"turns":3.0},{"damage":0.0,"enemies":"2 Louse","floor":2.0,"turns":2.0},{"damage":3.0,"enemies":"Jaw Worm","floor":3.0,"turns":3.0},{"damage":3.0,"enemies":"Exordium Wildlife","floor":8.0,"turns":4.0},{"damage":16.0,"enemies":"Lots of Slimes","floor":10.0,"turns":5.0},{"damage":43.0,"enemies":"3 Sentries","floor":11.0,"turns":11.0},{"damage":23.0,"enemies":"The Guardian","floor":16.0,"turns":9.0},{"damage":7.0,"enemies":"2 Thieves","floor":18.0,"turns":3.0},{"damage":7.0,"enemies":"Shell Parasite","floor":19.0,"turns":4.0},{"damage":23.0,"enemies":"Shelled Parasite and Fungi","floor":22.0,"turns":3.0},{"damage":25.0,"enemies":"Book of Stabbing","floor":23.0,"turns":4.0},{"damage":0.0,"enemies":"Sentry and Sphere","floor":28.0,"turns":3.0},{"damage":0.0,"enemies":"Centurion and Healer","floor":29.0,"turns":4.0},{"damage":0.0,"enemies":"Automaton","floor":33.0,"turns":9.0},{"damage":0.0,"enemies":"3 Darklings","floor":35.0,"turns":4.0},{"damage":0.0,"enemies":"Orb Walker","floor":37.0,"turns":2.0},{"damage":7.0,"enemies":"Nemesis","floor":40.0,"turns":6.0},{"damage":77,"enemies":"Time Eater","floor":50,"turns":13}],"seed_played":"5825636909306305493","potions_obtained":[{"floor":1.0,"key":"Swift Potion"},{"floor":3.0,"key":"BloodPotion"},{"floor":11.0,"key":"SkillPotion"},{"floor":16.0,"key":"LiquidBronze"},{"floor":18.0,"key":"PowerPotion"},{"floor":19.0,"key":"Weak Potion"},{"floor":22.0,"key":"Weak Potion"},{"floor":33.0,"key":"DuplicationPotion"}],"is_trial":false,"path_per_floor":["M","M","M","$","?","R","?","M","T","M","E","R","?","$","R","B",null,"M","M","$","?","M","E","R","$","T","R","M","M","R","?","R","B",null,"M","$","M","$","?","E","?","$","T","R","?","?","?","?","R","B",null],"character_chosen":"IRONCLAD","items_purchased":[],"campfire_rested":0,"item_purchase_floors":[],"current_hp_per_floor":[80,80,80,80,80,80,80,80,80,80,43,43,48,48,48,31,85,84,83,83,83,66,47,47,47,47,47,53,59,59,85,85,85,85,85,85,85,85,85,84,84,84,84,84,81,81,81,81,81,10],"gold":195,"neow_bonus":"REMOVE_TWO","is_prod":false,"is_daily":false,"chose_seed":false,"campfire_upgraded":7,"win_rate":0,"timestamp":1570490978,"path_taken":["M","M","?","$","?","R","?","?","T","M","E","R","?","?","R","BOSS","M","M","$","?","M","E","R","$","T","R","M","M","R","?","R","BOSS","M","$","M","$","?","E","?","$","T","R","?","?","?","?","R","BOSS"],"build_version":"2019-10-07","purchased_purges":4,"victory":true,"max_hp_per_floor":[80,80,80,80,80,80,80,80,80,80,80,80,85,85,85,85,85,85,85,85,85,85,85,85,85,85,85,85,85,85,85,85,85,85,85,85,85,85,85,85,85,85,85,85,81,81,81,81,81,81],"card_choices":[{"not_picked":["Reckless Charge","Armaments"],"picked":"Uppercut","floor":1.0},{"not_picked":["Clothesline","Headbutt","Body Slam"],"picked":"SKIP","floor":2.0},{"not_picked":["Perfected Strike","Blood for Blood","True Grit"],"picked":"SKIP","floor":3.0},{"not_picked":["Sever Soul","Armaments"],"picked":"Carnage","floor":8.0},{"not_picked":["Infernal Blade","Wild Strike"],"picked":"Rampage","floor":10.0},{"not_picked":["Heavy Blade","Ghostly Armor","Anger"],"picked":"SKIP","floor":11.0},{"not_picked":["Armaments","Havoc","Heavy Blade"],"picked":"SKIP","floor":18.0},{"not_picked":["Anger+1","Combust","Hemokinesis"],"picked":"SKIP","floor":19.0},{"not_picked":["Headbutt","Clothesline","Metallicize"],"picked":"SKIP","floor":22.0},{"not_picked":["Clothesline","Rage","Flex"],"picked":"SKIP","floor":23.0},{"not_picked":["Clothesline","Flex"],"picked":"Rage","floor":23.0},{"not_picked":["Battle Trance","Perfected Strike"],"picked":"Rage+1","floor":28.0},{"not_picked":["Berserk","Heavy Blade+1","Cleave"],"picked":"SKIP","floor":29.0},{"not_picked":["Warcry+1","Heavy Blade","Sword Boomerang"],"picked":"SKIP","floor":35.0},{"not_picked":["Sever Soul","Rampage","Offering"],"picked":"SKIP","floor":37.0},{"not_picked":["Inflame+1","Shrug It Off"],"picked":"Rage+1","floor":40.0}],"player_experience":1597829,"relics_obtained":[{"floor":9.0,"key":"Potion Belt"},{"floor":11.0,"key":"Gremlin Horn"},{"floor":23.0,"key":"Juzu Bracelet"},{"floor":26.0,"key":"Blue Candle"},{"floor":40.0,"key":"Anchor"},{"floor":43.0,"key":"Happy Flower"}],"event_choices":[{"damage_healed":0.0,"max_hp_gain":0.0,"max_hp_loss":0.0,"gold_gain":0.0,"event_name":"The Cleric","player_choice":"Leave","floor":5.0,"gold_loss":0.0,"damage_taken":0.0},{"cards_removed":["Strike_R"],"damage_healed":0.0,"max_hp_gain":0.0,"max_hp_loss":0.0,"gold_gain":0.0,"event_name":"Purifier","player_choice":"Purged","floor":7.0,"gold_loss":0.0,"damage_taken":0.0},{"damage_healed":0.0,"max_hp_gain":5.0,"max_hp_loss":0.0,"gold_gain":0.0,"event_name":"Big Fish","player_choice":"Donut","floor":13.0,"gold_loss":0.0,"damage_taken":0.0},{"damage_healed":0.0,"max_hp_gain":0.0,"max_hp_loss":0.0,"gold_gain":100.0,"event_name":"The Joust","player_choice":"Bet on Murderer","floor":21.0,"gold_loss":50.0,"damage_taken":0.0},{"damage_healed":28.0,"max_hp_gain":0.0,"max_hp_loss":0.0,"gold_gain":0.0,"event_name":"The Library","player_choice":"Heal","floor":31.0,"gold_loss":0.0,"damage_taken":0.0},{"damage_healed":0.0,"max_hp_gain":0.0,"max_hp_loss":0.0,"gold_gain":0.0,"event_name":"Tomb of Lord Red Mask","player_choice":"Ignored","floor":39.0,"gold_loss":0.0,"damage_taken":0.0},{"damage_healed":0.0,"max_hp_gain":0.0,"max_hp_loss":0.0,"gold_gain":0.0,"event_name":"SensoryStone","player_choice":"Memory 1","floor":41.0,"gold_loss":0.0,"damage_taken":0.0},{"damage_healed":0.0,"max_hp_gain":0.0,"max_hp_loss":4.0,"gold_gain":0.0,"event_name":"Winding Halls","player_choice":"Max HP","floor":45.0,"gold_loss":0.0,"damage_taken":0.0},{"damage_healed":0,"gold_gain":0,"player_choice":"0 cards matched","damage_taken":0,"max_hp_gain":0,"max_hp_loss":0,"event_name":"Match and Keep!","floor":46,"gold_loss":0,"cards_obtained":[]},{"damage_healed":0,"gold_gain":0,"player_choice":"Ignored","damage_taken":0,"max_hp_gain":0,"max_hp_loss":0,"event_name":"Mysterious Sphere","floor":47,"gold_loss":0},{"damage_healed":0,"gold_gain":100,"player_choice":"Pray","damage_taken":0,"max_hp_gain":0,"max_hp_loss":0,"event_name":"Golden Shrine","floor":48,"gold_loss":0}],"is_beta":true,"boss_relics":[{"not_picked":["Black Star","Black Blood"],"picked":"Coffee Dripper"},{"not_picked":["Tiny House","Cursed Key"],"picked":"Fusion Hammer"}],"items_purged_floors":[14,20,25,36],"is_endless":false,"potions_floor_spawned":[1,3,11,16,18,19,22,33],"ascension_level":0}