{"gold_per_floor":[117,117,135,25,38,38,69,69,69,102,2,2,15,45,45,147,147,159,34,46,46,46,46,58,58,108,108,119,119,137,166,166,267,267,287,304,4,20,34,34,34,52,52,52],"floor_reached":44,"playtime":2241,"items_purged":["Strike_R","Strike_R","Strike_R"],"score":757,"play_id":"613059d5-2668-42fa-9700-ab34a495fbac","local_time":"20190221082140","is_ascension_mode":true,"campfire_choices":[{"data":"Bash","floor":6,"key":"SMITH"},{"data":"Armaments","floor":12,"key":"SMITH"},{"floor":15,"key":"REST"},{"data":"Limit Break","floor":23,"key":"SMITH"},{"data":"Battle Trance","floor":25,"key":"SMITH"},{"data":"Inflame","floor":27,"key":"SMITH"},{"data":"Shockwave","floor":29,"key":"SMITH"},{"data":"Heavy Blade","floor":32,"key":"SMITH"},{"data":"Limit Break","floor":40,"key":"SMITH"}],"neow_cost":"NONE","seed_source_timestamp":101519261306400,"circlet_count":0,"master_deck":["AscendersBane","Bash+1","Armaments+1","Shrug It Off","Inflame+1","Flame Barrier+1","Pommel Strike","Iron Wave","Infernal Blade","Limit Break+1","Shrug It Off+1","Battle Trance+1","Anger+1","Shockwave+1","Heavy Blade+1","Cleave+1","Limit Break+1","Sever Soul","Body Slam","Sever Soul","Berserk","Spot Weakness","Body Slam+1","Bloodletting+1","Infernal Blade+1","Heavy Blade+1","Havoc+1"],"relics":["Burning Blood","NeowsBlessing","Bottled Lightning","War Paint","Dodecahedron","Ice Cream","Coffee Dripper","Dream Catcher","Blood Vial","Bag of Preparation","Pandora\u0027s Box","Letter Opener","Sundial"],"potions_floor_usage":[7,7,8,10,16,28,31,33,36,38,42,42],"damage_taken":[{"damage":0,"enemies":"Small Slimes","floor":1,"turns":1},{"damage":0,"enemies":"Cultist","floor":3,"turns":1},{"damage":0,"enemies":"Jaw Worm","floor":5,"turns":1},{"damage":23,"enemies":"Lagavulin","floor":7,"turns":9},{"damage":23,"enemies":"3 Sentries","floor":10,"turns":10},{"damage":0,"enemies":"2 Fungi Beasts","floor":13,"turns":4},{"damage":26,"enemies":"Gremlin Nob","floor":14,"turns":5},{"damage":38,"enemies":"The Guardian","floor":16,"turns":13},{"damage":9,"enemies":"Shell Parasite","floor":18,"turns":5},{"damage":0,"enemies":"3 Byrds","floor":20,"turns":3},{"damage":3,"enemies":"Shelled Parasite and Fungi","floor":24,"turns":7},{"damage":24,"enemies":"Snecko","floor":28,"turns":6},{"damage":3,"enemies":"Centurion and Healer","floor":30,"turns":5},{"damage":22,"enemies":"Book of Stabbing","floor":31,"turns":5},{"damage":51,"enemies":"Automaton","floor":33,"turns":8},{"damage":0,"enemies":"Orb Walker","floor":35,"turns":3},{"damage":16,"enemies":"3 Darklings","floor":36,"turns":4},{"damage":37,"enemies":"Spire Growth","floor":38,"turns":4},{"damage":33,"enemies":"Sphere and 2 Shapes","floor":39,"turns":5},{"damage":9,"enemies":"3 Darklings","floor":42,"turns":3},{"damage":22,"enemies":"Writhing Mass","floor":44,"turns":1}],"seed_played":"4203733929778316144","potions_obtained":[{"floor":1,"key":"SkillPotion"},{"floor":3,"key":"Weak Potion"},{"floor":7,"key":"Weak Potion"},{"floor":8,"key":"Fruit Juice"},{"floor":8,"key":"PowerPotion"},{"floor":8,"key":"BloodPotion"},{"floor":14,"key":"FearPotion"},{"floor":20,"key":"FearPotion"},{"floor":31,"key":"Energy Potion"},{"floor":33,"key":"AttackPotion"},{"floor":36,"key":"SkillPotion"},{"floor":39,"key":"Explosive Potion"},{"floor":42,"key":"Dexterity Potion"}],"is_trial":false,"path_per_floor":["M","?","M","$","M","R","E","?","T","E","$","R","M","E","R","B",null,"M","$","M","?","?","R","M","R","T","R","M","R","M","E","R","B",null,"M","M","$","M","M","R","?","M","T","M"],"character_chosen":"IRONCLAD","items_purchased":["Inflame","Letter Opener","Energy Potion"],"campfire_rested":1,"item_purchase_floors":[4,37,37],"current_hp_per_floor":[78,78,80,80,80,80,63,68,68,51,51,51,57,37,62,38,73,70,70,76,76,76,76,79,79,79,79,63,63,68,54,54,11,67,75,67,67,38,13,13,13,12,12,0],"gold":52,"neow_bonus":"THREE_ENEMY_KILL","is_prod":false,"is_daily":false,"chose_seed":false,"campfire_upgraded":8,"win_rate":0,"timestamp":1550733700,"path_taken":["M","?","?","$","M","R","E","?","T","E","?","R","M","E","R","BOSS","M","$","M","?","?","R","M","R","T","R","M","R","?","E","R","BOSS","M","M","$","M","M","R","?","?","T","M"],"build_version":"2019-01-23","purchased_purges":3,"victory":false,"max_hp_per_floor":[80,80,80,80,80,80,80,85,85,85,85,85,85,85,85,85,85,85,85,85,85,85,85,85,85,85,85,85,85,85,85,85,85,85,85,85,85,85,85,85,85,85,85,85],"card_choices":[{"not_picked":["Evolve","Sentinel"],"picked":"Armaments","floor":1},{"not_picked":["Pommel Strike","Rage"],"picked":"Shrug It Off","floor":3},{"not_picked":["Twin Strike","Cleave"],"picked":"Flame Barrier","floor":5},{"not_picked":["Disarm","True Grit"],"picked":"Pommel Strike","floor":7},{"not_picked":["Havoc","Wild Strike","Pommel Strike"],"picked":"SKIP","floor":10},{"not_picked":["Pommel Strike","Armaments"],"picked":"Iron Wave","floor":13},{"not_picked":["Clash","Reaper"],"picked":"Infernal Blade","floor":14},{"not_picked":["Barricade","Fiend Fire"],"picked":"Limit Break","floor":16},{"not_picked":["Body Slam","Pommel Strike"],"picked":"Shrug It Off+1","floor":18},{"not_picked":["Rupture","Cleave"],"picked":"Battle Trance","floor":20},{"not_picked":["Feel No Pain","Corruption"],"picked":"Anger+1","floor":24},{"not_picked":["Uppercut","Dual Wield"],"picked":"Shockwave","floor":28},{"not_picked":["Carnage","Cleave"],"picked":"Heavy Blade","floor":30},{"not_picked":["Disarm","Heavy Blade"],"picked":"Cleave+1","floor":31},{"not_picked":["Impervious","Dark Embrace"],"picked":"Limit Break","floor":33},{"not_picked":["Uppercut","Sword Boomerang"],"picked":"Body Slam+1","floor":35},{"not_picked":["Dual Wield","Metallicize"],"picked":"Bloodletting+1","floor":36},{"not_picked":["Shrug It Off","Bloodletting","Havoc"],"picked":"SKIP","floor":38},{"not_picked":["Cleave","Perfected Strike"],"picked":"Infernal Blade+1","floor":39},{"not_picked":["Impervious","Bloodletting"],"picked":"Havoc+1","floor":42}],"player_experience":829580,"relics_obtained":[{"floor":7,"key":"Bottled Lightning"},{"floor":9,"key":"War Paint"},{"floor":10,"key":"Dodecahedron"},{"floor":14,"key":"Ice Cream"},{"floor":26,"key":"Blood Vial"},{"floor":31,"key":"Bag of Preparation"},{"floor":43,"key":"Sundial"}],"event_choices":[{"cards_removed":["Strike_R"],"damage_healed":0,"gold_gain":0,"player_choice":"Purged","damage_taken":0,"max_hp_gain":0,"max_hp_loss":0,"event_name":"Purifier","floor":2,"gold_loss":0},{"damage_healed":0,"gold_gain":0,"player_choice":"Got Potions","damage_taken":0,"max_hp_gain":0,"max_hp_loss":0,"event_name":"Lab","floor":8,"gold_loss":0},{"damage_healed":0,"gold_gain":0,"player_choice":"Stole Relic","damage_taken":0,"relics_obtained":["Dream Catcher"],"max_hp_gain":0,"max_hp_loss":0,"event_name":"Addict","floor":21,"gold_loss":0,"cards_obtained":["Shame"]},{"cards_removed":["Shame"],"damage_healed":0,"gold_gain":0,"player_choice":"Purged","damage_taken":0,"max_hp_gain":0,"max_hp_loss":0,"event_name":"Purifier","floor":22,"gold_loss":0},{"damage_healed":0,"gold_gain":0,"player_choice":"Copied","damage_taken":0,"max_hp_gain":0,"max_hp_loss":0,"event_name":"Duplicator","floor":41,"gold_loss":0,"cards_obtained":["Heavy Blade"]}],"is_beta":false,"boss_relics":[{"not_picked":["Runic Pyramid","Black Blood"],"picked":"Coffee Dripper"},{"not_picked":["Tiny House","Philosopher\u0027s Stone"],"picked":"Pandora\u0027s Box"}],"items_purged_floors":[4,11,19],"is_endless":false,"potions_floor_spawned":[1,3,7,14,20,24,31,33,36,39,42],"killed_by":"Writhing Mass","ascension_level":12}