{"gold_per_floor":[111,91,91,16,26,26,26,26,26,26,41,41,66,79,79,79],"floor_reached":16,"playtime":406,"items_purged":[],"score":211,"play_id":"21cfac39-8dfe-40e5-8414-75023f7a0f62","local_time":"20181022211755","is_ascension_mode":true,"campfire_choices":[{"data":"True Grit","floor":6.0,"key":"SMITH"},{"data":"Bash","floor":8.0,"key":"SMITH"},{"data":"Body Slam","floor":10.0,"key":"SMITH"},{"data":"Iron Wave","floor":12.0,"key":"SMITH"},{"data":"Iron Wave","floor":15.0,"key":"SMITH"}],"neow_cost":"PERCENT_DAMAGE","seed_source_timestamp":614549331470327,"circlet_count":0,"master_deck":["Strike_R","Strike_R","Strike_R","Strike_R","Strike_R","Defend_R","Defend_R","Defend_R","Defend_R","Bash+1","AscendersBane","Body Slam+1","True Grit+1","Iron Wave+1","Clothesline","Iron Wave+1"],"special_seed":0,"relics":["Burning Blood","Smiling Mask","Meat on the Bone","Blue Candle"],"potions_floor_usage":[16],"damage_taken":[{"damage":6.0,"enemies":"Small Slimes","floor":1.0,"turns":4.0},{"damage":6.0,"enemies":"Cultist","floor":5.0,"turns":3.0},{"damage":0.0,"enemies":"Lagavulin","floor":7.0,"turns":1.0},{"damage":19.0,"enemies":"Jaw Worm","floor":11.0,"turns":4.0},{"damage":59.0,"enemies":"3 Sentries","floor":13.0,"turns":17.0},{"damage":2.0,"enemies":"Blue Slaver","floor":14.0,"turns":4.0},{"damage":61,"enemies":"Slime Boss","floor":16,"turns":10}],"seed_played":"-6682421150498810938","potions_obtained":[{"floor":1.0,"key":"BloodPotion"},{"floor":2.0,"key":"SmokeBomb"},{"floor":13.0,"key":"BloodPotion"}],"is_trial":false,"path_per_floor":["M","?","?","?","M","R","E","R","T","R","M","R","E","M","R"],"character_chosen":"IRONCLAD","items_purchased":[],"campfire_rested":0,"item_purchase_floors":[],"current_hp_per_floor":[64,64,64,64,64,64,70,70,70,70,57,57,24,40,40,0],"gold":79,"neow_bonus":"TWENTY_PERCENT_HP_BONUS","is_prod":false,"is_daily":false,"chose_seed":false,"campfire_upgraded":5,"win_rate":0,"timestamp":1540235875,"path_taken":["M","?","?","?","?","R","E","R","T","R","M","R","E","M","R","BOSS"],"build_version":"2018-10-18","purchased_purges":0,"victory":false,"max_hp_per_floor":[89,89,89,89,89,89,89,89,89,89,89,89,89,89,89,89],"card_choices":[{"not_picked":["Burning Pact","Sever Soul"],"picked":"Body Slam","floor":1.0},{"not_picked":["Anger","Flex"],"picked":"True Grit","floor":5.0},{"not_picked":["Pummel","Warcry"],"picked":"Iron Wave","floor":11.0},{"not_picked":["Flame Barrier","Shockwave"],"picked":"Clothesline","floor":13.0},{"not_picked":["Body Slam","Rupture"],"picked":"Iron Wave","floor":14.0}],"player_experience":454591,"relics_obtained":[{"floor":9.0,"key":"Meat on the Bone"},{"floor":13.0,"key":"Blue Candle"}],"event_choices":[{"damage_healed":0.0,"max_hp_gain":0.0,"max_hp_loss":0.0,"gold_gain":0.0,"event_name":"The Woman in Blue","player_choice":"Bought 1 Potion","floor":2.0,"gold_loss":0.0,"damage_taken":0.0},{"damage_healed":0.0,"max_hp_gain":0.0,"max_hp_loss":0.0,"gold_gain":0.0,"event_name":"Big Fish","player_choice":"Box","floor":3.0,"gold_loss":0.0,"damage_taken":0.0,"relics_obtained":["Smiling Mask"],"cards_obtained":["Regret"]},{"cards_removed":["Regret"],"damage_healed":0.0,"max_hp_gain":0.0,"max_hp_loss":0.0,"gold_gain":0.0,"event_name":"The Cleric","player_choice":"Card Removal","floor":4.0,"gold_loss":75.0,"damage_taken":0.0}],"is_beta":false,"boss_relics":[],"items_purged_floors":[],"is_endless":false,"potions_floor_spawned":[1,13],"killed_by":"Slime Boss","ascension_level":19}