{"gold_per_floor":[115,115,115,126,51,51,127,159,208,228,254,266,266,283,283,362,362,375,391,391,406,406,406],"floor_reached":23,"playtime":642,"items_purged":["Strike_R"],"score":441,"play_id":"73026bfe-4f04-4cee-a3bd-11a994739d9a","local_time":"20190825141354","is_ascension_mode":true,"campfire_choices":[{"data":"True Grit","floor":6.0,"key":"SMITH"},{"data":"Juggernaut","floor":15,"key":"SMITH"}],"neow_cost":"NONE","seed_source_timestamp":983401423432600,"circlet_count":0,"master_deck":["AscendersBane","Strike_R+1","Strike_R+1","Defend_R+1","Defend_R","Defend_R","Defend_R","Bash+1","Headbutt+1","True Grit+1","Juggernaut+1","Anger","Anger","True Grit","Shrug It Off","Offering","Body Slam","Shrug It Off+1","RitualDagger","Shockwave"],"special_seed":0,"relics":["Burning Blood","NeowsBlessing","Matryoshka","Bottled Lightning","Centennial Puzzle","Whetstone","Ancient Tea Set","Empty Cage","CultistMask"],"potions_floor_usage":[11,19,23],"damage_taken":[{"damage":0.0,"enemies":"Jaw Worm","floor":1.0,"turns":1.0},{"damage":0.0,"enemies":"2 Louse","floor":4.0,"turns":1.0},{"damage":0.0,"enemies":"Lagavulin","floor":8.0,"turns":1.0},{"damage":0,"enemies":"Cultist","floor":10,"turns":3},{"damage":8,"enemies":"Gremlin Nob","floor":11,"turns":3},{"damage":4,"enemies":"Blue Slaver","floor":12,"turns":2},{"damage":8,"enemies":"2 Fungi Beasts","floor":14,"turns":4},{"damage":56,"enemies":"The Guardian","floor":16,"turns":11},{"damage":11,"enemies":"Spheric Guardian","floor":18,"turns":4},{"damage":23,"enemies":"2 Thieves","floor":19,"turns":3},{"damage":37,"enemies":"Snake Plant","floor":21,"turns":4},{"damage":9,"enemies":"Book of Stabbing","floor":23,"turns":3}],"seed_played":"-845427089727054234","potions_obtained":[{"floor":1.0,"key":"SneckoOil"},{"floor":4.0,"key":"SmokeBomb"},{"floor":8,"key":"FearPotion"},{"floor":11,"key":"LiquidBronze"},{"floor":16,"key":"GamblersBrew"}],"is_trial":false,"path_per_floor":["M","?","?","M","$","R","T","E","T","M","E","M","?","M","R","B",null,"M","M","?","M","?","E"],"character_chosen":"IRONCLAD","items_purchased":[],"campfire_rested":0,"item_purchase_floors":[],"current_hp_per_floor":[74,74,51,57,57,57,57,63,63,69,67,69,74,72,72,22,66,61,44,38,7,7,0],"gold":406,"neow_bonus":"THREE_ENEMY_KILL","is_prod":false,"is_daily":false,"chose_seed":false,"campfire_upgraded":2,"win_rate":0,"timestamp":1566735234,"path_taken":["M","?","?","M","$","R","?","E","T","M","E","?","?","M","R","BOSS","M","M","?","M","?","E"],"build_version":"2019-07-17","purchased_purges":1,"victory":false,"max_hp_per_floor":[75,75,75,75,75,75,75,75,75,75,75,75,80,80,80,80,80,80,80,80,80,80,80],"card_choices":[{"not_picked":["Disarm","Perfected Strike"],"picked":"Headbutt","floor":1.0},{"not_picked":["Heavy Blade","Havoc"],"picked":"True Grit","floor":4.0},{"not_picked":["Sever Soul","Perfected Strike"],"picked":"Juggernaut","floor":8},{"not_picked":["Twin Strike","Clash"],"picked":"Anger","floor":10},{"not_picked":["Cleave","Clash"],"picked":"Anger","floor":11},{"not_picked":["Clash","Sword Boomerang"],"picked":"True Grit","floor":12},{"not_picked":["Heavy Blade","True Grit"],"picked":"Shrug It Off","floor":14},{"not_picked":["Reaper","Dark Embrace"],"picked":"Offering","floor":16},{"not_picked":["Ghostly Armor","Shrug It Off"],"picked":"Body Slam","floor":18},{"not_picked":["Body Slam","Havoc"],"picked":"Shrug It Off+1","floor":19},{"not_picked":["Anger","Iron Wave"],"picked":"Shockwave","floor":21}],"player_experience":1965548,"relics_obtained":[{"floor":7.0,"key":"Matryoshka"},{"floor":8,"key":"Bottled Lightning"},{"floor":9,"key":"Centennial Puzzle"},{"floor":9,"key":"Whetstone"},{"floor":11,"key":"Ancient Tea Set"}],"event_choices":[{"damage_healed":0.0,"max_hp_gain":0.0,"max_hp_loss":0.0,"gold_gain":0.0,"event_name":"Living Wall","player_choice":"Grow","floor":2.0,"gold_loss":0.0,"damage_taken":0.0,"cards_upgraded":["Bash"]},{"damage_healed":0.0,"max_hp_gain":0.0,"max_hp_loss":0.0,"gold_gain":0.0,"event_name":"Shining Light","player_choice":"Entered Light","floor":3.0,"gold_loss":0.0,"damage_taken":23.0,"cards_upgraded":["Strike_R","Defend_R"]},{"damage_healed":0,"gold_gain":0,"player_choice":"Donut","damage_taken":0,"max_hp_gain":5,"max_hp_loss":0,"event_name":"Big Fish","floor":13,"gold_loss":0},{"damage_healed":0,"gold_gain":0,"player_choice":"Joined the Cult","damage_taken":6,"max_hp_gain":0,"max_hp_loss":0,"event_name":"Nest","floor":20,"gold_loss":0,"cards_obtained":["RitualDagger"]},{"damage_healed":0,"gold_gain":0,"player_choice":"Trade","damage_taken":0,"relics_obtained":["CultistMask"],"max_hp_gain":0,"max_hp_loss":0,"event_name":"FaceTrader","floor":22,"gold_loss":0}],"is_beta":false,"boss_relics":[{"not_picked":["Black Blood","Philosopher\u0027s Stone"],"picked":"Empty Cage"}],"items_purged_floors":[5],"is_endless":false,"potions_floor_spawned":[1,4,8,11,16],"killed_by":"Book of Stabbing","ascension_level":19}