{"gold_per_floor":[116,116,136,136,152,152,182,182,228,228,241,241,259,284,284,284],"floor_reached":16,"playtime":501,"items_purged":[],"score":209,"play_id":"dac25e9c-bf09-4586-9de9-480bfb1d8c25","local_time":"20190814215225","is_ascension_mode":true,"campfire_choices":[{"data":"Bash","floor":6,"key":"SMITH"},{"floor":10,"key":"REST"},{"data":"Inflame","floor":12,"key":"SMITH"},{"floor":15,"key":"REST"}],"neow_cost":"NONE","seed_source_timestamp":60642127975200,"circlet_count":0,"master_deck":["AscendersBane","Strike_R","Strike_R","Strike_R","Strike_R","Strike_R","Defend_R","Defend_R","Defend_R","Defend_R","Bash+1","Metallicize","Body Slam","Second Wind","Inflame+1","Dual Wield","Armaments","Headbutt"],"relics":["Burning Blood","NeowsBlessing","Peace Pipe","Paper Frog","Potion Belt","Bottled Tornado"],"potions_floor_usage":[7,13,16],"damage_taken":[{"damage":0,"enemies":"Cultist","floor":1,"turns":1},{"damage":0,"enemies":"Small Slimes","floor":3,"turns":1},{"damage":0,"enemies":"Jaw Worm","floor":5,"turns":1},{"damage":62,"enemies":"3 Sentries","floor":7,"turns":15},{"damage":10,"enemies":"Blue Slaver","floor":11,"turns":5},{"damage":44,"enemies":"Lots of Slimes","floor":13,"turns":6},{"damage":9,"enemies":"Lagavulin","floor":14,"turns":7},{"damage":50,"enemies":"The Guardian","floor":16,"turns":11}],"seed_played":"6887388119670946499","potions_obtained":[{"floor":1,"key":"Dexterity Potion"},{"floor":7,"key":"BloodPotion"},{"floor":14,"key":"Fire Potion"}],"is_trial":false,"path_per_floor":["M","$","M","?","M","R","E","T","T","R","M","R","M","E","R","B"],"character_chosen":"IRONCLAD","items_purchased":[],"campfire_rested":2,"item_purchase_floors":[],"current_hp_per_floor":[74,74,75,80,80,80,24,24,24,48,44,44,26,23,47,0],"gold":284,"neow_bonus":"THREE_ENEMY_KILL","is_prod":false,"is_daily":false,"chose_seed":false,"campfire_upgraded":2,"win_rate":0,"timestamp":1565812345,"path_taken":["M","$","?","?","M","R","E","?","T","R","M","R","M","E","R","BOSS"],"build_version":"2019-07-17","purchased_purges":0,"victory":false,"max_hp_per_floor":[75,75,75,80,80,80,80,80,80,80,80,80,80,80,80,80],"card_choices":[{"not_picked":["Seeing Red","Twin Strike"],"picked":"Metallicize","floor":1},{"not_picked":["Disarm","Seeing Red"],"picked":"Body Slam","floor":3},{"not_picked":["Power Through","Sword Boomerang"],"picked":"Second Wind","floor":5},{"not_picked":["Clash","Armaments"],"picked":"Inflame","floor":7},{"not_picked":["Sentinel","Wild Strike"],"picked":"Dual Wield","floor":11},{"not_picked":["Havoc","Perfected Strike"],"picked":"Armaments","floor":13},{"not_picked":["Flex","Clothesline"],"picked":"Headbutt","floor":14}],"player_experience":1899868,"relics_obtained":[{"floor":7,"key":"Peace Pipe"},{"floor":8,"key":"Paper Frog"},{"floor":9,"key":"Potion Belt"},{"floor":14,"key":"Bottled Tornado"}],"event_choices":[{"damage_healed":0,"gold_gain":0,"player_choice":"Donut","damage_taken":0,"max_hp_gain":5,"max_hp_loss":0,"event_name":"Big Fish","floor":4,"gold_loss":0}],"is_beta":false,"boss_relics":[],"items_purged_floors":[],"is_endless":false,"potions_floor_spawned":[1,7,14],"killed_by":"The Guardian","ascension_level":18}