{"gold_per_floor":[119,119,17,28,28,53,53,80,80,91,91,120,130,130,130,201,201,181,192,21,21,21,21],"floor_reached":23,"playtime":696,"items_purged":["Strike_R","Defend_R"],"score":494,"play_id":"1e078b93-3b13-4272-b3f2-17a285239ce3","local_time":"20190424003148","is_ascension_mode":true,"campfire_choices":[{"data":"True Grit","floor":7,"key":"SMITH"},{"data":"Offering","floor":11,"key":"SMITH"},{"data":"Fiend Fire","floor":15,"key":"SMITH"}],"neow_cost":"NONE","seed_source_timestamp":94375385671900,"circlet_count":0,"master_deck":["AscendersBane","Defend_R","Defend_R","Defend_R","Bash","Clothesline","True Grit+1","Infernal Blade","Offering+1","Fiend Fire+1","Anger+1","Rampage+1","Rupture","Sword Boomerang+1","Limit Break","Anger+1","Thunderclap+1","Whirlwind+1","Shame"],"relics":["Burning Blood","NeowsBlessing","Blue Candle","Darkstone Periapt","Molten Egg 2","Bag of Preparation","Empty Cage","Nilry\u0027s Codex","Red Skull"],"potions_floor_usage":[19,23,23],"damage_taken":[{"damage":0,"enemies":"Jaw Worm","floor":1,"turns":1},{"damage":0,"enemies":"Cultist","floor":4,"turns":1},{"damage":0,"enemies":"3 Sentries","floor":6,"turns":2},{"damage":14,"enemies":"Gremlin Nob","floor":8,"turns":4},{"damage":6,"enemies":"Small Slimes","floor":10,"turns":3},{"damage":7,"enemies":"3 Sentries","floor":12,"turns":4},{"damage":14,"enemies":"Gremlin Gang","floor":13,"turns":5},{"damage":6,"enemies":"Slime Boss","floor":16,"turns":5},{"damage":36,"enemies":"2 Thieves","floor":18,"turns":4},{"damage":13,"enemies":"Spheric Guardian","floor":19,"turns":4},{"damage":20,"enemies":"Slavers","floor":23,"turns":1}],"seed_played":"-8635389429492254362","potions_obtained":[{"floor":4,"key":"Block Potion"},{"floor":6,"key":"EssenceOfSteel"},{"floor":16,"key":"Strength Potion"},{"floor":19,"key":"LiquidBronze"}],"is_trial":false,"path_per_floor":["M","?","$","M","?","E","R","E","T","M","R","E","M","?","R","B",null,"M","M","$","?","?","E"],"character_chosen":"IRONCLAD","items_purchased":["True Grit","Whirlwind+1"],"campfire_rested":0,"item_purchase_floors":[3,20],"current_hp_per_floor":[74,75,75,75,75,75,75,67,67,67,67,66,58,58,58,58,71,41,34,34,13,19,0],"gold":21,"neow_bonus":"THREE_ENEMY_KILL","is_prod":false,"is_daily":false,"chose_seed":false,"campfire_upgraded":3,"win_rate":0,"timestamp":1556058708,"path_taken":["M","?","$","?","?","E","R","E","T","?","R","E","M","?","R","BOSS","M","?","?","?","?","E"],"build_version":"2019-01-23","purchased_purges":2,"victory":false,"max_hp_per_floor":[75,75,75,75,75,75,75,75,75,75,75,75,75,75,75,75,75,75,75,75,75,81,81],"card_choices":[{"not_picked":["Flex","Dual Wield"],"picked":"Clothesline","floor":1},{"not_picked":["Burning Pact","Combust"],"picked":"Infernal Blade","floor":4},{"not_picked":["Corruption","Hemokinesis"],"picked":"Offering","floor":6},{"not_picked":["Searing Blow","Burning Pact"],"picked":"Fiend Fire","floor":8},{"not_picked":["Entrench","Warcry"],"picked":"Anger+1","floor":10},{"not_picked":["Havoc","Clothesline+1"],"picked":"Rampage+1","floor":12},{"not_picked":["Hemokinesis+1","Wild Strike+1"],"picked":"Rupture","floor":13},{"not_picked":["Double Tap","Dark Embrace"],"picked":"Limit Break","floor":16},{"not_picked":["Twin Strike+1","Havoc"],"picked":"Anger+1","floor":18},{"not_picked":["Warcry","True Grit"],"picked":"Thunderclap+1","floor":19}],"player_experience":1058446,"relics_obtained":[{"floor":6,"key":"Blue Candle"},{"floor":8,"key":"Darkstone Periapt"},{"floor":9,"key":"Molten Egg 2"},{"floor":12,"key":"Bag of Preparation"},{"floor":21,"key":"Nilry\u0027s Codex"}],"event_choices":[{"damage_healed":1,"gold_gain":0,"player_choice":"Full Heal","damage_taken":0,"max_hp_gain":0,"max_hp_loss":0,"event_name":"Wheel of Change","floor":2,"gold_loss":0},{"cards_removed":["Strike_R"],"damage_healed":0,"gold_gain":0,"player_choice":"Purged","damage_taken":0,"max_hp_gain":0,"max_hp_loss":0,"event_name":"Purifier","floor":5,"gold_loss":0},{"damage_healed":0,"gold_gain":0,"cards_transformed":["Strike_R"],"player_choice":"Transformed","damage_taken":0,"max_hp_gain":0,"max_hp_loss":0,"event_name":"Transmorgrifier","floor":14,"gold_loss":0,"cards_obtained":["Sword Boomerang"]},{"damage_healed":0,"gold_gain":0,"player_choice":"Obtained Book","damage_taken":21,"max_hp_gain":0,"max_hp_loss":0,"event_name":"Cursed Tome","floor":21,"gold_loss":0},{"damage_healed":0,"gold_gain":0,"player_choice":"Stole Relic","damage_taken":0,"relics_obtained":["Red Skull"],"max_hp_gain":0,"max_hp_loss":0,"event_name":"Addict","floor":22,"gold_loss":0,"cards_obtained":["Shame"]}],"is_beta":false,"boss_relics":[{"not_picked":["White Beast Statue","Sozu"],"picked":"Empty Cage"}],"items_purged_floors":[3,20],"is_endless":false,"potions_floor_spawned":[4,6,12,13,16,19],"killed_by":"Slavers","ascension_level":15}