{"gold_per_floor":[118,118,141,66,66,66,89,89,89,110,110,128,12,87,87,87],"floor_reached":16,"playtime":471,"items_purged":["Strike_B"],"score":167,"play_id":"23a2d693-91c7-45a3-992e-d9ff03069fcf","local_time":"20190720155756","is_ascension_mode":true,"campfire_choices":[{"data":"Zap","floor":6.0,"key":"SMITH"},{"data":"Fission","floor":8.0,"key":"SMITH"},{"data":"Rainbow","floor":11,"key":"SMITH"},{"data":"Defragment","floor":15,"key":"SMITH"}],"neow_cost":"PERCENT_DAMAGE","seed_source_timestamp":674216509300300,"circlet_count":0,"master_deck":["AscendersBane","Strike_B","Strike_B","Strike_B","Defend_B","Defend_B","Defend_B","Defend_B","Zap+1","Dualcast","Fission+1","Genetic Algorithm","BootSequence","Rainbow+1","Conserve Battery","Coolheaded","Defragment+1"],"special_seed":0,"relics":["Cracked Core","Golden Idol","Blue Candle"],"potions_floor_usage":[],"damage_taken":[{"damage":5.0,"enemies":"Small Slimes","floor":1.0,"turns":3.0},{"damage":2.0,"enemies":"Jaw Worm","floor":3.0,"turns":3.0},{"damage":2.0,"enemies":"2 Louse","floor":7.0,"turns":4.0},{"damage":9.0,"enemies":"2 Fungi Beasts","floor":10.0,"turns":4.0},{"damage":3,"enemies":"Gremlin Gang","floor":12,"turns":5},{"damage":14,"enemies":"Hexaghost","floor":16,"turns":12}],"seed_played":"-8024095928136839774","potions_obtained":[{"floor":1.0,"key":"AttackPotion"}],"is_trial":false,"path_per_floor":["M","?","M","?","$","R","M","R","T","M","R","M","$","?","R","B"],"character_chosen":"DEFECT","items_purchased":["Defragment"],"campfire_rested":0,"item_purchase_floors":[13],"current_hp_per_floor":[41,41,39,39,39,39,37,37,37,28,28,25,25,14,14,0],"gold":87,"neow_bonus":"THREE_RARE_CARDS","is_prod":false,"is_daily":false,"chose_seed":false,"campfire_upgraded":4,"win_rate":0,"timestamp":1563631076,"path_taken":["M","?","M","?","$","R","M","R","T","M","R","M","$","?","R","BOSS"],"build_version":"2019-07-17","purchased_purges":1,"victory":false,"max_hp_per_floor":[71,71,71,71,71,71,71,71,71,71,71,71,71,71,71,71],"card_choices":[{"not_picked":["Meteor Strike","Hyperbeam"],"picked":"Fission","floor":0.0},{"not_picked":["Blizzard","Gash"],"picked":"Genetic Algorithm","floor":1.0},{"not_picked":["Turbo","Steam"],"picked":"BootSequence","floor":3.0},{"not_picked":["Go for the Eyes","Storm"],"picked":"Rainbow","floor":7.0},{"not_picked":["Barrage","Redo"],"picked":"Conserve Battery","floor":10},{"not_picked":["Beam Cell","Sweeping Beam"],"picked":"Coolheaded","floor":12}],"player_experience":1708460,"relics_obtained":[{"floor":9.0,"key":"Blue Candle"}],"event_choices":[{"damage_healed":0.0,"max_hp_gain":0.0,"max_hp_loss":0.0,"gold_gain":0.0,"event_name":"Golden Idol","player_choice":"Take Wound","floor":2.0,"gold_loss":0.0,"damage_taken":0.0,"relics_obtained":["Golden Idol"],"cards_obtained":["Injury"]},{"cards_removed":["Injury"],"damage_healed":0.0,"max_hp_gain":0.0,"max_hp_loss":0.0,"gold_gain":0.0,"event_name":"The Cleric","player_choice":"Card Removal","floor":4.0,"gold_loss":75.0,"damage_taken":0.0},{"damage_healed":0,"gold_gain":75,"player_choice":"Gather Gold","damage_taken":11,"max_hp_gain":0,"max_hp_loss":0,"event_name":"World of Goop","floor":14,"gold_loss":0}],"is_beta":false,"boss_relics":[],"items_purged_floors":[13],"is_endless":false,"potions_floor_spawned":[1],"killed_by":"Hexaghost","ascension_level":17}