{"gold_per_floor":[118,142,155,167,242,242,276,276,276,276,290,290,290],"floor_reached":13,"playtime":384,"items_purged":[],"score":158,"play_id":"59585ae3-15fa-4e04-9cd7-269f4086bdee","local_time":"20190814171719","is_ascension_mode":true,"campfire_choices":[{"floor":6,"key":"REST"},{"data":"Shockwave","floor":8,"key":"SMITH"},{"data":"Spot Weakness","floor":10,"key":"SMITH"},{"data":"Rampage","floor":12,"key":"SMITH"}],"neow_cost":"PERCENT_DAMAGE","seed_source_timestamp":44254563134300,"circlet_count":0,"master_deck":["AscendersBane","Strike_R","Strike_R","Strike_R","Strike_R","Strike_R","Defend_R","Defend_R","Defend_R","Defend_R","Bash","Master of Strategy","Madness","Spot Weakness+1","Rampage+1","Shockwave+1","Exhume","Flame Barrier"],"relics":["Burning Blood","Red Skull","Paper Frog","Question Card"],"potions_floor_usage":[7,13],"damage_taken":[{"damage":6,"enemies":"Cultist","floor":1,"turns":3},{"damage":11,"enemies":"2 Louse","floor":3,"turns":3},{"damage":12,"enemies":"Jaw Worm","floor":4,"turns":2},{"damage":28,"enemies":"Lagavulin","floor":7,"turns":6},{"damage":9,"enemies":"Exordium Wildlife","floor":11,"turns":3},{"damage":28,"enemies":"The Mushroom Lair","floor":13,"turns":4}],"seed_played":"5595833871879635926","potions_obtained":[{"floor":1,"key":"Dexterity Potion"},{"floor":3,"key":"Swift Potion"},{"floor":11,"key":"Strength Potion"}],"is_trial":false,"path_per_floor":["M","T","M","M","?","R","E","R","T","R","M","R","?"],"character_chosen":"IRONCLAD","items_purchased":[],"campfire_rested":1,"item_purchase_floors":[],"current_hp_per_floor":[50,50,45,39,28,50,28,28,28,28,25,25,0],"gold":290,"neow_bonus":"RANDOM_COLORLESS_2","is_prod":false,"is_daily":false,"chose_seed":false,"campfire_upgraded":3,"win_rate":0,"timestamp":1565795839,"path_taken":["M","?","M","M","?","R","E","R","T","R","M","R","?"],"build_version":"2019-07-17","purchased_purges":0,"victory":false,"max_hp_per_floor":[75,75,75,75,75,75,75,75,75,75,75,75,75],"card_choices":[{"not_picked":["Fire Breathing","Headbutt"],"picked":"Spot Weakness","floor":1},{"not_picked":["Iron Wave","Pummel"],"picked":"Rampage","floor":3},{"not_picked":["Battle Trance","Thunderclap"],"picked":"Shockwave","floor":4},{"not_picked":["Warcry","Intimidate"],"picked":"Exhume","floor":7},{"not_picked":["Corruption","Havoc","Clothesline"],"picked":"Flame Barrier","floor":11}],"player_experience":1884299,"relics_obtained":[{"floor":2,"key":"Red Skull"},{"floor":7,"key":"Paper Frog"},{"floor":9,"key":"Question Card"}],"event_choices":[{"damage_healed":0,"gold_gain":75,"player_choice":"Gather Gold","damage_taken":11,"max_hp_gain":0,"max_hp_loss":0,"event_name":"World of Goop","floor":5,"gold_loss":0},{"damage_healed":0,"gold_gain":0,"player_choice":"Fought Mushrooms","damage_taken":0,"max_hp_gain":0,"max_hp_loss":0,"event_name":"Mushrooms","floor":13,"gold_loss":0}],"is_beta":false,"boss_relics":[],"items_purged_floors":[],"is_endless":false,"potions_floor_spawned":[1,3,11],"killed_by":"The Mushroom Lair","ascension_level":18}