{"gold_per_floor":[110,123,137,156,26,61,61,61,61,86,105,105],"floor_reached":12,"playtime":336,"items_purged":["Strike_B"],"score":167,"play_id":"14b1fba1-8c85-48c4-9563-f764cdb42cd0","local_time":"20190808213707","is_ascension_mode":true,"campfire_choices":[{"data":"Zap","floor":8,"key":"SMITH"}],"neow_cost":"NONE","seed_source_timestamp":535454011584800,"circlet_count":0,"master_deck":["AscendersBane","Strike_B","Strike_B","Defend_B","Defend_B","Defend_B","Defend_B","Zap+1","Dualcast","Gash","Melter","Stack","Barrage","Conserve Battery","Gash","Reinforced Body","Gash"],"relics":["Cracked Core","Anchor","Omamori","Kunai"],"potions_floor_usage":[4,6],"damage_taken":[{"damage":0,"enemies":"Cultist","floor":1,"turns":3},{"damage":3,"enemies":"2 Louse","floor":2,"turns":3},{"damage":2,"enemies":"Jaw Worm","floor":3,"turns":3},{"damage":4,"enemies":"2 Fungi Beasts","floor":4,"turns":2},{"damage":32,"enemies":"Gremlin Nob","floor":6,"turns":4},{"damage":21,"enemies":"Lagavulin","floor":10,"turns":7},{"damage":0,"enemies":"Blue Slaver","floor":11,"turns":4},{"damage":23,"enemies":"Gremlin Gang","floor":12,"turns":3}],"seed_played":"2676249170893068415","potions_obtained":[{"floor":2,"key":"Explosive Potion"},{"floor":4,"key":"Fire Potion"},{"floor":6,"key":"Energy Potion"},{"floor":10,"key":"Ancient Potion"}],"is_trial":false,"path_per_floor":["M","M","M","M","$","E","$","R","T","E","M","M"],"character_chosen":"DEFECT","items_purchased":["Conserve Battery"],"campfire_rested":0,"item_purchase_floors":[5],"current_hp_per_floor":[64,61,59,55,55,23,23,23,23,2,2,0],"gold":105,"neow_bonus":"REMOVE_CARD","is_prod":false,"is_daily":false,"chose_seed":false,"campfire_upgraded":1,"win_rate":0,"timestamp":1565293027,"path_taken":["M","M","M","M","?","E","$","R","T","E","?","M"],"build_version":"2019-07-17","purchased_purges":1,"victory":false,"max_hp_per_floor":[71,71,71,71,71,71,71,71,71,71,71,71],"card_choices":[{"not_picked":["Static Discharge","Steam"],"picked":"Gash","floor":1},{"not_picked":["Rip and Tear","Coolheaded"],"picked":"Melter","floor":2},{"not_picked":["Hello World","Blizzard"],"picked":"Stack","floor":3},{"not_picked":["Lockon","Reprogram"],"picked":"Barrage","floor":4},{"not_picked":["Coolheaded","Barrage"],"picked":"Gash","floor":6},{"not_picked":["Turbo","Barrage"],"picked":"Reinforced Body","floor":10},{"not_picked":["Beam Cell","Cold Snap"],"picked":"Gash","floor":11}],"player_experience":1838826,"relics_obtained":[{"floor":6,"key":"Anchor"},{"floor":9,"key":"Omamori"},{"floor":10,"key":"Kunai"}],"event_choices":[],"is_beta":false,"boss_relics":[],"items_purged_floors":[5],"is_endless":false,"potions_floor_spawned":[2,4,6,10],"killed_by":"Gremlin Gang","ascension_level":17}