{"gold_per_floor":[116,132,146,146,158,158,170,170,170,198,47,47,47,47,47,47],"floor_reached":16,"playtime":468,"items_purged":["Strike_G"],"score":180,"play_id":"00f5da84-f720-4588-8372-60cb2162c2fc","local_time":"20190623043935","is_ascension_mode":true,"campfire_choices":[{"data":"Bouncing Flask","floor":6,"key":"SMITH"},{"floor":8,"key":"REST"},{"floor":12,"key":"REST"},{"data":"A Thousand Cuts","floor":15,"key":"SMITH"}],"neow_cost":"NONE","seed_source_timestamp":448209095704500,"circlet_count":0,"master_deck":["AscendersBane","Defend_G","Defend_G","Defend_G","Defend_G","Defend_G+1","Strike_G","Strike_G","Strike_G+1","Strike_G","Survivor","Neutralize+1","Quick Slash","Bouncing Flask+1","Caltrops","Flying Knee","Bouncing Flask","A Thousand Cuts+1","Corpse Explosion","Injury"],"relics":["Ring of the Snake","Bottled Tornado","Regal Pillow","Golden Idol","Blue Candle"],"potions_floor_usage":[7],"damage_taken":[{"damage":0,"enemies":"Small Slimes","floor":1,"turns":4},{"damage":10,"enemies":"Jaw Worm","floor":2,"turns":4},{"damage":0,"enemies":"Cultist","floor":3,"turns":3},{"damage":1,"enemies":"3 Louse","floor":5,"turns":4},{"damage":17,"enemies":"Large Slime","floor":7,"turns":3},{"damage":17,"enemies":"Lagavulin","floor":10,"turns":6},{"damage":56,"enemies":"The Guardian","floor":16,"turns":9}],"seed_played":"-5994746357622654186","potions_obtained":[{"floor":1,"key":"FairyPotion"},{"floor":3,"key":"GamblersBrew"}],"is_trial":false,"path_per_floor":["M","M","M","?","M","R","M","R","T","E","$","R","?","T","R","B"],"character_chosen":"THE_SILENT","items_purchased":["Corpse Explosion"],"campfire_rested":2,"item_purchase_floors":[11],"current_hp_per_floor":[59,49,49,29,28,28,11,30,30,13,13,47,47,47,47,0],"gold":47,"neow_bonus":"UPGRADE_CARD","is_prod":false,"is_daily":false,"chose_seed":false,"campfire_upgraded":2,"win_rate":0,"timestamp":1561257575,"path_taken":["M","M","M","?","M","R","M","R","T","E","$","R","?","?","R","BOSS"],"build_version":"2019-01-23","purchased_purges":1,"victory":false,"max_hp_per_floor":[66,66,66,66,66,66,66,66,66,66,66,66,66,66,66,66],"card_choices":[{"not_picked":["Heel Hook","Catalyst"],"picked":"Quick Slash","floor":1},{"not_picked":["Backflip","Predator"],"picked":"Bouncing Flask","floor":2},{"not_picked":["Deflect","Dagger Throw"],"picked":"Caltrops","floor":3},{"not_picked":["Dagger Throw","Bouncing Flask"],"picked":"Flying Knee","floor":5},{"not_picked":["Dagger Spray","Infinite Blades"],"picked":"Bouncing Flask","floor":7},{"not_picked":["Flying Knee","Dodge and Roll"],"picked":"A Thousand Cuts","floor":10}],"player_experience":1456550,"relics_obtained":[{"floor":9,"key":"Bottled Tornado"},{"floor":10,"key":"Regal Pillow"},{"floor":14,"key":"Blue Candle"}],"event_choices":[{"damage_healed":0,"gold_gain":0,"player_choice":"Entered Light","damage_taken":20,"max_hp_gain":0,"max_hp_loss":0,"event_name":"Shining Light","floor":4,"gold_loss":0,"cards_upgraded":["Defend_G","Strike_G"]},{"damage_healed":0,"gold_gain":0,"player_choice":"Take Wound","damage_taken":0,"relics_obtained":["Golden Idol"],"max_hp_gain":0,"max_hp_loss":0,"event_name":"Golden Idol","floor":13,"gold_loss":0,"cards_obtained":["Injury"]}],"is_beta":false,"boss_relics":[],"items_purged_floors":[11],"is_endless":false,"potions_floor_spawned":[1,3],"killed_by":"The Guardian","ascension_level":16}