{"gold_per_floor":[115,11,0,16,16,41,41,60,60,60,60,2,16,291,291,364,364,374,386,128,139,139],"floor_reached":22,"playtime":932,"items_purged":["Strike_B","Regret"],"score":408,"play_id":"ba6db16d-d23f-4a3d-ab82-cebdde684700","local_time":"20191008162943","is_ascension_mode":true,"campfire_choices":[{"data":"Go for the Eyes","floor":7.0,"key":"SMITH"},{"data":"Chill","floor":11.0,"key":"SMITH"},{"data":"Defragment","floor":15.0,"key":"SMITH"}],"neow_cost":"NONE","seed_source_timestamp":17623394914500,"circlet_count":0,"master_deck":["AscendersBane","Strike_B","Strike_B","Strike_B","Defend_B","Defend_B","Defend_B","Defend_B","Zap","Dualcast","Go for the Eyes+1","Barrage","Compile Driver","Cold Snap","Chill+1","Parasite","Gash","Defragment+1","Rainbow","Undo","Gash","All For One","Darkness+1"],"special_seed":0,"relics":["Cracked Core","NeowsBlessing","Symbiotic Virus","Bottled Flame","White Beast Statue"],"potions_floor_usage":[22],"damage_taken":[{"damage":0.0,"enemies":"Small Slimes","floor":1.0,"turns":1.0},{"damage":0.0,"enemies":"Jaw Worm","floor":4.0,"turns":1.0},{"damage":0.0,"enemies":"Gremlin Nob","floor":6.0,"turns":1.0},{"damage":0.0,"enemies":"Cultist","floor":8.0,"turns":2.0},{"damage":4.0,"enemies":"3 Louse","floor":13.0,"turns":4.0},{"damage":43.0,"enemies":"Hexaghost","floor":16.0,"turns":9.0},{"damage":16.0,"enemies":"Shell Parasite","floor":18.0,"turns":6.0},{"damage":1.0,"enemies":"Chosen","floor":19.0,"turns":4.0},{"damage":14.0,"enemies":"Centurion and Healer","floor":21.0,"turns":11.0},{"damage":36,"enemies":"Chosen and Byrds","floor":22,"turns":3}],"seed_played":"-132244284498875891","potions_obtained":[{"floor":1.0,"key":"PowerPotion"},{"floor":16.0,"key":"Swift Potion"},{"floor":18.0,"key":"PowerPotion"},{"floor":19.0,"key":"Energy Potion"},{"floor":21.0,"key":"SpeedPotion"}],"is_trial":false,"path_per_floor":["M","$","?","M","?","E","R","M","T","?","R","$","M","?","R","B",null,"M","M","$","M","M"],"character_chosen":"DEFECT","items_purchased":["Barrage","Gash","All For One"],"campfire_rested":0,"item_purchase_floors":[2,12,20],"current_hp_per_floor":[64,64,64,64,69,69,69,69,69,76,76,76,72,72,72,29,64,48,47,47,33,0],"gold":139,"neow_bonus":"THREE_ENEMY_KILL","is_prod":false,"is_daily":false,"chose_seed":false,"campfire_upgraded":3,"win_rate":0,"timestamp":1570577383,"path_taken":["M","$","?","M","?","E","R","M","T","?","R","?","M","?","R","BOSS","M","M","$","?","M"],"build_version":"2019-07-17","purchased_purges":2,"victory":false,"max_hp_per_floor":[71,71,71,71,76,76,76,76,76,76,76,76,76,76,76,76,76,76,76,76,76,76],"card_choices":[{"not_picked":["Double Energy","Steam"],"picked":"Go for the Eyes","floor":1.0},{"not_picked":["Reprogram","Force Field"],"picked":"Compile Driver","floor":4.0},{"not_picked":["Go for the Eyes","Blizzard"],"picked":"Cold Snap","floor":6.0},{"not_picked":["Cold Snap","Undo"],"picked":"Chill","floor":8.0},{"not_picked":["Double Energy","Redo"],"picked":"Defragment","floor":13.0},{"not_picked":["Thunder Strike","Multi-Cast"],"picked":"Rainbow","floor":16.0},{"not_picked":["Beam Cell","Lockon"],"picked":"Undo","floor":18.0},{"not_picked":["Rebound","Conserve Battery"],"picked":"Gash","floor":19.0},{"not_picked":["Barrage","Skim"],"picked":"Darkness+1","floor":21.0}],"player_experience":689582,"relics_obtained":[{"floor":6.0,"key":"Symbiotic Virus"},{"floor":9.0,"key":"Bottled Flame"}],"event_choices":[{"damage_healed":0.0,"max_hp_gain":0.0,"max_hp_loss":0.0,"gold_gain":0.0,"event_name":"World of Goop","player_choice":"Left Gold","floor":3.0,"gold_loss":11.0,"damage_taken":0.0},{"damage_healed":0.0,"max_hp_gain":5.0,"max_hp_loss":0.0,"gold_gain":0.0,"event_name":"Big Fish","player_choice":"Donut","floor":5.0,"gold_loss":0.0,"damage_taken":0.0},{"damage_healed":19.0,"max_hp_gain":0.0,"max_hp_loss":0.0,"gold_gain":0.0,"event_name":"Mushrooms","player_choice":"Healed and dodged fight","floor":10.0,"gold_loss":0.0,"damage_taken":0.0,"cards_obtained":["Parasite"]},{"damage_healed":0.0,"max_hp_gain":0.0,"max_hp_loss":0.0,"gold_gain":275.0,"event_name":"Golden Shrine","player_choice":"Desecrate","floor":14.0,"gold_loss":0.0,"damage_taken":0.0,"cards_obtained":["Regret"]}],"is_beta":false,"boss_relics":[{"not_picked":["Runic Dome","Fusion Hammer"],"picked":"White Beast Statue"}],"items_purged_floors":[2,20],"is_endless":false,"potions_floor_spawned":[1,16,18,19,21],"killed_by":"Chosen and Byrds","ascension_level":19}