{"gold_per_floor":[112,112,124,49,14,42,42,74,74,74,149,98,118,146,146,220,270,285,134,163,163,177,194,194,194,194,211,211,211],"floor_reached":29,"playtime":968,"items_purged":["Regret","Strike_B"],"score":503,"play_id":"6c1363e8-454f-4eef-8c33-c69bf51f6d0b","local_time":"20190408000033","is_ascension_mode":true,"campfire_choices":[{"data":"Genetic Algorithm","floor":7.0,"key":"SMITH"},{"floor":10.0,"key":"REST"},{"data":"Self Repair","floor":15.0,"key":"SMITH"},{"floor":25.0,"key":"REST"},{"floor":28.0,"key":"REST"}],"neow_cost":"NONE","seed_source_timestamp":148122098762794,"circlet_count":0,"master_deck":["AscendersBane","Strike_B+1","Strike_B","Strike_B","Defend_B+1","Defend_B","Defend_B","Defend_B","Zap+1","Dualcast","Hello World","Genetic Algorithm+1","Ball Lightning","Melter+1","Ball Lightning+1","Ball Lightning","Steam+1","Ball Lightning","Leap+1","Leap+1","Self Repair+1","Electrodynamics","Defragment","Cold Snap","Coolheaded+1","Conserve Battery+1","Steam+1","Hologram+1","Cold Snap","Coolheaded+1"],"special_seed":0,"relics":["Orrery","Toxic Egg 2","Orichalcum","Strawberry","War Paint","Ginger","Tiny House","Red Mask","Whetstone"],"potions_floor_usage":[],"damage_taken":[{"damage":2.0,"enemies":"2 Louse","floor":1.0,"turns":3.0},{"damage":10.0,"enemies":"Small Slimes","floor":3.0,"turns":3.0},{"damage":32.0,"enemies":"Lagavulin","floor":6.0,"turns":5.0},{"damage":9.0,"enemies":"3 Sentries","floor":8.0,"turns":4.0},{"damage":1.0,"enemies":"Jaw Worm","floor":13.0,"turns":3.0},{"damage":8.0,"enemies":"Lagavulin","floor":14.0,"turns":5.0},{"damage":35.0,"enemies":"The Guardian","floor":16.0,"turns":11.0},{"damage":33.0,"enemies":"3 Byrds","floor":18.0,"turns":5.0},{"damage":0.0,"enemies":"Masked Bandits","floor":20.0,"turns":2.0},{"damage":17.0,"enemies":"2 Thieves","floor":22.0,"turns":4.0},{"damage":3.0,"enemies":"Snecko","floor":23.0,"turns":5.0},{"damage":3.0,"enemies":"Colosseum Slavers","floor":24.0,"turns":4.0},{"damage":35.0,"enemies":"Shelled Parasite and Fungi","floor":27.0,"turns":4.0},{"damage":58,"enemies":"Book of Stabbing","floor":29,"turns":7}],"seed_played":"6620925862066112680","potions_obtained":[{"floor":1.0,"key":"Swift Potion"},{"floor":6.0,"key":"Block Potion"},{"floor":13.0,"key":"Weak Potion"},{"floor":17.0,"key":"PowerPotion"},{"floor":22.0,"key":"Block Potion"},{"floor":23.0,"key":"FocusPotion"}],"is_trial":false,"path_per_floor":["M","?","M","$","?","E","R","E","T","R","?","$","M","E","R","B",null,"M","$","?","?","M","M","?","R","T","M","R","E"],"character_chosen":"DEFECT","items_purchased":["Leap+1","Coolheaded+1"],"campfire_rested":3,"item_purchase_floors":[12,19],"current_hp_per_floor":[62,62,52,52,69,37,37,35,35,58,47,47,46,38,38,13,67,44,44,44,44,37,34,31,55,55,30,54,0],"gold":211,"neow_bonus":"BOSS_RELIC","is_prod":false,"is_daily":false,"chose_seed":false,"campfire_upgraded":2,"win_rate":0,"timestamp":1554674433,"path_taken":["M","?","M","$","?","E","R","E","T","R","?","$","M","E","R","BOSS","M","$","?","?","M","M","?","R","T","?","R","E"],"build_version":"2019-01-23","purchased_purges":2,"victory":false,"max_hp_per_floor":[71,71,71,71,71,71,71,78,78,78,78,78,78,78,78,78,83,83,83,83,83,83,83,83,83,83,83,83,83],"card_choices":[{"not_picked":["Stack","Darkness"],"picked":"Hello World","floor":0.0},{"not_picked":["BootSequence","Rebound"],"picked":"Genetic Algorithm","floor":0.0},{"not_picked":["White Noise","Hello World"],"picked":"Ball Lightning","floor":0.0},{"not_picked":["Reprogram","Redo"],"picked":"Melter","floor":0.0},{"not_picked":["Storm","Recycle"],"picked":"Ball Lightning","floor":0.0},{"not_picked":["Amplify","Stack"],"picked":"Ball Lightning","floor":1.0},{"not_picked":["Barrage","Consume+1"],"picked":"Steam+1","floor":3.0},{"not_picked":["Melter","Auto Shields+1"],"picked":"Ball Lightning","floor":6.0},{"not_picked":["Barrage","Doom and Gloom","Compile Driver"],"picked":"SKIP","floor":8.0},{"not_picked":["Aggregate+1","Stack+1"],"picked":"Leap+1","floor":13.0},{"not_picked":["Hologram+1","Storm"],"picked":"Self Repair","floor":14.0},{"not_picked":["Core Surge","Rainbow+1"],"picked":"Electrodynamics","floor":16.0},{"not_picked":["Leap+1","Chill+1"],"picked":"Defragment","floor":17.0},{"not_picked":["Sweeping Beam","Force Field+1"],"picked":"Cold Snap","floor":18.0},{"not_picked":["Doom and Gloom","Electrodynamics"],"picked":"Conserve Battery+1","floor":20.0},{"not_picked":["Force Field+1","Consume+1"],"picked":"Hologram+1","floor":22.0},{"not_picked":["Turbo+1","Ball Lightning"],"picked":"Cold Snap","floor":23.0},{"not_picked":["Electrodynamics","Compile Driver"],"picked":"Coolheaded+1","floor":27.0}],"player_experience":759937,"relics_obtained":[{"floor":6.0,"key":"Orichalcum"},{"floor":8.0,"key":"Strawberry"},{"floor":9.0,"key":"War Paint"},{"floor":14.0,"key":"Ginger"},{"floor":20.0,"key":"Red Mask"},{"floor":26.0,"key":"Whetstone"}],"event_choices":[{"damage_healed":0.0,"max_hp_gain":0.0,"max_hp_loss":0.0,"gold_gain":0.0,"event_name":"Big Fish","player_choice":"Box","floor":2.0,"gold_loss":0.0,"damage_taken":0.0,"relics_obtained":["Toxic Egg 2"],"cards_obtained":["Regret"]},{"damage_healed":17.0,"max_hp_gain":0.0,"max_hp_loss":0.0,"gold_gain":0.0,"event_name":"The Cleric","player_choice":"Healed","floor":5.0,"gold_loss":35.0,"damage_taken":0.0},{"damage_healed":0.0,"max_hp_gain":0.0,"max_hp_loss":0.0,"gold_gain":75.0,"event_name":"World of Goop","player_choice":"Gather Gold","floor":11.0,"gold_loss":0.0,"damage_taken":11.0},{"damage_healed":0.0,"max_hp_gain":0.0,"max_hp_loss":0.0,"gold_gain":0.0,"event_name":"Masked Bandits","player_choice":"Fought Bandits","floor":20.0,"gold_loss":0.0,"damage_taken":0.0},{"damage_healed":0.0,"max_hp_gain":0.0,"max_hp_loss":0.0,"gold_gain":0.0,"event_name":"The Library","player_choice":"Read","floor":21.0,"gold_loss":0.0,"damage_taken":0.0,"cards_obtained":["Steam"]},{"damage_healed":0.0,"max_hp_gain":0.0,"max_hp_loss":0.0,"gold_gain":0.0,"event_name":"Colosseum","player_choice":"Fight","floor":24.0,"gold_loss":0.0,"damage_taken":0.0},{"damage_healed":0.0,"max_hp_gain":0.0,"max_hp_loss":0.0,"gold_gain":0.0,"event_name":"Colosseum","player_choice":"Fled From Nobs","floor":24.0,"gold_loss":0.0,"damage_taken":0.0}],"is_beta":false,"boss_relics":[{"not_picked":["White Beast Statue","Busted Crown"],"picked":"Tiny House"}],"items_purged_floors":[4,19],"is_endless":false,"potions_floor_spawned":[1,6,13,22,23,24],"killed_by":"Book of Stabbing","ascension_level":20}