{"gold_per_floor":[109,124,124,124,138,138,152,152,221,256,256,236,246,246,246,324,324,338,353,261,186,14,14,28,62,62,10,10,10,10,26,26,26],"floor_reached":33,"playtime":732,"items_purged":[],"score":500,"play_id":"851e63f8-dc9a-448c-9fd9-d585938cdc03","local_time":"20190814224354","is_ascension_mode":true,"campfire_choices":[{"data":"Perfected Strike","floor":6,"key":"SMITH"},{"data":"Bash","floor":8,"key":"SMITH"},{"data":"Wild Strike","floor":11,"key":"SMITH"},{"data":"Battle Trance","floor":15,"key":"SMITH"},{"data":"Jack Of All Trades","floor":23,"key":"SMITH"},{"floor":29,"key":"REST"},{"floor":32,"key":"REST"}],"neow_cost":"NONE","seed_source_timestamp":63499298596300,"circlet_count":0,"master_deck":["AscendersBane","Strike_R","Strike_R","Strike_R","Strike_R","Strike_R","Defend_R","Defend_R","Bash+1","Pommel Strike","Perfected Strike+1","Wild Strike+1","Twin Strike","Pommel Strike","Battle Trance+1","Feed","Clash+1","Iron Wave","Jack Of All Trades+1","Inflame+1","Rampage","Iron Wave","Flex","Infernal Blade","Anger","Writhe","Dual Wield+1"],"relics":["Burning Blood","NeowsBlessing","Ornamental Fan","Bag of Marbles","Sozu","Centennial Puzzle","Kunai","Question Card","PreservedInsect"],"potions_floor_usage":[7,16,16],"damage_taken":[{"damage":0,"enemies":"Jaw Worm","floor":1,"turns":1},{"damage":0,"enemies":"Cultist","floor":2,"turns":1},{"damage":0,"enemies":"2 Louse","floor":5,"turns":1},{"damage":2,"enemies":"Red Slaver","floor":7,"turns":2},{"damage":4,"enemies":"Gremlin Nob","floor":10,"turns":3},{"damage":3,"enemies":"3 Louse","floor":13,"turns":2},{"damage":49,"enemies":"Hexaghost","floor":16,"turns":5},{"damage":0,"enemies":"Chosen","floor":18,"turns":2},{"damage":0,"enemies":"Spheric Guardian","floor":19,"turns":1},{"damage":19,"enemies":"Shelled Parasite and Fungi","floor":24,"turns":3},{"damage":31,"enemies":"Book of Stabbing","floor":25,"turns":4},{"damage":35,"enemies":"Snake Plant","floor":31,"turns":3},{"damage":70,"enemies":"Automaton","floor":33,"turns":6}],"seed_played":"-5990647559011391652","potions_obtained":[{"floor":1,"key":"PowerPotion"},{"floor":2,"key":"Block Potion"},{"floor":12,"key":"PowerPotion"}],"is_trial":false,"path_per_floor":["M","M","$","?","M","R","M","R","T","E","R","?","M","?","R","B",null,"M","M","$","?","$","R","M","E","T","$","?","R","?","M","R","B"],"character_chosen":"IRONCLAD","items_purchased":["Jack Of All Trades","Inflame","Rampage","Iron Wave","Anger"],"campfire_rested":2,"item_purchase_floors":[20,22,22,22,27],"current_hp_per_floor":[74,75,75,75,75,75,75,75,75,75,75,75,75,68,68,25,63,69,75,75,75,75,75,65,40,40,40,40,63,63,34,57,0],"gold":26,"neow_bonus":"THREE_ENEMY_KILL","is_prod":false,"is_daily":false,"chose_seed":false,"campfire_upgraded":5,"win_rate":0,"timestamp":1565815434,"path_taken":["M","M","$","?","?","R","M","R","T","E","R","?","?","?","R","BOSS","M","M","$","?","$","R","?","E","T","?","?","R","?","?","R","BOSS"],"build_version":"2019-07-17","purchased_purges":0,"victory":false,"max_hp_per_floor":[75,75,75,75,75,75,75,75,75,75,75,75,75,75,75,75,75,75,75,75,75,75,75,78,78,78,78,78,78,78,78,78,78],"card_choices":[{"not_picked":["True Grit","Perfected Strike"],"picked":"Pommel Strike","floor":1},{"not_picked":["Wild Strike","Warcry"],"picked":"Perfected Strike","floor":2},{"not_picked":["Iron Wave","Brutality"],"picked":"Wild Strike","floor":5},{"not_picked":["Fire Breathing","Rupture"],"picked":"Twin Strike","floor":7},{"not_picked":["Rage","Cleave"],"picked":"Pommel Strike","floor":10},{"not_picked":["Dropkick","Entrench"],"picked":"Battle Trance","floor":13},{"not_picked":["Reaper","Demon Form"],"picked":"Feed","floor":16},{"not_picked":["Seeing Red","Body Slam"],"picked":"Clash+1","floor":18},{"not_picked":["Corruption","Ghostly Armor"],"picked":"Iron Wave","floor":19},{"not_picked":["Whirlwind","Combust"],"picked":"Flex","floor":24},{"not_picked":["Power Through","Sword Boomerang"],"picked":"Infernal Blade","floor":25},{"not_picked":["Pommel Strike","Clothesline","Hemokinesis"],"picked":"Dual Wield+1","floor":31}],"player_experience":1902563,"relics_obtained":[{"floor":9,"key":"Ornamental Fan"},{"floor":10,"key":"Bag of Marbles"},{"floor":25,"key":"Kunai"},{"floor":26,"key":"Question Card"}],"event_choices":[{"cards_removed":["Defend_R"],"damage_healed":0,"gold_gain":0,"player_choice":"Offered Basic","damage_taken":0,"max_hp_gain":0,"max_hp_loss":0,"event_name":"Bonfire Elementals","floor":4,"gold_loss":0},{"damage_healed":0,"gold_gain":0,"player_choice":"Bought 1 Potion","damage_taken":0,"max_hp_gain":0,"max_hp_loss":0,"event_name":"The Woman in Blue","floor":12,"gold_loss":0},{"cards_removed":["Defend_R"],"damage_healed":0,"gold_gain":0,"player_choice":"Card Removal","damage_taken":7,"max_hp_gain":0,"max_hp_loss":0,"event_name":"Golden Wing","floor":14,"gold_loss":0},{"damage_healed":0,"gold_gain":0,"player_choice":"Paid Gold","damage_taken":0,"relics_obtained":["Centennial Puzzle"],"max_hp_gain":0,"max_hp_loss":0,"event_name":"WeMeetAgain","floor":21,"gold_loss":75},{"damage_healed":0,"gold_gain":0,"player_choice":"Opened","damage_taken":0,"relics_obtained":["PreservedInsect"],"max_hp_gain":0,"max_hp_loss":0,"event_name":"The Mausoleum","floor":28,"gold_loss":0,"cards_obtained":["Writhe"]},{"damage_healed":0,"gold_gain":0,"player_choice":"Upgraded","damage_taken":0,"max_hp_gain":0,"max_hp_loss":0,"event_name":"Upgrade Shrine","floor":30,"gold_loss":0,"cards_upgraded":["Inflame"]}],"is_beta":false,"boss_relics":[{"not_picked":["Lizard Tail","Runic Dome"],"picked":"Sozu"}],"items_purged_floors":[],"is_endless":false,"potions_floor_spawned":[1,2,13,19,25,31],"killed_by":"Automaton","ascension_level":18}