{"gold_per_floor":[115,190,340,340,358,385,402,402],"floor_reached":8,"playtime":1833,"items_purged":[],"score":146,"play_id":"ab7b184b-ac2b-463f-bb50-75c8e223c880","local_time":"20190613060408","is_ascension_mode":true,"campfire_choices":[],"neow_cost":"NONE","seed_source_timestamp":105834229788500,"circlet_count":0,"master_deck":["AscendersBane","Defend_G","Defend_G","Defend_G","Defend_G","Defend_G","Strike_G","Strike_G","Strike_G","Strike_G","Strike_G","Survivor","Neutralize","Backflip","Doubt","Bullet Time","Choke","Acrobatics"],"relics":["Ring of the Snake","NeowsBlessing","Meat on the Bone","Anchor"],"potions_floor_usage":[8],"damage_taken":[{"damage":0,"enemies":"2 Louse","floor":1,"turns":1},{"damage":0,"enemies":"Jaw Worm","floor":5,"turns":1},{"damage":0,"enemies":"Gremlin Nob","floor":6,"turns":1},{"damage":7,"enemies":"Small Slimes","floor":7,"turns":4},{"damage":42,"enemies":"Lagavulin","floor":8,"turns":8}],"seed_played":"-3723987567703463320","potions_obtained":[{"floor":7,"key":"AttackPotion"}],"is_trial":false,"path_per_floor":["M","?","?","T","M","E","M","E"],"character_chosen":"THE_SILENT","items_purchased":[],"campfire_rested":0,"item_purchase_floors":[],"current_hp_per_floor":[59,48,48,48,48,48,41,0],"gold":402,"neow_bonus":"THREE_ENEMY_KILL","is_prod":false,"is_daily":false,"chose_seed":false,"campfire_upgraded":0,"win_rate":0,"timestamp":1560398648,"path_taken":["M","?","?","?","?","E","M","E"],"build_version":"2019-01-23","purchased_purges":0,"victory":false,"max_hp_per_floor":[66,66,66,66,66,66,66,66],"card_choices":[{"not_picked":["Acrobatics","Outmaneuver"],"picked":"Backflip","floor":1},{"not_picked":["Sucker Punch","Masterful Stab"],"picked":"Bullet Time","floor":5},{"not_picked":["Outmaneuver","Underhanded Strike"],"picked":"Choke","floor":6},{"not_picked":["Underhanded Strike","Outmaneuver"],"picked":"Acrobatics","floor":7}],"player_experience":1322230,"relics_obtained":[{"floor":4,"key":"Meat on the Bone"},{"floor":6,"key":"Anchor"}],"event_choices":[{"damage_healed":0,"gold_gain":75,"player_choice":"Gather Gold","damage_taken":11,"max_hp_gain":0,"max_hp_loss":0,"event_name":"World of Goop","floor":2,"gold_loss":0},{"damage_healed":0,"gold_gain":150,"player_choice":"AGREE","damage_taken":0,"max_hp_gain":0,"max_hp_loss":0,"event_name":"Liars Game","floor":3,"gold_loss":0,"cards_obtained":["Doubt"]}],"is_beta":false,"boss_relics":[],"items_purged_floors":[],"is_endless":false,"potions_floor_spawned":[7],"killed_by":"Lagavulin","ascension_level":16}