{"path_per_floor":["M","?","$","M","M","R","E","?","T","$","E","R","M","E","R","B",null,"M","?","?","?","M","R","E","R","T","R","M","?","M","M","R","B",null,"M","?","$","?","M","E","R","M","T","M","R","M","E","M","R","B"],"character_chosen":"THE_SILENT","items_purchased":["Blood Vial","Well Laid Plans","Apotheosis","Finisher","Oddly Smooth Stone"],"gold_per_floor":[367,442,27,46,62,62,91,91,91,21,56,56,70,102,102,207,207,218,218,218,218,233,233,263,263,263,263,280,380,396,410,410,513,513,524,524,330,330,343,369,369,386,386,405,405,415,445,455,455,455],"floor_reached":51,"campfire_rested":5,"playtime":3912,"current_hp_per_floor":[62,51,51,53,55,55,57,51,51,51,53,53,55,63,63,55,63,63,63,52,52,54,54,42,42,42,62,45,45,45,47,67,22,68,73,73,73,64,59,53,73,62,62,41,62,57,59,55,73,16],"items_purged":["Defend_G"],"gold":455,"score":939,"play_id":"b92e8f45-5ebe-41a3-ae5e-f007cf49eb52","local_time":"20180518204028","is_prod":false,"is_daily":false,"chose_seed":false,"is_ascension_mode":true,"campfire_upgraded":5,"timestamp":1526672428,"campfire_choices":[{"data":"Apotheosis","floor":6,"key":"SMITH"},{"data":"Finisher","floor":12,"key":"SMITH"},{"data":"Sucker Punch","floor":15,"key":"SMITH"},{"data":"A Thousand Cuts","floor":23,"key":"SMITH"},{"data":"Well Laid Plans","floor":25,"key":"SMITH"},{"floor":27,"key":"REST"},{"floor":32,"key":"REST"},{"floor":41,"key":"REST"},{"floor":45,"key":"REST"},{"floor":49,"key":"REST"}],"path_taken":["M","?","$","?","M","R","E","?","T","$","E","R","M","E","R","BOSS","M","?","?","?","?","R","E","R","T","R","M","?","?","M","R","BOSS","M","?","$","?","M","E","R","M","T","M","R","M","E","M","R","BOSS"],"build_version":"2018-05-17","seed_source_timestamp":91195545843352,"purchased_purges":2,"victory":true,"master_deck":["Defend_G+1","Defend_G+1","Defend_G+1","Defend_G+1","Strike_G+1","Strike_G+1","Strike_G+1","Strike_G+1","Strike_G+1","Survivor","Neutralize","Finisher","Well Laid Plans+1","Apotheosis+1","Dodge and Roll","Finisher+1","Cloak And Dagger","Sucker Punch+1","A Thousand Cuts+1","Skewer+1","Dash","Backflip+1","Caltrops","Flying Knee+1","Bullet Time","Dark Shackles","Madness","Madness","Endless Agony+1","Cloak And Dagger","Crippling Poison","PiercingWail+1","Noxious Fumes","Blade Dance"],"max_hp_per_floor":[63,63,63,63,63,63,63,63,63,63,63,63,63,63,63,63,63,63,63,68,68,68,68,68,68,68,68,68,68,68,68,68,68,68,73,73,73,73,73,73,73,73,73,73,73,73,73,73,73,73],"relics":["Ring of the Snake","Blood Vial","Toolbox","Ninja Scroll","Gambling Chip","Snake Skull","Lizard Tail","Smiling Mask","Orichalcum","Bottled Lightning","Sozu","Oddly Smooth Stone","Ancient Tea Set","Torii","Singing Bowl"],"card_choices":[{"not_picked":["Quick Slash","Flying Knee"],"picked":"Finisher","floor":1},{"not_picked":["Quick Slash","Slice"],"picked":"Dodge and Roll","floor":4},{"not_picked":["Poisoned Stab","Reflex","Dodge and Roll"],"picked":"SKIP","floor":5},{"not_picked":["Burst","Heel Hook","Quick Slash"],"picked":"SKIP","floor":7},{"not_picked":["Bane","Flying Knee"],"picked":"Cloak And Dagger","floor":11},{"not_picked":["Dagger Throw","Blade Dance","Cloak And Dagger"],"picked":"SKIP","floor":13},{"not_picked":["Heel Hook","Reflex"],"picked":"Sucker Punch","floor":14},{"not_picked":["Glass Knife","Die Die Die"],"picked":"A Thousand Cuts","floor":16},{"not_picked":["Predator+1","Distraction+1","Sucker Punch"],"picked":"SKIP","floor":18},{"not_picked":["Quick Slash","Heel Hook"],"picked":"Skewer+1","floor":22},{"not_picked":["Slice","Flechettes"],"picked":"Dash","floor":24},{"not_picked":["Noxious Fumes+1","Setup"],"picked":"Backflip+1","floor":28},{"not_picked":["Deflect+1","Well Laid Plans+1"],"picked":"Caltrops","floor":30},{"not_picked":["Dagger Spray","Accuracy"],"picked":"Flying Knee+1","floor":31},{"not_picked":["Phantasmal Killer","Adrenaline"],"picked":"Bullet Time","floor":33},{"not_picked":["Acrobatics","Prepared","Cloak And Dagger"],"picked":"SKIP","floor":35},{"not_picked":["Purity","Enlightenment"],"picked":"Dark Shackles","floor":36},{"not_picked":["Blade Dance","Dagger Spray+1"],"picked":"Endless Agony+1","floor":39},{"not_picked":["Bane","Underhanded Strike","Accuracy"],"picked":"SKIP","floor":40},{"not_picked":["Sucker Punch+1","Outmaneuver+1"],"picked":"Cloak And Dagger","floor":42},{"not_picked":["Bane","Quick Slash"],"picked":"Crippling Poison","floor":44},{"not_picked":["Deflect","Deadly Poison+1"],"picked":"PiercingWail+1","floor":46},{"not_picked":["Finisher+1","Deflect+1"],"picked":"Noxious Fumes","floor":47},{"not_picked":["Grand Finale","Underhanded Strike"],"picked":"Blade Dance","floor":48}],"player_experience":309872,"potions_floor_usage":[7,16,16,16,33,35],"damage_taken":[{"damage":1,"enemies":"2 Louse","floor":1,"turns":4},{"damage":0,"enemies":"Jaw Worm","floor":4,"turns":4},{"damage":0,"enemies":"Cultist","floor":5,"turns":3},{"damage":0,"enemies":"3 Sentries","floor":7,"turns":9},{"damage":0,"enemies":"Lagavulin","floor":11,"turns":2},{"damage":0,"enemies":"Looter","floor":13,"turns":1},{"damage":0,"enemies":"3 Sentries","floor":14,"turns":5},{"damage":8,"enemies":"Hexaghost","floor":16,"turns":11},{"damage":0,"enemies":"3 Byrds","floor":18,"turns":5},{"damage":0,"enemies":"Chosen","floor":22,"turns":3},{"damage":14,"enemies":"Slavers","floor":24,"turns":6},{"damage":19,"enemies":"Snecko","floor":28,"turns":6},{"damage":2,"enemies":"Centurion and Healer","floor":30,"turns":7},{"damage":0,"enemies":"Sentry and Sphere","floor":31,"turns":3},{"damage":46,"enemies":"Automaton","floor":33,"turns":12},{"damage":0,"enemies":"Orb Walker","floor":35,"turns":1},{"damage":7,"enemies":"3 Shapes","floor":39,"turns":4},{"damage":8,"enemies":"2 Orb Walkers","floor":40,"turns":4},{"damage":11,"enemies":"Maw","floor":42,"turns":7},{"damage":23,"enemies":"4 Shapes","floor":44,"turns":5},{"damage":7,"enemies":"Sphere and 2 Shapes","floor":46,"turns":5},{"damage":0,"enemies":"Nemesis","floor":47,"turns":7},{"damage":6,"enemies":"Maw","floor":48,"turns":6},{"damage":57,"enemies":"Awakened One","floor":50,"turns":11}],"relics_obtained":[{"floor":7,"key":"Toolbox"},{"floor":9,"key":"Ninja Scroll"},{"floor":11,"key":"Gambling Chip"},{"floor":14,"key":"Snake Skull"},{"floor":24,"key":"Orichalcum"},{"floor":26,"key":"Bottled Lightning"},{"floor":40,"key":"Ancient Tea Set"},{"floor":43,"key":"Torii"},{"floor":47,"key":"Singing Bowl"}],"event_choices":[{"event_name":"World of Goop","player_choice":"Gather Gold","floor":2,"damage_taken":0},{"event_name":"Wheel of Change","player_choice":"Damage","floor":8,"damage_taken":0},{"event_name":"The Mausoleum","player_choice":"Yes","floor":19,"damage_taken":0},{"event_name":"Forgotten Altar","player_choice":"Shed Blood","floor":20,"damage_taken":0},{"event_name":"Back to Basics","player_choice":"Simplicity","floor":21,"damage_taken":0},{"event_name":"Golden Shrine","player_choice":"Pray","floor":29,"damage_taken":0},{"event_name":"SensoryStone","player_choice":"Memory 1","floor":36,"damage_taken":0},{"event_name":"Winding Halls","player_choice":"Embrace Madness","floor":38,"damage_taken":0}],"boss_relics":[{"not_picked":["Velvet Choker","Philosopher\u0027s Stone"],"picked":"Lizard Tail"},{"not_picked":["Runic Pyramid","Pandora\u0027s Box"],"picked":"Sozu"}],"potions_floor_spawned":[1,4,5,11,18,22,33,39,40,42,47],"seed_played":"7403432842108061387","ascension_level":3,"potions_obtained":[{"floor":1,"key":"EssenceOfSteel"},{"floor":4,"key":"SkillPotion"},{"floor":5,"key":"Dexterity Potion"},{"floor":11,"key":"Weak Potion"},{"floor":18,"key":"Fire Potion"},{"floor":22,"key":"Ancient Potion"},{"floor":33,"key":"Fruit Juice"}],"is_trial":false}