{"gold_per_floor":[109,126,145,110,127,159,159,176,176,176],"floor_reached":10,"playtime":382,"items_purged":[],"score":126,"play_id":"20003788-a8eb-4503-9b57-c0ceef32f82d","local_time":"20190624122700","is_ascension_mode":true,"campfire_choices":[{"data":"Fission","floor":7,"key":"SMITH"}],"neow_cost":"PERCENT_DAMAGE","seed_source_timestamp":562743204218899,"circlet_count":0,"master_deck":["AscendersBane","Strike_B","Strike_B","Strike_B","Strike_B","Defend_B","Defend_B","Defend_B","Defend_B","Zap","Dualcast","Fission+1","White Noise","Coolheaded","Glacier","Gash","Rainbow","Loop"],"relics":["Cracked Core","Shovel","Bag of Preparation"],"potions_floor_usage":[6,6],"damage_taken":[{"damage":12,"enemies":"Jaw Worm","floor":1,"turns":4},{"damage":3,"enemies":"2 Louse","floor":2,"turns":3},{"damage":3,"enemies":"Cultist","floor":3,"turns":4},{"damage":21,"enemies":"3 Louse","floor":5,"turns":4},{"damage":7,"enemies":"Lagavulin","floor":6,"turns":6},{"damage":1,"enemies":"Blue Slaver","floor":8,"turns":3},{"damage":34,"enemies":"Gremlin Nob","floor":10,"turns":3}],"seed_played":"-8311314501182234497","potions_obtained":[{"floor":1,"key":"SkillPotion"},{"floor":2,"key":"Poison Potion"},{"floor":3,"key":"FocusPotion"}],"is_trial":false,"path_per_floor":["M","M","M","?","M","E","R","M","T","E"],"character_chosen":"DEFECT","items_purchased":[],"campfire_rested":0,"item_purchase_floors":[],"current_hp_per_floor":[34,31,28,45,24,17,17,16,16,0],"gold":176,"neow_bonus":"THREE_RARE_CARDS","is_prod":false,"is_daily":false,"chose_seed":false,"campfire_upgraded":1,"win_rate":0,"timestamp":1561372020,"path_taken":["M","M","M","?","M","E","R","M","T","E"],"build_version":"2019-01-23","purchased_purges":0,"victory":false,"max_hp_per_floor":[71,71,71,71,71,71,71,71,71,71],"card_choices":[{"not_picked":["Reboot","Core Surge"],"picked":"Fission","floor":0},{"not_picked":["Redo","Gash"],"picked":"White Noise","floor":1},{"not_picked":["Stack","Sweeping Beam"],"picked":"Coolheaded","floor":2},{"not_picked":["Steam","Beam Cell"],"picked":"Glacier","floor":3},{"not_picked":["Undo","Tempest"],"picked":"Gash","floor":5},{"not_picked":["Multi-Cast","White Noise"],"picked":"Rainbow","floor":6},{"not_picked":["Hologram","Auto Shields"],"picked":"Loop","floor":8}],"player_experience":1466315,"relics_obtained":[{"floor":6,"key":"Shovel"},{"floor":9,"key":"Bag of Preparation"}],"event_choices":[{"damage_healed":17,"gold_gain":0,"player_choice":"Healed","damage_taken":0,"max_hp_gain":0,"max_hp_loss":0,"event_name":"The Cleric","floor":4,"gold_loss":35}],"is_beta":false,"boss_relics":[],"items_purged_floors":[],"is_endless":false,"potions_floor_spawned":[1,2,3],"killed_by":"Gremlin Nob","ascension_level":16}