{"gold_per_floor":[10,20,37,47,57,57,57,57,84,49,49,108,141,141,141,141],"floor_reached":16,"playtime":1168,"items_purged":[],"score":185,"play_id":"f0e873ad-872f-4dd5-b9b9-6f31f31ac7d1","local_time":"20190808200434","is_ascension_mode":true,"campfire_choices":[{"data":"Zap","floor":6,"key":"SMITH"},{"data":"Meteor Strike","floor":8,"key":"SMITH"},{"data":"Conserve Battery","floor":11,"key":"SMITH"},{"data":"Glacier","floor":15,"key":"SMITH"}],"neow_cost":"NO_GOLD","seed_source_timestamp":529067895860800,"circlet_count":0,"master_deck":["AscendersBane","Strike_B","Strike_B","Strike_B","Strike_B","Defend_B","Defend_B","Defend_B","Defend_B","Zap+1","Dualcast","Ball Lightning","Conserve Battery+1","Beam Cell","Conserve Battery+1","Meteor Strike+1","Redo","Glacier+1"],"relics":["Cracked Core","Ice Cream","Bag of Marbles","Orichalcum","Juzu Bracelet","Sundial"],"potions_floor_usage":[12,13],"damage_taken":[{"damage":1,"enemies":"Cultist","floor":1,"turns":4},{"damage":2,"enemies":"Jaw Worm","floor":2,"turns":3},{"damage":3,"enemies":"Small Slimes","floor":3,"turns":2},{"damage":4,"enemies":"Looter","floor":4,"turns":2},{"damage":15,"enemies":"3 Louse","floor":5,"turns":3},{"damage":28,"enemies":"Gremlin Nob","floor":12,"turns":4},{"damage":10,"enemies":"Gremlin Nob","floor":13,"turns":4},{"damage":21,"enemies":"Hexaghost","floor":16,"turns":9}],"seed_played":"608860962389539112","potions_obtained":[{"floor":2,"key":"SkillPotion"},{"floor":4,"key":"SpeedPotion"}],"is_trial":false,"path_per_floor":["M","M","M","M","M","R","?","R","T","?","R","?","E","T","R","B"],"character_chosen":"DEFECT","items_purchased":[],"campfire_rested":0,"item_purchase_floors":[],"current_hp_per_floor":[63,61,58,54,39,39,39,39,39,56,56,28,18,18,18,0],"gold":141,"neow_bonus":"ONE_RARE_RELIC","is_prod":false,"is_daily":false,"chose_seed":false,"campfire_upgraded":4,"win_rate":0,"timestamp":1565287474,"path_taken":["M","M","M","M","M","R","?","R","T","?","R","?","E","?","R","BOSS"],"build_version":"2019-07-17","purchased_purges":0,"victory":false,"max_hp_per_floor":[71,71,71,71,71,71,71,71,71,71,71,71,71,71,71,71],"card_choices":[{"not_picked":["Streamline","Rebound"],"picked":"Ball Lightning","floor":1},{"not_picked":["Heatsinks","Leap"],"picked":"Conserve Battery","floor":2},{"not_picked":["Consume","Turbo"],"picked":"Beam Cell","floor":3},{"not_picked":["Rebound","Beam Cell"],"picked":"Conserve Battery","floor":4},{"not_picked":["Redo","Scrape"],"picked":"Meteor Strike","floor":5},{"not_picked":["Rip and Tear","Heatsinks"],"picked":"Redo","floor":12},{"not_picked":["Ball Lightning","Compile Driver"],"picked":"Glacier","floor":13}],"player_experience":1832660,"relics_obtained":[{"floor":9,"key":"Bag of Marbles"},{"floor":12,"key":"Orichalcum"},{"floor":13,"key":"Juzu Bracelet"},{"floor":14,"key":"Sundial"}],"event_choices":[{"damage_healed":0,"gold_gain":0,"player_choice":"Grow","damage_taken":0,"max_hp_gain":0,"max_hp_loss":0,"event_name":"Living Wall","floor":7,"gold_loss":0,"cards_upgraded":["Conserve Battery"]},{"damage_healed":17,"gold_gain":0,"player_choice":"Healed","damage_taken":0,"max_hp_gain":0,"max_hp_loss":0,"event_name":"The Cleric","floor":10,"gold_loss":35},{"damage_healed":0,"gold_gain":0,"player_choice":"Searched \u00272\u0027 times","damage_taken":0,"max_hp_gain":0,"max_hp_loss":0,"event_name":"Dead Adventurer","floor":12,"gold_loss":0}],"is_beta":false,"boss_relics":[],"items_purged_floors":[],"is_endless":false,"potions_floor_spawned":[2,4,5],"killed_by":"Hexaghost","ascension_level":17}