{"gold_per_floor":[12,12,28,103,123,123,135,135,135,169,169,169,149,163,163,256,256,277,74,94,119,169,169],"floor_reached":23,"playtime":1120,"items_purged":["Injury"],"score":344,"play_id":"7284c48f-30e8-4180-a71f-1bd061ea414b","local_time":"20190627205639","is_ascension_mode":true,"campfire_choices":[{"data":"Neutralize","floor":6,"key":"SMITH"},{"data":"Glass Knife","floor":8,"key":"SMITH"},{"floor":11,"key":"REST"},{"floor":15,"key":"REST"}],"neow_cost":"NO_GOLD","seed_source_timestamp":851789369730800,"circlet_count":0,"master_deck":["AscendersBane","Survivor","Neutralize+1","Glass Knife+1","Dagger Spray","Terror","Leg Sweep","Escape Plan","Footwork","Bouncing Flask","A Thousand Cuts","Phantasmal Killer","Malaise","Venomology","Flechettes","Reflex","Crippling Poison","Envenom","Dagger Throw","Burst","Adrenaline","Prepared+1","Noxious Fumes","Deflect","Flechettes"],"relics":["Ring of the Snake","Nunchaku","Ninja Scroll","Letter Opener","Golden Idol","Pandora\u0027s Box"],"potions_floor_usage":[7,10,16,16,20,20,21,21,21,23],"damage_taken":[{"damage":0,"enemies":"Small Slimes","floor":1,"turns":5},{"damage":2,"enemies":"Jaw Worm","floor":3,"turns":4},{"damage":0,"enemies":"Cultist","floor":5,"turns":3},{"damage":10,"enemies":"Lots of Slimes","floor":7,"turns":3},{"damage":25,"enemies":"Lagavulin","floor":10,"turns":8},{"damage":0,"enemies":"2 Fungi Beasts","floor":14,"turns":2},{"damage":3,"enemies":"The Guardian","floor":16,"turns":9},{"damage":20,"enemies":"Shell Parasite","floor":18,"turns":5},{"damage":21,"enemies":"Spheric Guardian","floor":20,"turns":5},{"damage":6,"enemies":"Snake Plant","floor":21,"turns":5},{"damage":17,"enemies":"Shelled Parasite and Fungi","floor":23,"turns":2}],"seed_played":"5947959483993869650","potions_obtained":[{"floor":1,"key":"AttackPotion"},{"floor":7,"key":"Swift Potion"},{"floor":13,"key":"Dexterity Potion"},{"floor":14,"key":"Strength Potion"}],"is_trial":false,"path_per_floor":["M","?","M","?","M","R","M","R","T","E","R","?","?","M","R","B",null,"M","$","M","M","?","M"],"character_chosen":"THE_SILENT","items_purchased":["Noxious Fumes","PowerPotion"],"campfire_rested":2,"item_purchase_floors":[19,19],"current_hp_per_floor":[59,54,52,41,41,41,31,31,31,6,25,25,25,25,44,41,60,40,40,19,13,13,0],"gold":169,"neow_bonus":"THREE_RARE_CARDS","is_prod":false,"is_daily":false,"chose_seed":false,"campfire_upgraded":2,"win_rate":0,"timestamp":1561661799,"path_taken":["M","?","M","?","M","R","M","R","T","E","R","?","?","?","R","BOSS","M","$","M","?","?","M"],"build_version":"2019-01-23","purchased_purges":1,"victory":false,"max_hp_per_floor":[66,66,66,66,66,66,66,66,66,66,66,66,66,66,66,66,66,66,66,66,66,66,66],"card_choices":[{"not_picked":["Grand Finale","Tools of the Trade"],"picked":"Glass Knife","floor":0},{"not_picked":["Accuracy","Masterful Stab"],"picked":"Dagger Spray","floor":1},{"not_picked":["Eviscerate","Accuracy"],"picked":"Terror","floor":3},{"not_picked":["Underhanded Strike","Quick Slash"],"picked":"Leg Sweep","floor":5},{"not_picked":["Slice","Catalyst"],"picked":"Escape Plan","floor":7},{"not_picked":["Flying Knee","Underhanded Strike"],"picked":"Footwork","floor":10},{"not_picked":["Terror","Cloak And Dagger"],"picked":"Bouncing Flask","floor":14},{"not_picked":["Grand Finale","Doppelganger"],"picked":"A Thousand Cuts","floor":16},{"not_picked":["Caltrops","Underhanded Strike"],"picked":"Prepared+1","floor":18},{"not_picked":["Concentrate","Blade Dance"],"picked":"Deflect","floor":20},{"not_picked":["Quick Slash","Backflip"],"picked":"Flechettes","floor":21}],"player_experience":1507461,"relics_obtained":[{"floor":9,"key":"Ninja Scroll"},{"floor":10,"key":"Letter Opener"}],"event_choices":[{"damage_healed":0,"gold_gain":0,"player_choice":"Success","damage_taken":5,"relics_obtained":["Nunchaku"],"max_hp_gain":0,"max_hp_loss":0,"event_name":"Scrap Ooze","floor":2,"gold_loss":0},{"damage_healed":0,"gold_gain":75,"player_choice":"Gather Gold","damage_taken":11,"max_hp_gain":0,"max_hp_loss":0,"event_name":"World of Goop","floor":4,"gold_loss":0},{"damage_healed":0,"gold_gain":0,"player_choice":"Take Wound","damage_taken":0,"relics_obtained":["Golden Idol"],"max_hp_gain":0,"max_hp_loss":0,"event_name":"Golden Idol","floor":12,"gold_loss":0,"cards_obtained":["Injury"]},{"damage_healed":0,"gold_gain":0,"player_choice":"Bought 1 Potion","damage_taken":0,"max_hp_gain":0,"max_hp_loss":0,"event_name":"The Woman in Blue","floor":13,"gold_loss":0},{"damage_healed":0,"gold_gain":50,"player_choice":"Stole From Cult","damage_taken":0,"max_hp_gain":0,"max_hp_loss":0,"event_name":"Nest","floor":22,"gold_loss":0}],"is_beta":false,"boss_relics":[{"not_picked":["Snecko Eye","Sozu"],"picked":"Pandora\u0027s Box"}],"items_purged_floors":[19],"is_endless":false,"potions_floor_spawned":[1,7,14],"killed_by":"Shelled Parasite and Fungi","ascension_level":16}