{"gold_per_floor":[214,214,228,228,22,54,54,70,121,121,149,168,68,78,78,155,155,167,92,108,108,121,121,134,152,203,219,235,235,255,40,40,118,118,136,151,23,23,43,43,63,63,133,147,13,13],"floor_reached":46,"playtime":1954,"items_purged":["Strike_B","Decay","Writhe"],"score":832,"play_id":"79144860-8861-44b2-93c2-1404a37e7879","local_time":"20190812204502","is_ascension_mode":true,"campfire_choices":[{"floor":7,"key":"REST"},{"data":"Defragment","floor":15,"key":"SMITH"},{"floor":23,"key":"REST"},{"floor":32,"key":"REST"},{"data":"Storm","floor":40,"key":"SMITH"}],"neow_cost":"NONE","seed_source_timestamp":876309816947500,"circlet_count":0,"master_deck":["AscendersBane","Zap+1","Dualcast","Defragment+1","Gash","Self Repair","Leap","Gash+1","Compile Driver","Coolheaded","Glacier","Electrodynamics","Steam Power","Biased Cognition","Conserve Battery","Undo","Melter","Double Energy+1","Gash+1","J.A.X.","Capacitor","Storm+1","Hologram+1","Self Repair+1","Turbo","BootSequence","Capacitor+1","Fission","Conserve Battery+1","Sunder+1","Capacitor+1","Ball Lightning","Jack Of All Trades","Chrysalis","Discovery","Stack","Chaos+1","Parasite","Hello World+1","Static Discharge+1"],"relics":["Cracked Core","Bag of Preparation","DataDisk","Ornamental Fan","Pandora\u0027s Box","Whetstone","Frozen Egg 2","Runic Pyramid","Shuriken"],"potions_floor_usage":[6,16,18,20,22,28,33,44],"damage_taken":[{"damage":4,"enemies":"Jaw Worm","floor":1,"turns":3},{"damage":1,"enemies":"Cultist","floor":3,"turns":4},{"damage":63,"enemies":"Gremlin Nob","floor":6,"turns":6},{"damage":0,"enemies":"2 Louse","floor":8,"turns":3},{"damage":19,"enemies":"Lagavulin","floor":11,"turns":8},{"damage":0,"enemies":"Looter","floor":12,"turns":3},{"damage":9,"enemies":"Red Slaver","floor":14,"turns":3},{"damage":9,"enemies":"Hexaghost","floor":16,"turns":11},{"damage":19,"enemies":"2 Thieves","floor":18,"turns":3},{"damage":5,"enemies":"Shell Parasite","floor":20,"turns":4},{"damage":22,"enemies":"Chosen and Byrds","floor":22,"turns":6},{"damage":13,"enemies":"Centurion and Healer","floor":24,"turns":7},{"damage":38,"enemies":"Snake Plant","floor":25,"turns":3},{"damage":6,"enemies":"Snecko","floor":27,"turns":5},{"damage":9,"enemies":"Cultist and Chosen","floor":28,"turns":5},{"damage":0,"enemies":"3 Cultists","floor":30,"turns":4},{"damage":39,"enemies":"Automaton","floor":33,"turns":10},{"damage":4,"enemies":"Orb Walker","floor":35,"turns":3},{"damage":24,"enemies":"3 Shapes","floor":36,"turns":3},{"damage":10,"enemies":"3 Darklings","floor":39,"turns":6},{"damage":26,"enemies":"Transient","floor":41,"turns":6},{"damage":26,"enemies":"Writhing Mass","floor":44,"turns":5},{"damage":53,"enemies":"Jaw Worm Horde","floor":46,"turns":3}],"seed_played":"-363548144226837554","potions_obtained":[{"floor":1,"key":"Regen Potion"},{"floor":8,"key":"Explosive Potion"},{"floor":12,"key":"Dexterity Potion"},{"floor":16,"key":"SteroidPotion"},{"floor":18,"key":"Block Potion"},{"floor":20,"key":"Block Potion"},{"floor":27,"key":"Fire Potion"},{"floor":33,"key":"Ancient Potion"},{"floor":36,"key":"Strength Potion"}],"is_trial":false,"path_per_floor":["M","?","M","?","$","E","R","M","T","?","E","M","$","M","R","B",null,"M","?","M","?","M","R","M","M","T","M","M","?","M","$","R","B",null,"M","M","$","?","M","R","M","?","T","M","$","M"],"character_chosen":"DEFECT","items_purchased":["Self Repair","Leap","Capacitor+1","Capacitor+1","Ball Lightning","PowerPotion","Static Discharge+1"],"campfire_rested":3,"item_purchase_floors":[5,5,31,37,37,45,45],"current_hp_per_floor":[60,60,59,52,52,11,32,39,39,39,27,34,34,32,32,30,61,49,49,44,44,29,50,44,13,13,14,22,22,29,29,50,28,60,71,64,64,54,61,61,52,52,52,43,43,0],"gold":13,"neow_bonus":"HUNDRED_GOLD","is_prod":false,"is_daily":false,"chose_seed":false,"campfire_upgraded":2,"win_rate":0,"timestamp":1565635502,"path_taken":["M","?","?","?","$","E","R","M","T","?","E","M","$","M","R","BOSS","M","?","M","?","M","R","M","M","T","M","M","?","M","$","R","BOSS","M","M","$","?","M","R","M","?","T","M","$","M"],"build_version":"2019-07-17","purchased_purges":3,"victory":false,"max_hp_per_floor":[71,71,71,71,71,71,71,71,71,71,71,71,71,71,71,71,71,71,71,71,71,71,71,71,71,71,71,71,71,71,71,71,71,71,71,71,71,71,71,71,71,71,71,71,71,71],"card_choices":[{"not_picked":["Capacitor","Coolheaded"],"picked":"Defragment","floor":1},{"not_picked":["Rebound","Rip and Tear"],"picked":"Gash","floor":3},{"not_picked":["Steam","Leap"],"picked":"Cold Snap","floor":6},{"not_picked":["Ball Lightning","Chill"],"picked":"Gash","floor":8},{"not_picked":["Reprogram","Tempest"],"picked":"Compile Driver","floor":11},{"not_picked":["Auto Shields","Storm"],"picked":"Coolheaded","floor":12},{"not_picked":["Stack","Coolheaded"],"picked":"Glacier","floor":14},{"not_picked":["Seek","Amplify"],"picked":"Electrodynamics","floor":16},{"not_picked":["Cold Snap","Leap"],"picked":"Double Energy+1","floor":18},{"not_picked":["Conserve Battery","Redo"],"picked":"Gash+1","floor":20},{"not_picked":["Gash","Compile Driver"],"picked":"Capacitor","floor":22},{"not_picked":["Rebound","Hologram"],"picked":"Storm","floor":24},{"not_picked":["Sweeping Beam","Cold Snap+1"],"picked":"Hologram+1","floor":25},{"not_picked":["Go for the Eyes","Cold Snap"],"picked":"Self Repair+1","floor":27},{"not_picked":["Steam Power+1","Coolheaded"],"picked":"Turbo","floor":28},{"not_picked":["Hologram","Streamline"],"picked":"BootSequence","floor":30},{"not_picked":["Core Surge","Machine Learning+1"],"picked":"Fission","floor":33},{"not_picked":["Rip and Tear","Redo"],"picked":"Conserve Battery+1","floor":35},{"not_picked":["Stack","Darkness"],"picked":"Sunder+1","floor":36},{"not_picked":["Purity","Mind Blast"],"picked":"Jack Of All Trades","floor":38},{"not_picked":["Purity","Good Instincts"],"picked":"Chrysalis","floor":38},{"not_picked":["Trip","Master of Strategy"],"picked":"Discovery","floor":38},{"not_picked":["Conserve Battery","Streamline"],"picked":"Stack","floor":39},{"not_picked":["Beam Cell","Stack"],"picked":"Chaos+1","floor":41},{"not_picked":["Sweeping Beam","Conserve Battery"],"picked":"Hello World+1","floor":44}],"player_experience":1843437,"relics_obtained":[{"floor":6,"key":"Bag of Preparation"},{"floor":9,"key":"DataDisk"},{"floor":11,"key":"Ornamental Fan"},{"floor":26,"key":"Whetstone"},{"floor":43,"key":"Shuriken"}],"event_choices":[{"damage_healed":0,"gold_gain":0,"player_choice":"Upgraded","damage_taken":0,"max_hp_gain":0,"max_hp_loss":0,"event_name":"Upgrade Shrine","floor":2,"gold_loss":0,"cards_upgraded":["Zap"]},{"cards_removed":["Strike_B"],"damage_healed":0,"gold_gain":0,"player_choice":"Card Removal","damage_taken":7,"max_hp_gain":0,"max_hp_loss":0,"event_name":"Golden Wing","floor":4,"gold_loss":0},{"damage_healed":0,"gold_gain":0,"player_choice":"Cursed","damage_taken":0,"max_hp_gain":0,"max_hp_loss":0,"event_name":"Wheel of Change","floor":10,"gold_loss":0,"cards_obtained":["Decay"]},{"cards_removed":["Hyperbeam"],"damage_healed":0,"gold_gain":0,"player_choice":"Gave Gold","damage_taken":0,"max_hp_gain":0,"max_hp_loss":0,"event_name":"Beggar","floor":19,"gold_loss":75},{"damage_healed":0,"gold_gain":0,"player_choice":"Obtain J.A.X.","damage_taken":0,"max_hp_gain":0,"max_hp_loss":0,"event_name":"Drug Dealer","floor":21,"gold_loss":0,"cards_obtained":["J.A.X."]},{"damage_healed":0,"gold_gain":0,"player_choice":"Opened","damage_taken":0,"relics_obtained":["Frozen Egg 2"],"max_hp_gain":0,"max_hp_loss":0,"event_name":"The Mausoleum","floor":29,"gold_loss":0,"cards_obtained":["Writhe"]},{"damage_healed":0,"gold_gain":0,"player_choice":"Memory 3","damage_taken":10,"max_hp_gain":0,"max_hp_loss":0,"event_name":"SensoryStone","floor":38,"gold_loss":0},{"cards_removed":["Cold Snap"],"damage_healed":0,"gold_gain":0,"player_choice":"Removed Attack","damage_taken":0,"max_hp_gain":0,"max_hp_loss":0,"event_name":"Falling","floor":42,"gold_loss":0}],"is_beta":false,"boss_relics":[{"not_picked":["Black Star","Eternal Feather"],"picked":"Pandora\u0027s Box"},{"not_picked":["Cursed Key","Tiny House"],"picked":"Runic Pyramid"}],"items_purged_floors":[5,13,31],"is_endless":false,"potions_floor_spawned":[1,8,12,16,18,20,27,33,36,39],"killed_by":"Jaw Worm Horde","ascension_level":17}