{"gold_per_floor":[12,32,32,51,65,65,79,79,155,178,213,213,79,79],"floor_reached":14,"playtime":400,"items_purged":["Strike_R"],"score":192,"play_id":"66475e5c-7a30-40de-8258-dfd0eefd3cd2","local_time":"20190718112121","is_ascension_mode":true,"campfire_choices":[{"data":"Armaments","floor":6,"key":"SMITH"},{"data":"Flex","floor":8,"key":"SMITH"}],"neow_cost":"NO_GOLD","seed_source_timestamp":484909393719100,"circlet_count":0,"master_deck":["AscendersBane","Strike_R+1","Strike_R","Strike_R","Defend_R","Defend_R+1","Defend_R","Defend_R","Bash","Heavy Blade","Heavy Blade","Feed","Armaments+1","Flex+1","Shrug It Off","Body Slam","Shockwave","True Grit"],"relics":["Burning Blood","Singing Bowl","Odd Mushroom","Champion Belt"],"potions_floor_usage":[11,14],"damage_taken":[{"damage":9,"enemies":"2 Louse","floor":1,"turns":3},{"damage":7,"enemies":"Jaw Worm","floor":2,"turns":3},{"damage":18,"enemies":"Small Slimes","floor":4,"turns":4},{"damage":14,"enemies":"3 Louse","floor":5,"turns":5},{"damage":7,"enemies":"2 Fungi Beasts","floor":7,"turns":4},{"damage":17,"enemies":"The Mushroom Lair","floor":10,"turns":4},{"damage":22,"enemies":"Lagavulin","floor":11,"turns":7},{"damage":20,"enemies":"3 Sentries","floor":14,"turns":5}],"seed_played":"7937304086332553759","potions_obtained":[{"floor":4,"key":"FairyPotion"},{"floor":10,"key":"AttackPotion"},{"floor":11,"key":"SpeedPotion"}],"is_trial":false,"path_per_floor":["M","M","?","M","M","R","M","R","T","?","E","?","$","E"],"character_chosen":"IRONCLAD","items_purchased":["True Grit"],"campfire_rested":0,"item_purchase_floors":[13],"current_hp_per_floor":[79,78,78,66,61,61,63,63,63,52,36,7,7,0],"gold":79,"neow_bonus":"TWENTY_PERCENT_HP_BONUS","is_prod":false,"is_daily":false,"chose_seed":false,"campfire_upgraded":2,"win_rate":0,"timestamp":1563441681,"path_taken":["M","M","?","M","M","R","M","R","T","?","E","?","$","E"],"build_version":"2019-07-17","purchased_purges":1,"victory":false,"max_hp_per_floor":[89,89,89,89,92,92,95,95,95,95,95,95,95,95],"card_choices":[{"not_picked":["Havoc","Rupture"],"picked":"Heavy Blade","floor":1},{"not_picked":["Reckless Charge","Pummel"],"picked":"Heavy Blade","floor":2},{"not_picked":["Iron Wave","Rage"],"picked":"Armaments","floor":4},{"not_picked":["Juggernaut","Intimidate"],"picked":"Flex","floor":5},{"not_picked":["Rupture","Thunderclap"],"picked":"Shrug It Off","floor":7},{"not_picked":["Thunderclap","Clash"],"picked":"Body Slam","floor":10},{"not_picked":["Flex","Anger"],"picked":"Shockwave","floor":11}],"player_experience":1673090,"relics_obtained":[{"floor":9,"key":"Singing Bowl"},{"floor":10,"key":"Odd Mushroom"},{"floor":11,"key":"Champion Belt"}],"event_choices":[{"damage_healed":0,"gold_gain":0,"cards_transformed":["Strike_R"],"player_choice":"Change","damage_taken":0,"max_hp_gain":0,"max_hp_loss":0,"event_name":"Living Wall","floor":3,"gold_loss":0,"cards_obtained":["Feed"]},{"damage_healed":0,"gold_gain":0,"player_choice":"Fought Mushrooms","damage_taken":0,"max_hp_gain":0,"max_hp_loss":0,"event_name":"Mushrooms","floor":10,"gold_loss":0},{"damage_healed":0,"gold_gain":0,"player_choice":"Entered Light","damage_taken":29,"max_hp_gain":0,"max_hp_loss":0,"event_name":"Shining Light","floor":12,"gold_loss":0,"cards_upgraded":["Strike_R","Defend_R"]}],"is_beta":false,"boss_relics":[],"items_purged_floors":[13],"is_endless":false,"potions_floor_spawned":[4,10,11],"killed_by":"3 Sentries","ascension_level":17}