{"gold_per_floor":[109,126,141,158,83,83,96,96,120,145,157,186,198,222,234,341,353,378,407,419,431,518,588,600,612,624,648,660],"floor_reached":28,"playtime":2012,"items_purged":["Strike_R"],"score":232,"play_id":"ff7269cd-60aa-498f-95ec-6894359c0a59","local_time":"20190329223047","is_ascension_mode":false,"campfire_choices":[{"data":"Shockwave","floor":6.0,"key":"SMITH"},{"data":"Iron Wave","floor":8.0,"key":"SMITH"},{"data":"Shrug It Off","floor":13.0,"key":"SMITH"},{"floor":15.0,"key":"RECALL"},{"data":"Heavy Blade","floor":24.0,"key":"SMITH"}],"neow_cost":"NONE","seed_source_timestamp":351524599716232,"circlet_count":0,"master_deck":["Strike_R","Strike_R","Defend_R","Defend_R","Defend_R","Defend_R","Bash+1","Shockwave+1","Iron Wave+1","Headbutt","Shrug It Off+1","Heavy Blade+1","Double Tap","True Grit+1","J.A.X.","Feel No Pain"],"special_seed":0,"relics":["Burning Blood","MawBank","Mark of Pain","Tiny Chest","Sundial"],"potions_floor_usage":[],"damage_taken":[{"damage":3.0,"enemies":"Jaw Worm","floor":1.0,"turns":4.0},{"damage":1.0,"enemies":"Cultist","floor":2.0,"turns":3.0},{"damage":3.0,"enemies":"Small Slimes","floor":3.0,"turns":4.0},{"damage":2.0,"enemies":"3 Louse","floor":4.0,"turns":5.0},{"damage":22.0,"enemies":"Exordium Thugs","floor":7.0,"turns":4.0},{"damage":0.0,"enemies":"Exordium Wildlife","floor":10.0,"turns":3.0},{"damage":7.0,"enemies":"3 Louse","floor":12.0,"turns":4.0},{"damage":5.0,"enemies":"2 Fungi Beasts","floor":14.0,"turns":4.0},{"damage":45.0,"enemies":"The Guardian","floor":16.0,"turns":15.0},{"damage":7.0,"enemies":"Shell Parasite","floor":18.0,"turns":6.0},{"damage":17.0,"enemies":"3 Byrds","floor":19.0,"turns":7.0},{"damage":52.0,"enemies":"Book of Stabbing","floor":23.0,"turns":7.0},{"damage":3.0,"enemies":"3 Cultists","floor":27.0,"turns":6.0},{"damage":19,"enemies":"Snake Plant","floor":28,"turns":6}],"seed_played":"-1351378181612968533","potions_obtained":[{"floor":2.0,"key":"LiquidBronze"},{"floor":7.0,"key":"Weak Potion"},{"floor":10.0,"key":"FearPotion"},{"floor":12.0,"key":"Weak Potion"},{"floor":16.0,"key":"Block Potion"},{"floor":23.0,"key":"SteroidPotion"}],"is_trial":false,"path_per_floor":["M","M","M","M","$","R","M","R","T","M","?","M","R","M","R","B",null,"M","M","?","?","?","E","R","$","T","M","M"],"character_chosen":"IRONCLAD","items_purchased":[],"campfire_rested":0,"item_purchase_floors":[],"current_hp_per_floor":[80,80,80,80,80,80,64,64,64,70,70,69,69,70,70,31,80,79,68,68,68,60,14,14,14,14,17,0],"gold":660,"neow_bonus":"UPGRADE_CARD","is_prod":false,"is_daily":false,"chose_seed":false,"campfire_upgraded":4,"win_rate":1,"timestamp":1553923847,"path_taken":["M","M","M","M","$","R","M","R","T","M","?","M","R","?","R","BOSS","M","?","?","?","?","E","R","$","T","?","M"],"build_version":"2019-01-23","purchased_purges":1,"victory":false,"max_hp_per_floor":[80,80,80,80,80,80,80,80,80,80,80,80,80,80,80,80,80,80,80,80,80,80,80,80,80,80,80,80],"card_choices":[{"not_picked":["Thunderclap","Heavy Blade"],"picked":"Shockwave","floor":1.0},{"not_picked":["Fire Breathing","Clash","Sword Boomerang"],"picked":"SKIP","floor":2.0},{"not_picked":["Entrench","Intimidate"],"picked":"Iron Wave","floor":3.0},{"not_picked":["Fire Breathing","Warcry","Combust"],"picked":"SKIP","floor":4.0},{"not_picked":["Anger","Seeing Red"],"picked":"Headbutt","floor":7.0},{"not_picked":["Armaments","Body Slam"],"picked":"Shrug It Off","floor":10.0},{"not_picked":["Flex","Corruption"],"picked":"Heavy Blade","floor":12.0},{"not_picked":["Body Slam","Twin Strike","Pommel Strike"],"picked":"SKIP","floor":14.0},{"not_picked":["Brutality","Offering"],"picked":"Double Tap","floor":16.0},{"not_picked":["Warcry","Perfected Strike","Armaments+1"],"picked":"SKIP","floor":18.0},{"not_picked":["Warcry","Perfected Strike","Armaments+1"],"picked":"SKIP","floor":18.0},{"not_picked":["Headbutt","Intimidate"],"picked":"True Grit+1","floor":19.0},{"not_picked":["Berserk","Reckless Charge","Spot Weakness"],"picked":"SKIP","floor":23.0},{"not_picked":["Sword Boomerang+1","Twin Strike"],"picked":"Feel No Pain","floor":27.0}],"player_experience":77125,"relics_obtained":[{"floor":9.0,"key":"MawBank"},{"floor":23.0,"key":"Tiny Chest"},{"floor":26.0,"key":"Sundial"}],"event_choices":[{"cards_removed":["Strike_R"],"damage_healed":0.0,"max_hp_gain":0.0,"max_hp_loss":0.0,"gold_gain":0.0,"event_name":"Bonfire Elementals","player_choice":"Offered Basic","floor":11.0,"gold_loss":0.0,"damage_taken":0.0},{"cards_removed":["Strike_R"],"damage_healed":0.0,"max_hp_gain":0.0,"max_hp_loss":0.0,"gold_gain":0.0,"event_name":"Back to Basics","player_choice":"Elegance","floor":20.0,"gold_loss":0.0,"damage_taken":0.0},{"damage_healed":0.0,"max_hp_gain":0.0,"max_hp_loss":0.0,"gold_gain":0.0,"event_name":"Drug Dealer","player_choice":"Obtain J.A.X.","floor":21.0,"gold_loss":0.0,"damage_taken":0.0,"cards_obtained":["J.A.X."]},{"damage_healed":0.0,"max_hp_gain":0.0,"max_hp_loss":0.0,"gold_gain":75.0,"event_name":"FaceTrader","player_choice":"Touch","floor":22.0,"gold_loss":0.0,"damage_taken":8.0}],"is_beta":false,"boss_relics":[{"not_picked":["Runic Cube","Black Blood"],"picked":"Mark of Pain"}],"items_purged_floors":[5],"is_endless":false,"potions_floor_spawned":[2,7,10,12,16,23],"killed_by":"Snake Plant","ascension_level":0}