{"gold_per_floor":[114,61,61,77,92,92,127,140,167,167,198,211,245,245,245,245],"floor_reached":16,"playtime":658,"items_purged":[],"score":234,"play_id":"e63e90fc-be9c-4a82-ad0d-0331726fb3e5","local_time":"20181029223620","is_ascension_mode":true,"campfire_choices":[{"floor":6,"key":"REST"},{"floor":10,"key":"REST"},{"floor":15,"key":"REST"}],"neow_cost":"NONE","seed_source_timestamp":136564185998849,"circlet_count":0,"master_deck":["Strike_R","Strike_R","Strike_R","Strike_R","Strike_R","Defend_R","Defend_R","Defend_R","Defend_R","Bash","AscendersBane","Headbutt","Rampage","Burning Pact","Shrug It Off","Armaments","Shrug It Off","Twin Strike"],"relics":["Fusion Hammer","Golden Idol","Juzu Bracelet","Bag of Preparation","Lantern","Magic Flower"],"potions_floor_usage":[11,13,16,16],"damage_taken":[{"damage":6,"enemies":"2 Louse","floor":1,"turns":3},{"damage":1,"enemies":"Small Slimes","floor":4,"turns":3},{"damage":1,"enemies":"Cultist","floor":5,"turns":3},{"damage":30,"enemies":"Lagavulin","floor":7,"turns":6},{"damage":12,"enemies":"Large Slime","floor":8,"turns":2},{"damage":9,"enemies":"3 Sentries","floor":11,"turns":6},{"damage":3,"enemies":"Blue Slaver","floor":12,"turns":3},{"damage":7,"enemies":"Lagavulin","floor":13,"turns":6},{"damage":39,"enemies":"Hexaghost","floor":16,"turns":9}],"seed_played":"8261385405312300344","potions_obtained":[{"floor":4,"key":"Dexterity Potion"},{"floor":8,"key":"Block Potion"},{"floor":11,"key":"Swift Potion"},{"floor":13,"key":"Weak Potion"}],"is_trial":false,"path_per_floor":["M","$","?","M","M","R","E","M","T","R","E","M","E","?","R"],"character_chosen":"IRONCLAD","items_purchased":["Fire Potion"],"campfire_rested":3,"item_purchase_floors":[2],"current_hp_per_floor":[62,62,36,35,34,56,26,14,14,36,27,24,17,17,39,0],"gold":245,"neow_bonus":"BOSS_RELIC","is_prod":false,"is_daily":false,"chose_seed":false,"campfire_upgraded":0,"win_rate":0,"timestamp":1540852580,"path_taken":["M","$","?","?","M","R","E","M","T","R","E","M","E","?","R","BOSS"],"build_version":"2018-10-25v2","purchased_purges":0,"victory":false,"max_hp_per_floor":[75,75,75,75,75,75,75,75,75,75,75,75,75,75,75,75],"card_choices":[{"not_picked":["Corruption","Ghostly Armor"],"picked":"Headbutt","floor":1},{"not_picked":["Twin Strike","Burning Pact"],"picked":"Rampage","floor":4},{"not_picked":["Flex","Warcry","Blood for Blood"],"picked":"SKIP","floor":5},{"not_picked":["Flex","Warcry","Blood for Blood"],"picked":"SKIP","floor":5},{"not_picked":["Power Through","Evolve"],"picked":"Burning Pact","floor":7},{"not_picked":["Clash","Fire Breathing"],"picked":"Shrug It Off","floor":8},{"not_picked":["Blood for Blood","Sentinel"],"picked":"Armaments","floor":11},{"not_picked":["Armaments","Warcry"],"picked":"Shrug It Off","floor":12},{"not_picked":["Sever Soul","Dropkick"],"picked":"Twin Strike","floor":13}],"player_experience":938694,"relics_obtained":[{"floor":7,"key":"Juzu Bracelet"},{"floor":9,"key":"Bag of Preparation"},{"floor":11,"key":"Lantern"},{"floor":13,"key":"Magic Flower"}],"event_choices":[{"damage_healed":0,"gold_gain":0,"player_choice":"Take Damage","damage_taken":26,"relics_obtained":["Golden Idol"],"max_hp_gain":0,"max_hp_loss":0,"event_name":"Golden Idol","floor":3,"gold_loss":0},{"damage_healed":0,"gold_gain":0,"player_choice":"Ignored","damage_taken":0,"max_hp_gain":0,"max_hp_loss":0,"event_name":"Liars Game","floor":14,"gold_loss":0}],"is_beta":false,"boss_relics":[],"items_purged_floors":[],"is_endless":false,"potions_floor_spawned":[4,8,11,12,13],"killed_by":"Hexaghost","ascension_level":19}