{"path_per_floor":["M","$","?","M","$","R","M","R","T","E","M","R","?","M","R","B",null,"M","?","$","?","$","E","M","R","T","R"],"character_chosen":"IRONCLAD","items_purchased":["Singing Bowl","Orichalcum","Juzu Bracelet","Evolve"],"gold_per_floor":[212,58,133,152,3,3,14,14,89,117,127,127,127,144,144,240,240,255,180,2,2,2,29,48,48,105,105],"floor_reached":28,"campfire_rested":1,"playtime":1274,"current_hp_per_floor":[80,80,69,65,65,65,64,64,64,50,46,46,46,44,44,22,70,50,50,50,79,79,29,19,19,19,46],"items_purged":[],"gold":105,"play_id":"afc1a0dc-bd7a-4f2e-9481-8cc43df6f182","is_prod":false,"is_daily":false,"is_ascension_mode":true,"campfire_upgraded":5,"path_taken":["M","$","?","M","$","R","M","R","T","E","?","R","?","M","R","BOSS","M","?","$","?","$","E","M","R","T","R","E"],"build_version":"2018-02-01-PROD3","purchased_purges":0,"victory":false,"master_deck":["Strike_R","Strike_R","Strike_R","Strike_R","Defend_R","Defend_R","Defend_R","Defend_R+1","Bash+1","Heavy Blade+1","Rampage+1","Uppercut+1","Double Tap+1","Evolve","Injury"],"max_hp_per_floor":[80,80,80,82,82,82,84,84,84,86,86,86,86,86,86,86,86,88,88,88,88,88,90,92,92,92,92],"relics":["Burning Blood","Singing Bowl","Orichalcum","Dodecahedron","Pen Nib","Cursed Key","Juzu Bracelet","Magic Flower","Tiny Chest"],"card_choices":[{"not_picked":["Clothesline","Dual Wield"],"picked":"Heavy Blade"},{"not_picked":["Burning Pact","Fire Breathing"],"picked":"Rampage"},{"not_picked":["Carnage","Body Slam"],"picked":"Uppercut"},{"not_picked":["Reaper","Exhume"],"picked":"Double Tap"}],"player_experience":166544,"potions_floor_usage":[16,18,28],"damage_taken":[{"damage":6,"enemies":"Cultist","floor":1,"turns":3},{"damage":12,"enemies":"Jaw Worm","floor":4,"turns":4},{"damage":9,"enemies":"Blue Slaver","floor":7,"turns":3},{"damage":22,"enemies":"Gremlin Nob","floor":10,"turns":5},{"damage":10,"enemies":"Looter","floor":11,"turns":3},{"damage":8,"enemies":"Red Slaver","floor":14,"turns":2},{"damage":28,"enemies":"Hexaghost","floor":16,"turns":8},{"damage":28,"enemies":"2 Thieves","floor":18,"turns":4},{"damage":58,"enemies":"Gremlin Leader","floor":23,"turns":8},{"damage":21,"enemies":"Shell Parasite","floor":24,"turns":5},{"damage":46,"enemies":"Slavers","floor":28,"turns":5}],"event_choices":[{"event_name":"World of Goop","player_choice":"Gather Gold","floor":3,"damage_taken":0},{"event_name":"Upgrade Shrine","player_choice":"Upgraded","floor":13,"damage_taken":0},{"event_name":"Beggar","player_choice":"Gave Gold","floor":19,"damage_taken":0},{"event_name":"The Library","player_choice":"Heal","floor":21,"damage_taken":0}],"boss_relics":[{"not_picked":["Black Star","Calling Bell"],"picked":"Cursed Key"}],"potions_floor_spawned":[7,10,14,18,23,24],"seed_played":"-4664705315137101986","killed_by":"Slavers","ascension_level":5,"is_trial":false}