{"gold_per_floor":[365,12,28,103,113,113,141,154,154,154],"floor_reached":10,"playtime":373,"items_purged":["Strike_G"],"score":99,"play_id":"c46f435a-04d9-4825-9823-e0acefb375c0","local_time":"20190330200147","is_ascension_mode":true,"campfire_choices":[{"data":"Skewer","floor":6,"key":"SMITH"}],"neow_cost":"PERCENT_DAMAGE","seed_source_timestamp":394938101659600,"circlet_count":0,"master_deck":["AscendersBane","Defend_G","Defend_G","Defend_G","Defend_G","Defend_G","Strike_G","Strike_G","Strike_G","Strike_G","Survivor","Neutralize","Finisher","Skewer+1","Blur","PiercingWail","Distraction"],"special_seed":0,"relics":["Ring of the Snake","Juzu Bracelet","Odd Mushroom","Dodecahedron"],"potions_floor_usage":[7,10],"damage_taken":[{"damage":0.0,"enemies":"Jaw Worm","floor":1.0,"turns":7.0},{"damage":0,"enemies":"2 Louse","floor":3,"turns":4},{"damage":1,"enemies":"Cultist","floor":5,"turns":5},{"damage":12,"enemies":"The Mushroom Lair","floor":7,"turns":5},{"damage":5,"enemies":"Blue Slaver","floor":8,"turns":4},{"damage":19,"enemies":"Lagavulin","floor":10,"turns":7}],"seed_played":"7587847255406669555","potions_obtained":[{"floor":7,"key":"Weak Potion"},{"floor":8,"key":"SkillPotion"}],"is_trial":false,"path_per_floor":["M","$","M","?","M","R","?","M","T","E"],"character_chosen":"THE_SILENT","items_purchased":["Skewer","Juzu Bracelet","Block Potion"],"campfire_rested":0,"item_purchase_floors":[2,2,2],"current_hp_per_floor":[44,44,44,33,32,32,20,15,15,0],"gold":154,"neow_bonus":"TWO_FIFTY_GOLD","is_prod":false,"is_daily":false,"chose_seed":false,"campfire_upgraded":1,"win_rate":0,"timestamp":1553972507,"path_taken":["M","$","M","?","M","R","?","M","T","E"],"build_version":"2019-01-23","purchased_purges":1,"victory":false,"max_hp_per_floor":[66,66,66,66,66,66,66,66,66,66],"card_choices":[{"not_picked":["Poisoned Stab","Acrobatics"],"picked":"Finisher","floor":1.0},{"not_picked":["Prepared","PiercingWail"],"picked":"Blur","floor":3},{"not_picked":["Dagger Throw","Setup"],"picked":"PiercingWail","floor":5},{"not_picked":["Skewer","Flechettes"],"picked":"Distraction","floor":8}],"player_experience":1021555,"relics_obtained":[{"floor":7,"key":"Odd Mushroom"},{"floor":9,"key":"Dodecahedron"}],"event_choices":[{"damage_healed":0,"gold_gain":75,"player_choice":"Gather Gold","damage_taken":11,"max_hp_gain":0,"max_hp_loss":0,"event_name":"World of Goop","floor":4,"gold_loss":0},{"damage_healed":0,"gold_gain":0,"player_choice":"Fought Mushrooms","damage_taken":0,"max_hp_gain":0,"max_hp_loss":0,"event_name":"Mushrooms","floor":7,"gold_loss":0}],"is_beta":false,"boss_relics":[],"items_purged_floors":[2],"is_endless":false,"potions_floor_spawned":[7,8],"killed_by":"Lagavulin","ascension_level":14}