{"gold_per_floor":[117,117,117,137,137,168,168,179,179,179,179,193,218,218,218,218],"floor_reached":16,"playtime":411,"items_purged":[],"score":253,"play_id":"591d5e94-17c5-4c87-bb7d-2349ec46b278","local_time":"20190815150208","is_ascension_mode":true,"campfire_choices":[{"data":"Zap","floor":7,"key":"SMITH"},{"data":"Cold Snap","floor":11,"key":"SMITH"},{"data":"Coolheaded","floor":15,"key":"SMITH"}],"neow_cost":"NONE","seed_source_timestamp":122513665047200,"circlet_count":0,"master_deck":["AscendersBane","Strike_B","Strike_B","Strike_B","Defend_B+1","Defend_B","Defend_B","Defend_B","Zap+1","Dualcast","Leap+1","Cold Snap+1","BootSequence","Steam","Coolheaded+1","White Noise+1"],"relics":["Cracked Core","NeowsBlessing","Gremlin Horn","Darkstone Periapt","Meat on the Bone","Toxic Egg 2"],"potions_floor_usage":[13,13,16],"damage_taken":[{"damage":0,"enemies":"Jaw Worm","floor":1,"turns":1},{"damage":0,"enemies":"Small Slimes","floor":4,"turns":1},{"damage":0,"enemies":"Gremlin Nob","floor":6,"turns":1},{"damage":0,"enemies":"Cultist","floor":8,"turns":3},{"damage":6,"enemies":"2 Fungi Beasts","floor":12,"turns":3},{"damage":4,"enemies":"Lagavulin","floor":13,"turns":7},{"damage":45,"enemies":"Hexaghost","floor":16,"turns":16}],"seed_played":"-4175872163286612861","potions_obtained":[{"floor":4,"key":"Block Potion"},{"floor":12,"key":"Poison Potion"},{"floor":13,"key":"Dexterity Potion"}],"is_trial":false,"path_per_floor":["M","$","?","M","?","E","R","M","T","T","R","M","E","?","R","B"],"character_chosen":"DEFECT","items_purchased":[],"campfire_rested":0,"item_purchase_floors":[],"current_hp_per_floor":[64,64,43,43,36,36,36,36,36,36,36,42,38,43,43,0],"gold":218,"neow_bonus":"THREE_ENEMY_KILL","is_prod":false,"is_daily":false,"chose_seed":false,"campfire_upgraded":3,"win_rate":0,"timestamp":1565874128,"path_taken":["M","$","?","M","?","E","R","M","T","?","R","M","E","?","R","BOSS"],"build_version":"2019-07-17","purchased_purges":0,"victory":false,"max_hp_per_floor":[71,71,71,71,71,71,71,71,71,71,71,71,71,76,76,76],"card_choices":[{"not_picked":["Redo","Go for the Eyes"],"picked":"Leap","floor":1},{"not_picked":["Hologram","Skim"],"picked":"Cold Snap","floor":4},{"not_picked":["Go for the Eyes","Streamline"],"picked":"BootSequence","floor":6},{"not_picked":["Stack","Rebound"],"picked":"Steam","floor":8},{"not_picked":["Redo","Thunder Strike"],"picked":"Coolheaded","floor":12},{"not_picked":["FTL","Gash"],"picked":"White Noise","floor":13}],"player_experience":1917431,"relics_obtained":[{"floor":6,"key":"Gremlin Horn"},{"floor":9,"key":"Darkstone Periapt"},{"floor":10,"key":"Meat on the Bone"},{"floor":13,"key":"Toxic Egg 2"}],"event_choices":[{"damage_healed":0,"gold_gain":0,"player_choice":"Entered Light","damage_taken":21,"max_hp_gain":0,"max_hp_loss":0,"event_name":"Shining Light","floor":3,"gold_loss":0,"cards_upgraded":["Defend_B","Leap"]},{"cards_removed":["Strike_B"],"damage_healed":0,"gold_gain":0,"player_choice":"Card Removal","damage_taken":7,"max_hp_gain":0,"max_hp_loss":0,"event_name":"Golden Wing","floor":5,"gold_loss":0},{"damage_healed":0,"gold_gain":0,"player_choice":"Donut","damage_taken":0,"max_hp_gain":5,"max_hp_loss":0,"event_name":"Big Fish","floor":14,"gold_loss":0}],"is_beta":false,"boss_relics":[],"items_purged_floors":[],"is_endless":false,"potions_floor_spawned":[4,12,13],"killed_by":"Hexaghost","ascension_level":18}