{"gold_per_floor":[117,117,138,55,55,93,93,126,203,203,71,105,124,145,145,241,241,265,265,45,45,59,102,102,140,140,159,2,2,26,26,26,119,119,139,139,14,35,0,0],"floor_reached":40,"playtime":2300,"items_purged":["Strike_B","Gash","Defend_B"],"score":930,"play_id":"f1e7729f-b603-4305-989b-314f98f5f099","local_time":"20191010185711","is_ascension_mode":true,"campfire_choices":[{"data":"Defragment","floor":7,"key":"SMITH"},{"data":"Sweeping Beam","floor":10,"key":"SMITH"},{"floor":15,"key":"REST"},{"data":"Coolheaded","floor":24,"key":"SMITH"},{"floor":29,"key":"REST"},{"data":"Static Discharge","floor":32,"key":"SMITH"}],"neow_cost":"NONE","seed_source_timestamp":577177062362400,"circlet_count":0,"master_deck":["AscendersBane","Defend_B","Defend_B","Defend_B","Zap","Dualcast","Sweeping Beam+1","Cold Snap","Defragment+1","Chill","Leap","Undo","Ball Lightning","Electrodynamics","Glacier","Necronomicurse","Coolheaded+1","Coolheaded","Static Discharge+1","Undo","Machine Learning","Coolheaded+1","Creative AI","Defragment"],"relics":["Cracked Core","NeowsBlessing","Golden Idol","Anchor","Bag of Marbles","Ornamental Fan","Emotion Chip","Snecko Eye","Necronomicon","ClockworkSouvenir","Strawberry","FossilizedHelix","Letter Opener","Sozu","Blue Candle","Red Mask"],"potions_floor_usage":[11,16,23,25,25],"damage_taken":[{"damage":0,"enemies":"2 Louse","floor":1,"turns":1},{"damage":0,"enemies":"Jaw Worm","floor":3,"turns":1},{"damage":0,"enemies":"Gremlin Nob","floor":6,"turns":1},{"damage":10,"enemies":"3 Sentries","floor":8,"turns":19},{"damage":16,"enemies":"Gremlin Nob","floor":12,"turns":4},{"damage":1,"enemies":"Small Slimes","floor":13,"turns":4},{"damage":0,"enemies":"Looter","floor":14,"turns":3},{"damage":37,"enemies":"Slime Boss","floor":16,"turns":10},{"damage":1,"enemies":"Chosen","floor":18,"turns":5},{"damage":0,"enemies":"Shell Parasite","floor":22,"turns":4},{"damage":21,"enemies":"Book of Stabbing","floor":23,"turns":7},{"damage":20,"enemies":"Slavers","floor":25,"turns":4},{"damage":0,"enemies":"Shelled Parasite and Fungi","floor":27,"turns":2},{"damage":0,"enemies":"Centurion and Healer","floor":30,"turns":9},{"damage":26,"enemies":"Automaton","floor":33,"turns":11},{"damage":0,"enemies":"3 Shapes","floor":35,"turns":6},{"damage":29,"enemies":"3 Darklings","floor":38,"turns":5},{"damage":45,"enemies":"Giant Head","floor":40,"turns":9}],"seed_played":"5523390751752326459","potions_obtained":[{"floor":3,"key":"LiquidBronze"},{"floor":6,"key":"Fruit Juice"},{"floor":16,"key":"Explosive Potion"},{"floor":23,"key":"AttackPotion"},{"floor":25,"key":"Strength Potion"}],"is_trial":false,"path_per_floor":["M","?","M","$","?","E","R","E","T","R","$","E","M","M","R","B",null,"M","?","$","?","M","E","R","E","T","M","$","R","M","?","R","B",null,"M","T","$","M","?","E"],"character_chosen":"DEFECT","items_purchased":["Defragment","Strength Potion","ClockworkSouvenir","Dexterity Potion"],"campfire_rested":2,"item_purchase_floors":[4,11,20,28],"current_hp_per_floor":[64,40,40,40,45,45,45,35,35,35,40,24,23,23,47,10,63,62,41,41,41,41,27,27,7,7,7,7,33,33,33,33,7,68,68,68,68,39,39,0],"gold":0,"neow_bonus":"THREE_ENEMY_KILL","is_prod":false,"is_daily":false,"chose_seed":false,"campfire_upgraded":4,"win_rate":0,"timestamp":1570730231,"path_taken":["M","?","M","$","?","E","R","E","T","R","?","E","M","M","R","BOSS","M","?","$","?","M","E","R","E","T","M","?","R","M","?","R","BOSS","M","?","$","M","?","E"],"build_version":"2019-07-17","purchased_purges":3,"victory":false,"max_hp_per_floor":[71,71,71,71,76,76,76,76,76,76,81,81,81,81,81,81,81,81,81,81,81,81,88,88,88,88,88,88,88,88,88,88,88,88,88,88,88,88,88,88],"card_choices":[{"not_picked":["Gash","Chill"],"picked":"Sweeping Beam","floor":1},{"not_picked":["Loop","Turbo"],"picked":"Cold Snap","floor":3},{"not_picked":["Fusion","Steam"],"picked":"Chill","floor":6},{"not_picked":["Gash","Barrage"],"picked":"Leap","floor":8},{"not_picked":["Meteor Strike","Force Field"],"picked":"Undo","floor":12},{"not_picked":["Streamline","Chaos"],"picked":"Ball Lightning","floor":13},{"not_picked":["Leap","Storm","Rebound"],"picked":"SKIP","floor":14},{"not_picked":["Seek","Core Surge"],"picked":"Electrodynamics","floor":16},{"not_picked":["Ball Lightning","Sweeping Beam"],"picked":"Glacier","floor":18},{"not_picked":["FTL","Leap","Coolheaded"],"picked":"SKIP","floor":22},{"not_picked":["FTL","Leap"],"picked":"Coolheaded","floor":22},{"not_picked":["Compile Driver","Turbo"],"picked":"Static Discharge","floor":23},{"not_picked":["Conserve Battery","Rebound"],"picked":"Undo","floor":25},{"not_picked":["Sweeping Beam","Leap+1"],"picked":"Machine Learning","floor":27},{"not_picked":["Beam Cell","Steam"],"picked":"Coolheaded+1","floor":30},{"not_picked":["Machine Learning","Core Surge"],"picked":"Creative AI","floor":33},{"not_picked":["Gash+1","Undo","Scrape"],"picked":"SKIP","floor":35},{"not_picked":["Streamline","Conserve Battery"],"picked":"Defragment","floor":38}],"player_experience":1221886,"relics_obtained":[{"floor":6,"key":"Anchor"},{"floor":8,"key":"Bag of Marbles"},{"floor":9,"key":"Ornamental Fan"},{"floor":12,"key":"Emotion Chip"},{"floor":19,"key":"Necronomicon"},{"floor":23,"key":"Strawberry"},{"floor":25,"key":"FossilizedHelix"},{"floor":26,"key":"Letter Opener"},{"floor":36,"key":"Blue Candle"}],"event_choices":[{"damage_healed":0,"gold_gain":0,"player_choice":"Take Damage","damage_taken":24,"relics_obtained":["Golden Idol"],"max_hp_gain":0,"max_hp_loss":0,"event_name":"Golden Idol","floor":2,"gold_loss":0},{"damage_healed":0,"gold_gain":0,"player_choice":"Donut","damage_taken":0,"max_hp_gain":5,"max_hp_loss":0,"event_name":"Big Fish","floor":5,"gold_loss":0},{"damage_healed":0,"gold_gain":0,"player_choice":"Obtained Book","damage_taken":21,"max_hp_gain":0,"max_hp_loss":0,"event_name":"Cursed Tome","floor":19,"gold_loss":0},{"damage_healed":0,"gold_gain":0,"cards_transformed":["Strike_B","Strike_B"],"player_choice":"Became Test Subject","damage_taken":0,"max_hp_gain":0,"max_hp_loss":0,"event_name":"Drug Dealer","floor":21,"gold_loss":0,"cards_obtained":["Gash","Coolheaded"]},{"cards_removed":["Strike_B"],"damage_healed":0,"gold_gain":0,"player_choice":"Purged","damage_taken":0,"max_hp_gain":0,"max_hp_loss":0,"event_name":"Purifier","floor":31,"gold_loss":0},{"damage_healed":0,"gold_gain":0,"player_choice":"Paid","damage_taken":0,"relics_obtained":["Red Mask"],"max_hp_gain":0,"max_hp_loss":0,"event_name":"Tomb of Lord Red Mask","floor":39,"gold_loss":35}],"is_beta":false,"boss_relics":[{"not_picked":["Ectoplasm","White Beast Statue"],"picked":"Snecko Eye"},{"not_picked":["Nuclear Battery","Orrery"],"picked":"Sozu"}],"items_purged_floors":[11,28,37],"is_endless":false,"potions_floor_spawned":[3,6,14,16,23,25],"killed_by":"Giant Head","ascension_level":20}