{"gold_per_floor":[111,111,12,12,22,22,35,35,85,105,105,105,116,128,128,228,228,241,241,257,257,257,292,292,307,334,344,344,363,380,256,256,351,351,371,1,11,11,11,11,44,44,44,89,121,121,25,41,41,41],"floor_reached":51,"playtime":3049,"items_purged":["Strike_G","Reflex","Strike_G+1"],"score":1056,"play_id":"bc894a88-3e69-4e09-a87e-7f5e85f62bb9","local_time":"20190930184638","is_ascension_mode":true,"campfire_choices":[{"data":"Neutralize","floor":6.0,"key":"SMITH"},{"data":"Noxious Fumes","floor":8.0,"key":"SMITH"},{"data":"Dash","floor":11.0,"key":"SMITH"},{"data":"Footwork","floor":15.0,"key":"SMITH"},{"data":"Tactician","floor":24.0,"key":"SMITH"},{"data":"Catalyst","floor":28.0,"key":"SMITH"},{"floor":32.0,"key":"REST"},{"data":"Apotheosis","floor":40.0,"key":"SMITH"},{"data":"Backflip","floor":42.0,"key":"SMITH"},{"data":"Adrenaline","floor":46,"key":"SMITH"},{"data":"Tools of the Trade","floor":49,"key":"SMITH"}],"neow_cost":"NONE","seed_source_timestamp":5223256430253,"circlet_count":0,"master_deck":["AscendersBane","Defend_G","Defend_G","Defend_G","Defend_G","Defend_G","Survivor","Neutralize+1","Dash+1","Die Die Die","Flying Knee","Noxious Fumes+1","Leg Sweep","Footwork+1","Tools of the Trade+1","Catalyst+1","Backflip+1","Backstab","Backflip+1","Tactician+1","Adrenaline+1","Reflex+1","Bane","Well Laid Plans+1","Apotheosis+1","Escape Plan+1","Tactician+1"],"special_seed":0,"relics":["Ring of the Snake","Whetstone","Centennial Puzzle","Pantograph","Orrery","PreservedInsect","Blood Vial","Cursed Key","Meat on the Bone","Oddly Smooth Stone","Incense Burner","Potion Belt"],"potions_floor_usage":[50,50],"damage_taken":[{"damage":0.0,"enemies":"Cultist","floor":1.0,"turns":4.0},{"damage":0.0,"enemies":"Jaw Worm","floor":5.0,"turns":3.0},{"damage":0.0,"enemies":"2 Louse","floor":7.0,"turns":2.0},{"damage":6.0,"enemies":"Lots of Slimes","floor":10.0,"turns":4.0},{"damage":0.0,"enemies":"Blue Slaver","floor":13.0,"turns":4.0},{"damage":0.0,"enemies":"3 Louse","floor":14.0,"turns":3.0},{"damage":24.0,"enemies":"The Guardian","floor":16.0,"turns":12.0},{"damage":17.0,"enemies":"2 Thieves","floor":18.0,"turns":4.0},{"damage":3.0,"enemies":"Shell Parasite","floor":20.0,"turns":9.0},{"damage":21.0,"enemies":"Book of Stabbing","floor":23.0,"turns":8.0},{"damage":7.0,"enemies":"Centurion and Healer","floor":25.0,"turns":8.0},{"damage":4.0,"enemies":"Shelled Parasite and Fungi","floor":27.0,"turns":6.0},{"damage":18.0,"enemies":"Sentry and Sphere","floor":29.0,"turns":7.0},{"damage":9.0,"enemies":"Snake Plant","floor":30.0,"turns":7.0},{"damage":45.0,"enemies":"Automaton","floor":33.0,"turns":13.0},{"damage":0.0,"enemies":"3 Shapes","floor":35.0,"turns":6.0},{"damage":0.0,"enemies":"Orb Walker","floor":37.0,"turns":4.0},{"damage":5.0,"enemies":"Reptomancer","floor":41.0,"turns":6.0},{"damage":24.0,"enemies":"2 Orb Walkers","floor":44.0,"turns":7.0},{"damage":15,"enemies":"Nemesis","floor":45,"turns":9},{"damage":1,"enemies":"4 Shapes","floor":48,"turns":6},{"damage":1,"enemies":"Awakened One","floor":50,"turns":21}],"seed_played":"8610340055289319151","potions_obtained":[{"floor":1.0,"key":"Energy Potion"},{"floor":5.0,"key":"LiquidBronze"},{"floor":7.0,"key":"Poison Potion"},{"floor":13.0,"key":"Regen Potion"},{"floor":23.0,"key":"EssenceOfSteel"},{"floor":27.0,"key":"Fire Potion"},{"floor":30.0,"key":"Poison Potion"},{"floor":33.0,"key":"FearPotion"},{"floor":45,"key":"Swift Potion"},{"floor":48,"key":"Fire Potion"}],"is_trial":false,"path_per_floor":["M","?","$","?","M","R","M","R","T","M","R","?","M","M","R","B",null,"M","?","M","?","?","E","R","M","T","M","R","M","M","$","R","B",null,"M","$","M","?","$","R","E","R","T","?","E","R","$","M","R","B",null],"character_chosen":"THE_SILENT","items_purchased":["Flying Knee","Bane","Meat on the Bone","Poison Potion","Weak Potion"],"campfire_rested":1,"item_purchase_floors":[3,31,36,47,47],"current_hp_per_floor":[63,63,63,56,56,56,56,56,56,50,50,50,50,50,50,46,64,47,47,44,44,44,38,38,31,31,29,29,13,6,6,27,9,55,57,57,59,59,59,59,56,56,56,46,45,45,45,46,46,69],"gold":41,"neow_bonus":"RANDOM_COMMON_RELIC","is_prod":false,"is_daily":false,"chose_seed":false,"campfire_upgraded":10,"win_rate":0,"timestamp":1569894398,"path_taken":["M","?","$","?","M","R","M","R","T","M","R","?","?","M","R","BOSS","M","?","M","?","?","E","R","M","T","M","R","?","M","$","R","BOSS","M","$","?","?","?","R","E","R","T","?","E","R","?","M","R","BOSS"],"build_version":"2019-07-17","purchased_purges":3,"victory":true,"max_hp_per_floor":[70,70,70,70,70,70,70,70,70,70,70,70,70,70,70,70,70,70,70,70,70,70,70,70,70,70,70,70,70,70,70,70,70,70,70,70,70,70,70,70,70,70,70,70,70,70,70,70,70,70],"card_choices":[{"not_picked":["Deadly Poison","Concentrate"],"picked":"Dash","floor":1.0},{"not_picked":["Deflect","Slice","Dagger Throw"],"picked":"SKIP","floor":5.0},{"not_picked":["Deadly Poison","Prepared"],"picked":"Noxious Fumes","floor":7.0},{"not_picked":["Crippling Poison","Blur"],"picked":"Leg Sweep","floor":10.0},{"not_picked":["Deadly Poison","Eviscerate"],"picked":"Footwork","floor":13.0},{"not_picked":["Poisoned Stab","PiercingWail","Prepared"],"picked":"SKIP","floor":14.0},{"not_picked":["Phantasmal Killer","After Image"],"picked":"Tools of the Trade","floor":16.0},{"not_picked":["Well Laid Plans","Poisoned Stab"],"picked":"Catalyst","floor":17.0},{"not_picked":["Underhanded Strike","PiercingWail"],"picked":"Backflip","floor":17.0},{"not_picked":["Distraction","Prepared"],"picked":"Reflex","floor":17.0},{"not_picked":["Dagger Spray","Quick Slash"],"picked":"Backstab","floor":17.0},{"not_picked":["Cloak And Dagger","Choke+1"],"picked":"Backflip+1","floor":18.0},{"not_picked":["Wraith Form v2","Poisoned Stab","Outmaneuver"],"picked":"SKIP","floor":20.0},{"not_picked":["Reflex+1","Cloak And Dagger+1"],"picked":"Adrenaline","floor":23.0},{"not_picked":["Deadly Poison+1","Slice"],"picked":"Reflex+1","floor":25.0},{"not_picked":["Slice","Deadly Poison","Dagger Throw"],"picked":"SKIP","floor":27.0},{"not_picked":["Cloak And Dagger","Expertise","PiercingWail"],"picked":"SKIP","floor":29.0},{"not_picked":["Die Die Die","Tactician+1","PiercingWail"],"picked":"SKIP","floor":30.0},{"not_picked":["Tactician","Expertise"],"picked":"Well Laid Plans+1","floor":35.0},{"not_picked":["Setup","Outmaneuver","Blade Dance+1"],"picked":"SKIP","floor":37.0},{"not_picked":["Setup","Outmaneuver","Blade Dance+1"],"picked":"SKIP","floor":37.0},{"not_picked":["Flash of Steel","Master of Strategy"],"picked":"Apotheosis","floor":38.0},{"not_picked":["Prepared","Dash+1"],"picked":"Escape Plan+1","floor":41.0},{"not_picked":["Dagger Spray+1","Acrobatics"],"picked":"Tactician+1","floor":45},{"not_picked":["Infinite Blades+1","Deflect+1","Dagger Throw"],"picked":"SKIP","floor":48}],"player_experience":277656,"relics_obtained":[{"floor":9.0,"key":"Centennial Puzzle"},{"floor":23.0,"key":"PreservedInsect"},{"floor":26.0,"key":"Blood Vial"},{"floor":41.0,"key":"Oddly Smooth Stone"},{"floor":44.0,"key":"Incense Burner"},{"floor":45,"key":"Potion Belt"}],"event_choices":[{"damage_healed":0.0,"max_hp_gain":0.0,"max_hp_loss":0.0,"gold_gain":0.0,"cards_transformed":["Strike_G"],"event_name":"Living Wall","player_choice":"Change","floor":2.0,"gold_loss":0.0,"damage_taken":0.0,"cards_obtained":["Die Die Die"]},{"cards_removed":["Strike_G"],"damage_healed":0.0,"max_hp_gain":0.0,"max_hp_loss":0.0,"gold_gain":0.0,"event_name":"Golden Wing","player_choice":"Card Removal","floor":4.0,"gold_loss":0.0,"damage_taken":7.0},{"damage_healed":0.0,"max_hp_gain":0.0,"max_hp_loss":0.0,"gold_gain":0.0,"event_name":"WeMeetAgain","player_choice":"Gave Potion","floor":12.0,"gold_loss":0.0,"damage_taken":0.0,"relics_obtained":["Pantograph"]},{"damage_healed":0.0,"max_hp_gain":0.0,"max_hp_loss":0.0,"gold_gain":0.0,"event_name":"The Library","player_choice":"Read","floor":19.0,"gold_loss":0.0,"damage_taken":0.0,"cards_obtained":["Tactician"]},{"cards_removed":["Strike_G"],"damage_healed":0.0,"max_hp_gain":0.0,"max_hp_loss":0.0,"gold_gain":0.0,"event_name":"Back to Basics","player_choice":"Elegance","floor":21.0,"gold_loss":0.0,"damage_taken":0.0},{"damage_healed":0.0,"max_hp_gain":0.0,"max_hp_loss":0.0,"gold_gain":0.0,"event_name":"Vampires","player_choice":"Ignored","floor":22.0,"gold_loss":0.0,"damage_taken":0.0},{"damage_healed":0.0,"max_hp_gain":0.0,"max_hp_loss":0.0,"gold_gain":0.0,"event_name":"SensoryStone","player_choice":"Memory 1","floor":38.0,"gold_loss":0.0,"damage_taken":0.0},{"damage_healed":0.0,"max_hp_gain":0.0,"max_hp_loss":0.0,"gold_gain":0.0,"event_name":"Mysterious Sphere","player_choice":"Fight","floor":44.0,"gold_loss":0.0,"damage_taken":0.0}],"is_beta":false,"boss_relics":[{"not_picked":["Runic Dome","WristBlade"],"picked":"Orrery"},{"not_picked":["HoveringKite","Tiny House"],"picked":"Cursed Key"}],"items_purged_floors":[3,31,36],"is_endless":false,"potions_floor_spawned":[1,5,7,13,23,27,30,33,45,48],"ascension_level":11}