{"gold_per_floor":[113,124,10,160,180,180,192,192,192,205,30,64,64,84,84,84],"floor_reached":16,"playtime":589,"items_purged":["Strike_R","Doubt"],"score":184,"play_id":"5f586baf-b276-4485-817e-788e6c066f9e","local_time":"20190610142059","is_ascension_mode":true,"campfire_choices":[{"data":"True Grit","floor":6,"key":"SMITH"},{"data":"Shockwave","floor":8,"key":"SMITH"},{"data":"Whirlwind","floor":13,"key":"SMITH"},{"data":"Body Slam","floor":15,"key":"SMITH"}],"neow_cost":"PERCENT_DAMAGE","seed_source_timestamp":294158608914100,"circlet_count":0,"master_deck":["AscendersBane","Strike_R","Strike_R","Strike_R","Strike_R","Defend_R","Defend_R","Defend_R","Defend_R","Bash","Dramatic Entrance","Forethought","Shockwave+1","Body Slam+1","Inflame","True Grit+1","Iron Wave","Pommel Strike","Whirlwind+1","Dual Wield","Carnage"],"relics":["Burning Blood","Dream Catcher","The Courier"],"potions_floor_usage":[7,12],"damage_taken":[{"damage":0,"enemies":"Small Slimes","floor":1,"turns":3},{"damage":7,"enemies":"Jaw Worm","floor":2,"turns":4},{"damage":11,"enemies":"Cultist","floor":5,"turns":5},{"damage":0,"enemies":"Lots of Slimes","floor":7,"turns":3},{"damage":6,"enemies":"Red Slaver","floor":10,"turns":4},{"damage":15,"enemies":"Lagavulin","floor":12,"turns":8},{"damage":9,"enemies":"Gremlin Gang","floor":14,"turns":4},{"damage":44,"enemies":"Hexaghost","floor":16,"turns":10}],"seed_played":"-455681390266116421","potions_obtained":[{"floor":2,"key":"Block Potion"},{"floor":10,"key":"Block Potion"}],"is_trial":false,"path_per_floor":["M","M","$","?","M","R","M","R","T","M","$","E","R","M","R","B"],"character_chosen":"IRONCLAD","items_purchased":["Inflame","Whirlwind"],"campfire_rested":0,"item_purchase_floors":[3,11],"current_hp_per_floor":[56,55,55,55,50,50,56,56,56,56,56,47,47,44,44,0],"gold":84,"neow_bonus":"RANDOM_COLORLESS_2","is_prod":false,"is_daily":false,"chose_seed":false,"campfire_upgraded":4,"win_rate":0,"timestamp":1560169259,"path_taken":["M","M","$","?","M","R","M","R","T","M","?","E","R","M","R","BOSS"],"build_version":"2019-01-23","purchased_purges":2,"victory":false,"max_hp_per_floor":[75,75,75,75,75,75,75,75,75,75,75,75,75,75,75,75],"card_choices":[{"not_picked":["Metallicize","Clothesline"],"picked":"Shockwave","floor":1},{"not_picked":["Wild Strike","Ghostly Armor"],"picked":"Body Slam","floor":2},{"not_picked":["Headbutt","Intimidate"],"picked":"True Grit","floor":5},{"not_picked":["Ghostly Armor","True Grit"],"picked":"Iron Wave","floor":7},{"not_picked":["Berserk","Searing Blow"],"picked":"Pommel Strike","floor":10},{"not_picked":["Dropkick","Clash"],"picked":"Dual Wield","floor":12},{"not_picked":["Havoc","Cleave"],"picked":"Carnage","floor":14}],"player_experience":1284314,"relics_obtained":[{"floor":9,"key":"Dream Catcher"},{"floor":12,"key":"The Courier"}],"event_choices":[{"damage_healed":0,"gold_gain":150,"player_choice":"AGREE","damage_taken":0,"max_hp_gain":0,"max_hp_loss":0,"event_name":"Liars Game","floor":4,"gold_loss":0,"cards_obtained":["Doubt"]}],"is_beta":false,"boss_relics":[],"items_purged_floors":[3,11],"is_endless":false,"potions_floor_spawned":[2,10],"killed_by":"Hexaghost","ascension_level":16}