{"gold_per_floor":[112,112,132,57,68,98,114,264,264,264],"floor_reached":10,"playtime":206,"items_purged":["Strike_B"],"score":136,"play_id":"b5f103c9-199a-4d50-b23b-261cbe81e3ec","local_time":"20190707231522","is_ascension_mode":true,"campfire_choices":[],"neow_cost":"NONE","seed_source_timestamp":880201139408071,"circlet_count":0,"master_deck":["AscendersBane","Strike_B","Strike_B","Strike_B","Defend_B","Defend_B","Defend_B","Defend_B","Zap","Dualcast","Sweeping Beam","Beam Cell","Biased Cognition","Genetic Algorithm","Sunder","Doubt"],"relics":["Cracked Core","NeowsBlessing","Happy Flower","PreservedInsect"],"potions_floor_usage":[6,6],"damage_taken":[{"damage":0,"enemies":"Cultist","floor":1,"turns":1},{"damage":0,"enemies":"2 Louse","floor":3,"turns":1},{"damage":0,"enemies":"Small Slimes","floor":5,"turns":1},{"damage":32,"enemies":"Gremlin Nob","floor":6,"turns":4},{"damage":31,"enemies":"Gremlin Gang","floor":7,"turns":3}],"seed_played":"7303449309919206683","potions_obtained":[{"floor":1,"key":"Ancient Potion"},{"floor":2,"key":"SteroidPotion"},{"floor":7,"key":"AttackPotion"}],"is_trial":false,"path_per_floor":["M","?","M","$","M","E","M","?","T","?"],"character_chosen":"DEFECT","items_purchased":[],"campfire_rested":0,"item_purchase_floors":[],"current_hp_per_floor":[64,64,64,64,64,32,1,1,1,0],"gold":264,"neow_bonus":"THREE_ENEMY_KILL","is_prod":false,"is_daily":false,"chose_seed":false,"campfire_upgraded":0,"win_rate":0,"timestamp":1562537722,"path_taken":["M","?","M","$","?","E","M","?","T","?"],"build_version":"2019-07-05","purchased_purges":1,"victory":false,"max_hp_per_floor":[71,71,71,71,71,71,71,71,71,71],"card_choices":[{"not_picked":["Reinforced Body","Hello World"],"picked":"Sweeping Beam","floor":1},{"not_picked":["Reinforced Body","Rebound"],"picked":"Beam Cell","floor":3},{"not_picked":["Stack","Beam Cell"],"picked":"Biased Cognition","floor":5},{"not_picked":["Steam","Steam Power"],"picked":"Genetic Algorithm","floor":6},{"not_picked":["Steam","Gash"],"picked":"Sunder","floor":7}],"player_experience":1142358,"relics_obtained":[{"floor":6,"key":"Happy Flower"},{"floor":9,"key":"PreservedInsect"}],"event_choices":[{"damage_healed":0,"gold_gain":0,"player_choice":"Got Potions","damage_taken":0,"max_hp_gain":0,"max_hp_loss":0,"event_name":"Lab","floor":2,"gold_loss":0},{"damage_healed":0,"gold_gain":150,"player_choice":"AGREE","damage_taken":0,"max_hp_gain":0,"max_hp_loss":0,"event_name":"Liars Game","floor":8,"gold_loss":0,"cards_obtained":["Doubt"]}],"is_beta":false,"boss_relics":[],"items_purged_floors":[4],"is_endless":false,"potions_floor_spawned":[1,3,7],"ascension_level":20}