{"gold_per_floor":[20,20,32,45,57,57,89,89,89,117,42,56,56,68,68,173,173,186,2,21,21,21,21],"floor_reached":23,"playtime":838,"items_purged":["Strike_B"],"score":322,"play_id":"f86b3a19-61d9-45d3-9397-2e8c43af250f","local_time":"20190227202730","is_ascension_mode":true,"campfire_choices":[{"data":"Zap","floor":6,"key":"SMITH"},{"floor":8,"key":"REST"},{"data":"Conserve Battery","floor":13,"key":"SMITH"},{"floor":15,"key":"REST"}],"neow_cost":"NO_GOLD","seed_source_timestamp":664890358677900,"circlet_count":0,"master_deck":["AscendersBane","Defend_B","Defend_B","Zap+1","Dualcast","Coolheaded","Compile Driver","Hologram","Conserve Battery+1","Cold Snap","Self Repair","Storm","Electrodynamics","Conserve Battery","Apotheosis","Blizzard+1"],"relics":["Cracked Core","Bag of Marbles","Symbiotic Virus","Nunchaku","Empty Cage"],"potions_floor_usage":[4,18,18],"damage_taken":[{"damage":3,"enemies":"Small Slimes","floor":1,"turns":3},{"damage":0,"enemies":"Cultist","floor":3,"turns":3},{"damage":0,"enemies":"Jaw Worm","floor":4,"turns":3},{"damage":14,"enemies":"Exordium Thugs","floor":5,"turns":4},{"damage":37,"enemies":"3 Sentries","floor":7,"turns":10},{"damage":9,"enemies":"Lagavulin","floor":10,"turns":5},{"damage":0,"enemies":"Blue Slaver","floor":12,"turns":3},{"damage":0,"enemies":"Looter","floor":14,"turns":2},{"damage":12,"enemies":"The Guardian","floor":16,"turns":13},{"damage":18,"enemies":"2 Thieves","floor":18,"turns":4},{"damage":2,"enemies":"Shell Parasite","floor":20,"turns":6},{"damage":57,"enemies":"Gremlin Leader","floor":23,"turns":4}],"seed_played":"2601961607912507792","potions_obtained":[{"floor":3,"key":"Energy Potion"},{"floor":7,"key":"Energy Potion"},{"floor":16,"key":"AttackPotion"}],"is_trial":false,"path_per_floor":["M","?","M","M","M","R","E","R","T","E","$","M","R","M","R","B",null,"M","$","M","$","?","E"],"character_chosen":"DEFECT","items_purchased":["Apotheosis"],"campfire_rested":2,"item_purchase_floors":[19],"current_hp_per_floor":[65,65,65,65,51,51,14,36,36,27,27,27,27,27,49,44,67,56,56,64,64,50,0],"gold":21,"neow_bonus":"REMOVE_TWO","is_prod":false,"is_daily":false,"chose_seed":false,"campfire_upgraded":2,"win_rate":0,"timestamp":1551295650,"path_taken":["M","?","M","M","?","R","E","R","T","E","$","M","R","M","R","BOSS","M","?","?","$","?","E"],"build_version":"2019-01-23","purchased_purges":1,"victory":false,"max_hp_per_floor":[75,75,75,75,75,75,75,75,75,75,75,75,75,75,75,75,75,75,75,75,75,80,80],"card_choices":[{"not_picked":["Go for the Eyes","Leap"],"picked":"Coolheaded","floor":1},{"not_picked":["BootSequence","Coolheaded"],"picked":"Compile Driver","floor":3},{"not_picked":["Turbo","Rebound","Recycle"],"picked":"SKIP","floor":4},{"not_picked":["Cold Snap","Turbo"],"picked":"Hologram","floor":5},{"not_picked":["Coolheaded","Fission"],"picked":"Conserve Battery","floor":7},{"not_picked":["Meteor Strike","Barrage"],"picked":"Cold Snap","floor":10},{"not_picked":["Go for the Eyes","Undo"],"picked":"Self Repair","floor":12},{"not_picked":["Coolheaded","Turbo"],"picked":"Storm","floor":14},{"not_picked":["Reboot","Amplify"],"picked":"Electrodynamics","floor":16},{"not_picked":["Sweeping Beam","Force Field"],"picked":"Conserve Battery","floor":18},{"not_picked":["Genetic Algorithm","Leap"],"picked":"Blizzard+1","floor":20}],"player_experience":874922,"relics_obtained":[{"floor":7,"key":"Bag of Marbles"},{"floor":9,"key":"Symbiotic Virus"},{"floor":10,"key":"Nunchaku"}],"event_choices":[{"cards_removed":["Defend_B"],"damage_healed":0,"gold_gain":0,"player_choice":"Purged","damage_taken":0,"max_hp_gain":0,"max_hp_loss":0,"event_name":"Purifier","floor":2,"gold_loss":0},{"damage_healed":0,"gold_gain":0,"player_choice":"Shed Blood","damage_taken":19,"max_hp_gain":5,"max_hp_loss":0,"event_name":"Forgotten Altar","floor":22,"gold_loss":0}],"is_beta":false,"boss_relics":[{"not_picked":["Lizard Tail","Eternal Feather"],"picked":"Empty Cage"}],"items_purged_floors":[11],"is_endless":false,"potions_floor_spawned":[3,7,16],"killed_by":"Gremlin Leader","ascension_level":12}