{"gold_per_floor":[111,111,111,36,53,53,87,98,151,168,168,168,196,213,213,286,286,300,127,127,137,41,41,41,41,41,41,101,101,119,119],"floor_reached":31,"playtime":791,"items_purged":["Strike_B","Defend_B"],"score":501,"play_id":"b37bd550-3b48-4cb1-b81a-3bbe4768da97","local_time":"20190517235139","is_ascension_mode":true,"campfire_choices":[{"data":"Zap","floor":6,"key":"SMITH"},{"data":"Loop","floor":11,"key":"SMITH"},{"data":"Sunder","floor":15,"key":"SMITH"},{"data":"Enlightenment","floor":23,"key":"SMITH"},{"data":"Ghostly","floor":25,"key":"SMITH"},{"data":"Chaos","floor":27,"key":"SMITH"},{"floor":29,"key":"REST"}],"neow_cost":"NONE","seed_source_timestamp":347718403784900,"circlet_count":0,"master_deck":["AscendersBane","Strike_B+1","Defend_B+1","Zap+1","Dualcast","Steam","Glacier","Capacitor+1","Ball Lightning","Loop+1","BootSequence","Sunder+1","Core Surge","Aggregate+1","Heatsinks+1","Sunder+1","Hologram","Barrage","Coolheaded","Ghostly+1","Ghostly","Ghostly","Chaos+1","Enlightenment+1","Consume+1"],"relics":["Cracked Core","NeowsBlessing","Torii","Singing Bowl","Ancient Tea Set","Bottled Flame","Astrolabe","Orichalcum","Tiny Chest"],"potions_floor_usage":[8,10,16,28,28,30],"damage_taken":[{"damage":0,"enemies":"Cultist","floor":1,"turns":1},{"damage":0,"enemies":"2 Louse","floor":5,"turns":1},{"damage":0,"enemies":"Lagavulin","floor":7,"turns":1},{"damage":12,"enemies":"Small Slimes","floor":8,"turns":2},{"damage":0,"enemies":"2 Fungi Beasts","floor":10,"turns":3},{"damage":21,"enemies":"Gremlin Nob","floor":13,"turns":4},{"damage":0,"enemies":"Exordium Wildlife","floor":14,"turns":3},{"damage":3,"enemies":"Hexaghost","floor":16,"turns":12},{"damage":1,"enemies":"Chosen","floor":18,"turns":4},{"damage":1,"enemies":"Spheric Guardian","floor":21,"turns":5},{"damage":28,"enemies":"Slavers","floor":28,"turns":8},{"damage":11,"enemies":"Centurion and Healer","floor":30,"turns":5},{"damage":9,"enemies":"3 Cultists","floor":31,"turns":3}],"seed_played":"8002751053680137143","potions_obtained":[{"floor":1,"key":"Explosive Potion"},{"floor":5,"key":"Explosive Potion"},{"floor":13,"key":"Dexterity Potion"},{"floor":16,"key":"SkillPotion"},{"floor":18,"key":"Swift Potion"},{"floor":28,"key":"Swift Potion"},{"floor":30,"key":"PowerPotion"}],"is_trial":false,"path_per_floor":["M","T","?","$","M","R","E","M","T","M","R","?","E","M","R","B",null,"M","$","?","M","$","R","?","R","T","R","E","R","M","M"],"character_chosen":"DEFECT","items_purchased":["Barrage","Coolheaded","Enlightenment"],"campfire_rested":1,"item_purchase_floors":[19,19,22],"current_hp_per_floor":[64,64,43,43,43,43,43,31,31,31,31,31,10,10,10,7,55,54,54,35,34,34,34,34,34,34,34,6,16,7,0],"gold":119,"neow_bonus":"THREE_ENEMY_KILL","is_prod":false,"is_daily":false,"chose_seed":false,"campfire_upgraded":6,"win_rate":0,"timestamp":1558129899,"path_taken":["M","?","?","$","M","R","E","M","T","M","R","?","E","M","R","BOSS","M","?","?","M","$","R","?","R","T","R","E","R","?","M"],"build_version":"2019-01-23","purchased_purges":2,"victory":false,"max_hp_per_floor":[71,71,71,71,71,71,71,71,71,71,71,71,71,71,71,71,71,71,71,35,35,35,35,35,35,35,35,35,35,37,37],"card_choices":[{"not_picked":["Recycle","Scrape"],"picked":"Steam","floor":1},{"not_picked":["Go for the Eyes","Rebound"],"picked":"Glacier","floor":5},{"not_picked":["Steam","Redo"],"picked":"Capacitor","floor":7},{"not_picked":["Coolheaded","Hello World"],"picked":"Ball Lightning","floor":8},{"not_picked":["Seek","Streamline"],"picked":"Loop","floor":10},{"not_picked":["Multi-Cast","Ball Lightning"],"picked":"BootSequence","floor":13},{"not_picked":["Compile Driver","Capacitor"],"picked":"Sunder","floor":14},{"not_picked":["All For One","Reboot"],"picked":"Core Surge","floor":16},{"not_picked":["Hello World","BootSequence"],"picked":"Hologram","floor":18},{"not_picked":["Sweeping Beam+1","Coolheaded"],"picked":"Chaos","floor":21},{"not_picked":["Sweeping Beam","Compile Driver"],"picked":"Consume+1","floor":28},{"not_picked":["Ball Lightning","Coolheaded","Reprogram"],"picked":"Singing Bowl","floor":30}],"player_experience":1135206,"relics_obtained":[{"floor":2,"key":"Torii"},{"floor":7,"key":"Singing Bowl"},{"floor":9,"key":"Ancient Tea Set"},{"floor":13,"key":"Bottled Flame"},{"floor":26,"key":"Orichalcum"},{"floor":28,"key":"Tiny Chest"}],"event_choices":[{"damage_healed":0,"gold_gain":0,"player_choice":"Entered Light","damage_taken":21,"max_hp_gain":0,"max_hp_loss":0,"event_name":"Shining Light","floor":3,"gold_loss":0,"cards_upgraded":["Defend_B","Strike_B"]},{"damage_healed":0,"gold_gain":0,"player_choice":"Upgraded","damage_taken":0,"max_hp_gain":0,"max_hp_loss":0,"event_name":"Upgrade Shrine","floor":12,"gold_loss":0,"cards_upgraded":["Capacitor"]},{"damage_healed":0,"gold_gain":0,"player_choice":"Became a Ghost","damage_taken":0,"max_hp_gain":0,"max_hp_loss":36,"event_name":"Ghosts","floor":20,"gold_loss":0,"cards_obtained":["Ghostly","Ghostly","Ghostly"]},{"cards_removed":["Defend_B"],"damage_healed":0,"gold_gain":0,"player_choice":"Elegance","damage_taken":0,"max_hp_gain":0,"max_hp_loss":0,"event_name":"Back to Basics","floor":24,"gold_loss":0}],"is_beta":false,"boss_relics":[{"not_picked":["Philosopher\u0027s Stone","Tiny House"],"picked":"Astrolabe"}],"items_purged_floors":[4,19],"is_endless":false,"potions_floor_spawned":[1,5,13,16,18,28,30],"killed_by":"3 Cultists","ascension_level":15}