{"gold_per_floor":[115,115,47,57,67,93,110,110,135,135,154,184,39,58,58,160,160,179,179,197,197],"floor_reached":21,"playtime":1704,"items_purged":["Strike_B"],"score":216,"play_id":"0610d16d-afeb-4176-b8a6-709ee39bfbf6","local_time":"20190723182951","is_ascension_mode":false,"campfire_choices":[{"floor":10,"key":"REST"},{"floor":15,"key":"REST"}],"neow_cost":"NONE","seed_source_timestamp":1190881358143555,"circlet_count":0,"master_deck":["Defend_B","Defend_B","Defend_B","Defend_B","Zap","Dualcast","Leap","Genetic Algorithm","Genetic Algorithm","Hologram","White Noise","Glacier","Creative AI","Conserve Battery","Bite","Bite","Bite","Bite","Bite","Glacier"],"relics":["Cracked Core","NeowsBlessing","Potion Belt","Bag of Marbles","Philosopher\u0027s Stone"],"potions_floor_usage":[6,12,16,16,20,20,20],"damage_taken":[{"damage":0,"enemies":"2 Louse","floor":1,"turns":1},{"damage":0,"enemies":"Cultist","floor":4,"turns":1},{"damage":0,"enemies":"Small Slimes","floor":5,"turns":1},{"damage":36,"enemies":"3 Sentries","floor":6,"turns":10},{"damage":2,"enemies":"Blue Slaver","floor":7,"turns":5},{"damage":0,"enemies":"Exordium Wildlife","floor":11,"turns":4},{"damage":30,"enemies":"Gremlin Nob","floor":12,"turns":4},{"damage":7,"enemies":"Looter","floor":14,"turns":4},{"damage":15,"enemies":"The Guardian","floor":16,"turns":21},{"damage":10,"enemies":"Shell Parasite","floor":18,"turns":9},{"damage":39,"enemies":"3 Byrds","floor":20,"turns":13},{"damage":60,"enemies":"Masked Bandits","floor":21,"turns":7}],"seed_played":"8695606700328735093","potions_obtained":[{"floor":4,"key":"Explosive Potion"},{"floor":5,"key":"Dexterity Potion"},{"floor":7,"key":"GamblersBrew"},{"floor":11,"key":"SteroidPotion"},{"floor":12,"key":"Dexterity Potion"},{"floor":16,"key":"Strength Potion"},{"floor":18,"key":"SpeedPotion"}],"is_trial":false,"path_per_floor":["M","?","$","M","M","E","M","$","T","R","M","E","$","M","R","B",null,"M","?","M","?"],"character_chosen":"DEFECT","items_purchased":["Genetic Algorithm","Glacier"],"campfire_rested":2,"item_purchase_floors":[3,13],"current_hp_per_floor":[75,75,75,75,75,39,37,37,37,59,59,29,29,24,46,33,75,65,65,50,0],"gold":197,"neow_bonus":"THREE_ENEMY_KILL","is_prod":false,"is_daily":false,"chose_seed":false,"campfire_upgraded":0,"win_rate":0,"timestamp":1563920991,"path_taken":["M","?","$","M","?","E","M","?","T","R","?","E","$","M","R","BOSS","M","?","M","?"],"build_version":"2019-07-17","purchased_purges":1,"victory":false,"max_hp_per_floor":[75,75,75,75,75,75,75,75,75,75,75,75,75,75,75,75,75,75,75,75,75],"card_choices":[{"not_picked":["Skim","Ball Lightning"],"picked":"Leap","floor":1},{"not_picked":["Turbo","Redo"],"picked":"Genetic Algorithm","floor":4},{"not_picked":["Doom and Gloom","Stack","Steam"],"picked":"SKIP","floor":5},{"not_picked":["Aggregate","Compile Driver","Go for the Eyes"],"picked":"SKIP","floor":6},{"not_picked":["Streamline","Storm"],"picked":"Hologram","floor":7},{"not_picked":["Force Field","Ball Lightning","Gash"],"picked":"SKIP","floor":11},{"not_picked":["Turbo","Hyperbeam"],"picked":"White Noise","floor":12},{"not_picked":["Go for the Eyes","Conserve Battery","Barrage"],"picked":"SKIP","floor":14},{"not_picked":["Meteor Strike","All For One"],"picked":"Creative AI","floor":16},{"not_picked":["Rebound","Chill"],"picked":"Conserve Battery","floor":18},{"not_picked":["Conserve Battery","Auto Shields+1"],"picked":"Glacier","floor":20}],"player_experience":294218,"relics_obtained":[{"floor":6,"key":"Potion Belt"},{"floor":9,"key":"Bag of Marbles"},{"floor":12,"key":"Blood Vial"}],"event_choices":[{"damage_healed":0,"gold_gain":0,"player_choice":"Full Heal","damage_taken":0,"max_hp_gain":0,"max_hp_loss":0,"event_name":"Wheel of Change","floor":2,"gold_loss":0},{"damage_healed":0,"gold_gain":0,"player_choice":"Became a vampire (Vial)","damage_taken":0,"max_hp_gain":0,"max_hp_loss":0,"event_name":"Vampires","floor":19,"relics_lost":["Blood Vial"],"gold_loss":0,"cards_obtained":["Bite","Bite","Bite","Bite","Bite"]},{"damage_healed":0,"gold_gain":0,"player_choice":"Fought Bandits","damage_taken":0,"max_hp_gain":0,"max_hp_loss":0,"event_name":"Masked Bandits","floor":21,"gold_loss":0}],"is_beta":false,"boss_relics":[{"not_picked":["Cursed Key","Fusion Hammer"],"picked":"Philosopher\u0027s Stone"}],"items_purged_floors":[13],"is_endless":false,"potions_floor_spawned":[4,5,7,11,12,16,18],"killed_by":"Masked Bandits","ascension_level":0}