{"path_per_floor":["M","?","?","M","$","R","E","R","T","M","?","E","$","M","R","B",null,"M","M","?","M","?","E"],"character_chosen":"THE_SILENT","items_purchased":["Poison Potion","Fire Potion"],"gold_per_floor":[113,113,113,125,50,50,75,75,75,91,91,121,21,38,38,143,143,160,173,73,88,88,123],"floor_reached":24,"campfire_rested":0,"playtime":2091,"current_hp_per_floor":[70,70,56,56,56,56,56,56,56,56,56,30,30,20,20,16,84,73,59,59,24,24,10],"items_purged":["Reflex"],"gold":123,"play_id":"945aacbe-699d-4c7b-ada2-f206186bbe4e","is_prod":false,"is_daily":false,"campfire_rituals":0,"campfire_upgraded":3,"is_hardmode":false,"path_taken":["M","?","?","M","?","R","E","R","T","M","?","E","$","?","R","BOSS","M","M","?","?","?","E","M"],"build_version":"2018-01-18-PROD4","purchased_purges":1,"victory":false,"master_deck":["Defend_G","Defend_G","Defend_G","Defend_G","Strike_G","Strike_G","Strike_G","Strike_G","Strike_G","Survivor","Neutralize","Poisoned Stab","Prepared","Catalyst","Deadly Poison","Regret","Dagger Throw","Outmaneuver","Burst","Prepared","Cloak And Dagger","J.A.X.","Sucker Punch","J.A.X.","Dagger Spray"],"max_hp_per_floor":[70,70,70,70,70,70,70,70,70,70,70,84,84,84,84,84,84,84,84,84,84,84,84],"relics":["Ring of the Snake","NeowsBlessing","Unceasing Top","Ginger","Ninja Scroll","Mango","Cursed Key","Matryoshka"],"campfire_meditates":0,"card_choices":[{"not_picked":["Acrobatics","Deflect"],"picked":"Poisoned Stab"},{"not_picked":["Bane","Masterful Stab"],"picked":"Prepared"},{"not_picked":["PiercingWail","Wraith Form"],"picked":"Catalyst"},{"not_picked":["Finisher","Acrobatics"],"picked":"Deadly Poison"},{"not_picked":["Dodge and Roll","Malaise"],"picked":"Dagger Throw"},{"not_picked":["Dodge and Roll","Acrobatics"],"picked":"Outmaneuver"},{"not_picked":["Night Terror","Phantasmal Killer"],"picked":"Burst"},{"not_picked":["Bane","Dagger Spray"],"picked":"Prepared"},{"not_picked":["Choke","Dagger Throw"],"picked":"Cloak And Dagger"},{"not_picked":["Calculated Gamble","Backstab"],"picked":"Sucker Punch"},{"not_picked":["Well Laid Plans","Storm of Steel"],"picked":"Dagger Spray"}],"player_experience":59592,"potions_floor_usage":[16,16,16,18,19,24,24],"damage_taken":[{"damage":0,"enemies":"Blue Slaver","floor":1,"turns":1},{"damage":0,"enemies":"Small Slimes","floor":4,"turns":1},{"damage":0,"enemies":"Gremlin Nob","floor":7,"turns":1},{"damage":0,"enemies":"Cultist","floor":10,"turns":3},{"damage":40,"enemies":"3 Sentries","floor":12,"turns":10},{"damage":10,"enemies":"Large Slime","floor":14,"turns":5},{"damage":4,"enemies":"Slime Boss","floor":16,"turns":5},{"damage":18,"enemies":"Spheric Guardian","floor":18,"turns":4},{"damage":14,"enemies":"2 Thieves","floor":19,"turns":4},{"damage":35,"enemies":"Slaver and Parasite","floor":21,"turns":3},{"damage":14,"enemies":"Gremlin Leader","floor":23,"turns":5},{"damage":12,"enemies":"Centurion and Healer","floor":24,"turns":4}],"event_choices":[{"event_name":"Living Wall","player_choice":"Change","floor":2,"damage_taken":0},{"event_name":"Shining Light","player_choice":"Entered Light","floor":3,"damage_taken":0},{"event_name":"Big Fish","player_choice":"Box","floor":11,"damage_taken":0},{"event_name":"Drug Dealer","player_choice":"Got JAXXED","floor":20,"damage_taken":0},{"event_name":"Duplicator","player_choice":"One dupe","floor":22,"damage_taken":0}],"boss_relics":[{"not_picked":["Sozu","Velvet Choker"],"picked":"Cursed Key"}],"potions_floor_spawned":[14,16,18,21,23],"seed_played":"8465929408145806647","killed_by":"Centurion and Healer","is_trial":false}