{"gold_per_floor":[116,133,83,95,19,19,49,63,136,154,154,170,185,197,197,302,302,316,316,334,351,143,143,158,158,181,181,101,201,216,116,116,215,215,231,231,247,62,78,78,90,90,90,90,49,49,69,69,69,69],"floor_reached":51,"playtime":3118,"items_purged":["Bite","Bite","Dagger Throw"],"score":643,"play_id":"b45efefe-59e2-40f7-af1d-3e98f3ef5f84","local_time":"20191010172511","is_ascension_mode":false,"campfire_choices":[{"data":"Noxious Fumes","floor":6.0,"key":"SMITH"},{"data":"Glass Knife","floor":11.0,"key":"SMITH"},{"data":"Neutralize","floor":15.0,"key":"SMITH"},{"data":"Apotheosis","floor":23.0,"key":"SMITH"},{"data":"Burst","floor":25.0,"key":"SMITH"},{"data":"Sucker Punch","floor":27.0,"key":"SMITH"},{"data":"Leg Sweep","floor":32.0,"key":"SMITH"},{"data":"Well Laid Plans","floor":40,"key":"SMITH"},{"data":"Doppelganger","floor":42,"key":"SMITH"},{"data":"Adrenaline","floor":46,"key":"SMITH"},{"data":"Outmaneuver","floor":49,"key":"SMITH"}],"neow_cost":"TEN_PERCENT_HP_LOSS","seed_source_timestamp":310794938947140,"circlet_count":0,"master_deck":["Defend_G","Defend_G","Defend_G","Defend_G","Defend_G","Survivor","Neutralize+1","Sucker Punch+1","Noxious Fumes+1","Glass Knife+1","Burst+1","Backflip+1","Bite","Bite","Leg Sweep+1","Apotheosis+1","Cloak And Dagger","Doppelganger+1","Blade Dance","Adrenaline+1","Well Laid Plans+1","Footwork+1","Outmaneuver+1","Expertise+1"],"special_seed":0,"relics":["Ring of the Snake","Calipers","Odd Mushroom","The Courier","Coffee Dripper","Omamori","Incense Burner","Matryoshka","Calling Bell","Strawberry","Pantograph","Prayer Wheel","Orichalcum","Letter Opener"],"potions_floor_usage":[44,50,50,50],"damage_taken":[{"damage":0.0,"enemies":"Small Slimes","floor":1.0,"turns":3.0},{"damage":1.0,"enemies":"2 Louse","floor":2.0,"turns":3.0},{"damage":0.0,"enemies":"Jaw Worm","floor":4.0,"turns":4.0},{"damage":9.0,"enemies":"The Mushroom Lair","floor":7.0,"turns":4.0},{"damage":4.0,"enemies":"Gremlin Gang","floor":8.0,"turns":4.0},{"damage":2.0,"enemies":"Looter","floor":10.0,"turns":2.0},{"damage":4.0,"enemies":"Blue Slaver","floor":12.0,"turns":3.0},{"damage":0.0,"enemies":"Exordium Wildlife","floor":13.0,"turns":5.0},{"damage":5.0,"enemies":"Large Slime","floor":14.0,"turns":5.0},{"damage":31.0,"enemies":"Hexaghost","floor":16.0,"turns":11.0},{"damage":0.0,"enemies":"3 Byrds","floor":18.0,"turns":5.0},{"damage":2.0,"enemies":"Shell Parasite","floor":20.0,"turns":7.0},{"damage":13.0,"enemies":"3 Cultists","floor":21.0,"turns":6.0},{"damage":12.0,"enemies":"Centurion and Healer","floor":24.0,"turns":8.0},{"damage":5.0,"enemies":"Colosseum Slavers","floor":29.0,"turns":5.0},{"damage":6.0,"enemies":"Colosseum Nobs","floor":29.0,"turns":5.0},{"damage":0.0,"enemies":"Snecko","floor":30.0,"turns":5.0},{"damage":15.0,"enemies":"Collector","floor":33.0,"turns":15.0},{"damage":19,"enemies":"3 Darklings","floor":35,"turns":8},{"damage":45,"enemies":"3 Shapes","floor":37,"turns":8},{"damage":4,"enemies":"Jaw Worm Horde","floor":39,"turns":7},{"damage":5,"enemies":"Transient","floor":41,"turns":5},{"damage":0,"enemies":"Writhing Mass","floor":44,"turns":1},{"damage":0,"enemies":"Maw","floor":47,"turns":10},{"damage":15,"enemies":"Donu and Deca","floor":50,"turns":14}],"seed_played":"2003648958329049601","potions_obtained":[{"floor":4.0,"key":"SteroidPotion"},{"floor":7.0,"key":"SpeedPotion"},{"floor":8.0,"key":"Regen Potion"},{"floor":10.0,"key":"EssenceOfSteel"},{"floor":14.0,"key":"Strength Potion"},{"floor":18.0,"key":"SkillPotion"},{"floor":29.0,"key":"Energy Potion"},{"floor":30.0,"key":"PowerPotion"},{"floor":36,"key":"SmokeBomb"}],"is_trial":false,"path_per_floor":["M","M","?","M","$","R","?","M","T","M","R","M","M","M","R","B",null,"M","?","M","M","$","R","M","R","T","R","$","?","M","$","R","B",null,"M","?","M","$","M","R","M","R","T","M","$","R","M","?","R","B",null],"character_chosen":"THE_SILENT","items_purchased":["Noxious Fumes","Apotheosis","Adrenaline","Well Laid Plans","Swift Potion"],"campfire_rested":0,"item_purchase_floors":[5,22,38,38,45],"current_hp_per_floor":[63,62,62,62,62,62,53,49,49,47,47,43,43,52,52,21,63,63,44,44,37,37,37,44,44,44,44,44,44,44,44,44,35,51,47,47,19,19,34,34,47,47,47,50,50,50,51,51,51,45],"gold":69,"neow_bonus":"ONE_RARE_RELIC","is_prod":false,"is_daily":false,"chose_seed":false,"campfire_upgraded":11,"win_rate":0,"timestamp":1570753511,"path_taken":["M","M","?","M","$","R","?","?","T","M","R","M","?","M","R","BOSS","M","?","M","M","$","R","M","R","T","R","$","?","M","?","R","BOSS","M","?","M","$","M","R","M","R","T","M","$","R","?","?","R","BOSS"],"build_version":"2019-07-17","purchased_purges":3,"victory":true,"max_hp_per_floor":[63,63,63,63,63,63,63,63,63,63,63,63,63,63,63,63,63,63,44,44,44,44,44,44,44,44,44,44,44,44,44,44,44,51,51,51,51,51,51,51,51,51,51,51,51,51,51,51,51,51],"card_choices":[{"not_picked":["Outmaneuver","Poisoned Stab"],"picked":"Sucker Punch","floor":1.0},{"not_picked":["Slice","Deadly Poison"],"picked":"Dagger Throw","floor":2.0},{"not_picked":["Quick Slash","Accuracy","Heel Hook"],"picked":"SKIP","floor":4.0},{"not_picked":["Bane","All Out Attack"],"picked":"Glass Knife","floor":7.0},{"not_picked":["Underhanded Strike","PiercingWail","Poisoned Stab"],"picked":"SKIP","floor":8.0},{"not_picked":["Quick Slash","Prepared","Dagger Throw"],"picked":"SKIP","floor":10.0},{"not_picked":["Flying Knee","Predator","Poisoned Stab"],"picked":"SKIP","floor":12.0},{"not_picked":["Masterful Stab","Flying Knee","Prepared"],"picked":"SKIP","floor":13.0},{"not_picked":["Dagger Throw","Deflect","Calculated Gamble"],"picked":"SKIP","floor":14.0},{"not_picked":["Tools of the Trade","After Image"],"picked":"Burst","floor":16.0},{"not_picked":["Dodge and Roll+1","Endless Agony+1"],"picked":"Backflip+1","floor":18.0},{"not_picked":["Dagger Spray","Outmaneuver+1","Bane"],"picked":"SKIP","floor":20.0},{"not_picked":["Prepared+1","Deflect"],"picked":"Leg Sweep","floor":21.0},{"not_picked":["Flying Knee","Bane+1","Poisoned Stab"],"picked":"SKIP","floor":24.0},{"not_picked":["Riddle With Holes","Accuracy"],"picked":"Cloak And Dagger","floor":30.0},{"not_picked":["Storm of Steel","Corpse Explosion"],"picked":"Doppelganger","floor":33.0},{"not_picked":["Predator","Cloak And Dagger+1"],"picked":"Blade Dance","floor":35},{"not_picked":["Sucker Punch","Blade Dance","Expertise"],"picked":"SKIP","floor":35},{"not_picked":["Deadly Poison+1","Flechettes","Blade Dance"],"picked":"SKIP","floor":37},{"not_picked":["PiercingWail+1","Poisoned Stab+1","Deflect"],"picked":"SKIP","floor":37},{"not_picked":["Quick Slash","Bane+1"],"picked":"Footwork+1","floor":39},{"not_picked":["Dodge and Roll","Quick Slash+1","Slice+1"],"picked":"SKIP","floor":39},{"not_picked":["Sucker Punch+1","Predator"],"picked":"Outmaneuver","floor":41},{"not_picked":["Envenom","Leg Sweep+1"],"picked":"Expertise+1","floor":41},{"not_picked":["Expertise","Flying Knee+1","Sucker Punch+1"],"picked":"SKIP","floor":47},{"not_picked":["Bane","Poisoned Stab","Blade Dance"],"picked":"SKIP","floor":47}],"player_experience":390947,"relics_obtained":[{"floor":7.0,"key":"Odd Mushroom"},{"floor":9.0,"key":"The Courier"},{"floor":26.0,"key":"Omamori"},{"floor":29.0,"key":"Incense Burner"},{"floor":29.0,"key":"Matryoshka"},{"floor":34,"key":"Strawberry"},{"floor":34,"key":"Pantograph"},{"floor":34,"key":"Prayer Wheel"},{"floor":43,"key":"Orichalcum"},{"floor":43,"key":"Letter Opener"}],"event_choices":[{"cards_removed":["Strike_G"],"damage_healed":0.0,"max_hp_gain":0.0,"max_hp_loss":0.0,"gold_gain":0.0,"event_name":"The Cleric","player_choice":"Card Removal","floor":3.0,"gold_loss":50.0,"damage_taken":0.0},{"damage_healed":0.0,"max_hp_gain":0.0,"max_hp_loss":0.0,"gold_gain":0.0,"event_name":"Mushrooms","player_choice":"Fought Mushrooms","floor":7.0,"gold_loss":0.0,"damage_taken":0.0},{"damage_healed":0.0,"max_hp_gain":0.0,"max_hp_loss":19.0,"gold_gain":0.0,"event_name":"Vampires","player_choice":"Became a vampire","floor":19.0,"gold_loss":0.0,"damage_taken":0.0,"cards_obtained":["Bite","Bite","Bite","Bite","Bite"]},{"damage_healed":0.0,"max_hp_gain":0.0,"max_hp_loss":0.0,"gold_gain":0.0,"event_name":"Colosseum","player_choice":"Fight","floor":29.0,"gold_loss":0.0,"damage_taken":0.0},{"damage_healed":0.0,"max_hp_gain":0.0,"max_hp_loss":0.0,"gold_gain":0.0,"event_name":"Colosseum","player_choice":"Fought Nobs","floor":29.0,"gold_loss":0.0,"damage_taken":0.0},{"damage_healed":0,"gold_gain":0,"player_choice":"Got Potions","damage_taken":0,"max_hp_gain":0,"max_hp_loss":0,"event_name":"Lab","floor":36,"gold_loss":0},{"cards_removed":["Bite"],"damage_healed":0,"gold_gain":0,"player_choice":"Removed Attack","damage_taken":0,"max_hp_gain":0,"max_hp_loss":0,"event_name":"Falling","floor":48,"gold_loss":0}],"is_beta":false,"boss_relics":[{"not_picked":["Snecko Eye","Eternal Feather"],"picked":"Coffee Dripper"},{"not_picked":["Runic Pyramid","Astrolabe"],"picked":"Calling Bell"}],"items_purged_floors":[22,28,31],"is_endless":false,"potions_floor_spawned":[4,7,8,10,14,18,29,29,30,39,47],"ascension_level":0}