{"gold_per_floor":[109,184,56,56,72,72,82,116,116,116],"floor_reached":10,"playtime":352,"items_purged":["Strike_B"],"score":125,"play_id":"55ea4406-2194-44ea-81eb-0e053d423b6f","local_time":"20190815050052","is_ascension_mode":true,"campfire_choices":[{"data":"Echo Form","floor":6,"key":"SMITH"}],"neow_cost":"NONE","seed_source_timestamp":86500887206800,"circlet_count":0,"master_deck":["AscendersBane","Strike_B","Strike_B","Strike_B","Defend_B","Defend_B","Defend_B","Defend_B","Zap","Dualcast","Echo Form+1","Coolheaded","Leap","Capacitor","Melter","Tempest"],"relics":["Cracked Core","Molten Egg 2","Frozen Egg 2"],"potions_floor_usage":[],"damage_taken":[{"damage":9,"enemies":"2 Louse","floor":1,"turns":3},{"damage":12,"enemies":"Jaw Worm","floor":5,"turns":4},{"damage":7,"enemies":"Cultist","floor":7,"turns":5},{"damage":30,"enemies":"Lagavulin","floor":8,"turns":8},{"damage":18,"enemies":"Lots of Slimes","floor":10,"turns":1}],"seed_played":"7561569298513017977","potions_obtained":[{"floor":7,"key":"LiquidBronze"}],"is_trial":false,"path_per_floor":["M","?","$","?","M","R","M","E","T","M"],"character_chosen":"DEFECT","items_purchased":["Leap"],"campfire_rested":0,"item_purchase_floors":[3],"current_hp_per_floor":[55,44,44,67,55,55,48,18,18,0],"gold":116,"neow_bonus":"ONE_RANDOM_RARE_CARD","is_prod":false,"is_daily":false,"chose_seed":false,"campfire_upgraded":1,"win_rate":0,"timestamp":1565838052,"path_taken":["M","?","$","?","M","R","M","E","T","M"],"build_version":"2019-07-17","purchased_purges":1,"victory":false,"max_hp_per_floor":[71,71,71,71,71,71,71,71,71,71],"card_choices":[{"not_picked":["Aggregate","Sweeping Beam"],"picked":"Coolheaded","floor":1},{"not_picked":["Rip and Tear","Coolheaded"],"picked":"Capacitor","floor":5},{"not_picked":["Darkness","Skim"],"picked":"Melter","floor":7},{"not_picked":["Undo","Reboot"],"picked":"Tempest","floor":8}],"player_experience":1914595,"relics_obtained":[{"floor":8,"key":"Molten Egg 2"},{"floor":9,"key":"Frozen Egg 2"}],"event_choices":[{"damage_healed":0,"gold_gain":75,"player_choice":"Gather Gold","damage_taken":11,"max_hp_gain":0,"max_hp_loss":0,"event_name":"World of Goop","floor":2,"gold_loss":0},{"damage_healed":23,"gold_gain":0,"player_choice":"Banana","damage_taken":0,"max_hp_gain":0,"max_hp_loss":0,"event_name":"Big Fish","floor":4,"gold_loss":0}],"is_beta":false,"boss_relics":[],"items_purged_floors":[3],"is_endless":false,"potions_floor_spawned":[7],"killed_by":"Lots of Slimes","ascension_level":18}