{"gold_per_floor":[113,129,147,66,83,83,101,111,111,111,139,139,171,188,188,262,262,280,280,294,294],"floor_reached":21,"playtime":952,"items_purged":[],"score":367,"play_id":"ba2c0f68-db38-4a93-bb3a-2a5c542f0f5b","local_time":"20190519225924","is_ascension_mode":true,"campfire_choices":[{"data":"Sunder","floor":6,"key":"SMITH"},{"floor":12,"key":"REST"},{"data":"White Noise","floor":15,"key":"SMITH"}],"neow_cost":"NONE","seed_source_timestamp":79927325018078,"circlet_count":0,"master_deck":["AscendersBane","Strike_B","Strike_B","Strike_B","Strike_B","Defend_B","Defend_B","Defend_B","Defend_B","Zap","Dualcast","Rip and Tear","Sunder+1","Static Discharge","Self Repair","White Noise+1","Defragment+1","Leap","Echo Form","Steam","Creative AI","Doom and Gloom"],"relics":["Cracked Core","NeowsBlessing","Singing Bowl","Letter Opener","Kunai","Snecko Eye"],"potions_floor_usage":[11,11],"damage_taken":[{"damage":0,"enemies":"Cultist","floor":1,"turns":1},{"damage":0,"enemies":"Jaw Worm","floor":2,"turns":1},{"damage":0,"enemies":"2 Louse","floor":3,"turns":1},{"damage":25,"enemies":"Large Slime","floor":5,"turns":6},{"damage":11,"enemies":"Blue Slaver","floor":7,"turns":3},{"damage":26,"enemies":"Red Slaver","floor":8,"turns":5},{"damage":9,"enemies":"Lagavulin","floor":11,"turns":6},{"damage":15,"enemies":"3 Sentries","floor":13,"turns":6},{"damage":3,"enemies":"Exordium Wildlife","floor":14,"turns":4},{"damage":21,"enemies":"The Guardian","floor":16,"turns":9},{"damage":25,"enemies":"2 Thieves","floor":18,"turns":4},{"damage":34,"enemies":"Chosen","floor":20,"turns":3},{"damage":26,"enemies":"Snecko","floor":21,"turns":3}],"seed_played":"7144438146072271574","potions_obtained":[{"floor":2,"key":"EssenceOfSteel"},{"floor":3,"key":"SpeedPotion"},{"floor":16,"key":"Weak Potion"}],"is_trial":false,"path_per_floor":["M","M","M","$","M","R","M","M","T","?","E","R","E","M","R","B",null,"M","?","M","M"],"character_chosen":"DEFECT","items_purchased":["Self Repair"],"campfire_rested":1,"item_purchase_floors":[4],"current_hp_per_floor":[64,64,64,64,46,46,42,23,23,23,21,42,36,33,33,12,58,40,40,8,0],"gold":294,"neow_bonus":"THREE_ENEMY_KILL","is_prod":false,"is_daily":false,"chose_seed":false,"campfire_upgraded":2,"win_rate":0,"timestamp":1558303164,"path_taken":["M","M","M","$","?","R","M","M","T","?","E","R","E","M","R","BOSS","M","?","M","M"],"build_version":"2019-01-23","purchased_purges":0,"victory":false,"max_hp_per_floor":[71,71,71,71,71,71,71,71,71,71,71,71,73,73,73,73,73,73,73,75,75],"card_choices":[{"not_picked":["Stack","Ball Lightning"],"picked":"Rip and Tear","floor":1},{"not_picked":["Conserve Battery","Beam Cell"],"picked":"Sunder","floor":2},{"not_picked":["Coolheaded","Aggregate"],"picked":"Static Discharge","floor":3},{"not_picked":["Hologram","Compile Driver"],"picked":"White Noise","floor":5},{"not_picked":["Ball Lightning","Cold Snap"],"picked":"Defragment","floor":7},{"not_picked":["Amplify","Steam"],"picked":"Leap","floor":8},{"not_picked":["Stack","Leap"],"picked":"Echo Form","floor":11},{"not_picked":["Genetic Algorithm","Hologram","Steam Power"],"picked":"Singing Bowl","floor":13},{"not_picked":["Self Repair","Stack"],"picked":"Steam","floor":14},{"not_picked":["All For One","Amplify"],"picked":"Creative AI","floor":16},{"not_picked":["Conserve Battery","Darkness"],"picked":"Doom and Gloom","floor":18},{"not_picked":["Go for the Eyes","Conserve Battery","Coolheaded"],"picked":"Singing Bowl","floor":20}],"player_experience":1025557,"relics_obtained":[{"floor":9,"key":"Singing Bowl"},{"floor":11,"key":"Letter Opener"},{"floor":13,"key":"Kunai"}],"event_choices":[{"damage_healed":0,"gold_gain":0,"player_choice":"Grow","damage_taken":0,"max_hp_gain":0,"max_hp_loss":0,"event_name":"Living Wall","floor":10,"gold_loss":0,"cards_upgraded":["Defragment"]},{"damage_healed":0,"gold_gain":0,"player_choice":"Ignored","damage_taken":0,"max_hp_gain":0,"max_hp_loss":0,"event_name":"Ghosts","floor":19,"gold_loss":0}],"is_beta":false,"boss_relics":[{"not_picked":["Runic Dome","Inserter"],"picked":"Snecko Eye"}],"items_purged_floors":[],"is_endless":false,"potions_floor_spawned":[2,3,7,16],"killed_by":"Snecko","ascension_level":18}