{"gold_per_floor":[111,129,145,145,158,185,185,185,185,200,200],"floor_reached":11,"playtime":382,"items_purged":[],"score":150,"play_id":"b7143387-3619-41d6-b355-6c0576eefbdd","local_time":"20190616000000","is_ascension_mode":true,"campfire_choices":[{"floor":7.0,"key":"REST"}],"neow_cost":"NONE","seed_source_timestamp":0,"circlet_count":0,"master_deck":["AscendersBane","Strike_B","Strike_B","Strike_B","Defend_B","Defend_B","Defend_B","Defend_B","Zap","Dualcast","Scrape","Scrape","Loop","FTL","Beam Cell","Electrodynamics","Reinforced Body"],"special_seed":0,"relics":["Cracked Core","Dream Catcher","Gambling Chip","Peace Pipe"],"potions_floor_usage":[11,11],"damage_taken":[{"damage":11.0,"enemies":"2 Louse","floor":1.0,"turns":2.0},{"damage":10.0,"enemies":"Small Slimes","floor":2.0,"turns":3.0},{"damage":9.0,"enemies":"Jaw Worm","floor":3.0,"turns":4.0},{"damage":11.0,"enemies":"Blue Slaver","floor":5.0,"turns":4.0},{"damage":15.0,"enemies":"Lagavulin","floor":6.0,"turns":7.0},{"damage":12.0,"enemies":"Exordium Wildlife","floor":10.0,"turns":3.0},{"damage":12,"enemies":"Gremlin Nob","floor":11,"turns":3}],"seed_played":"-7276684789816143509","potions_obtained":[{"floor":3.0,"key":"SpeedPotion"},{"floor":5.0,"key":"Explosive Potion"},{"floor":6.0,"key":"FearPotion"},{"floor":10.0,"key":"SpeedPotion"}],"is_trial":false,"path_per_floor":["M","M","M","?","M","E","R","?","T","M","E"],"character_chosen":"DEFECT","items_purchased":[],"campfire_rested":1,"item_purchase_floors":[],"current_hp_per_floor":[53,43,34,27,16,1,22,22,22,10,0],"gold":200,"neow_bonus":"RANDOM_COMMON_RELIC","is_prod":false,"is_daily":false,"chose_seed":false,"campfire_upgraded":0,"win_rate":0,"timestamp":1560636000,"path_taken":["M","M","M","?","M","E","R","?","T","M","E"],"build_version":"2019-01-23","purchased_purges":0,"victory":false,"max_hp_per_floor":[71,71,71,71,71,71,71,71,71,71,71],"card_choices":[{"not_picked":["Leap","Hologram"],"picked":"Scrape","floor":1.0},{"not_picked":["Coolheaded","Barrage"],"picked":"Scrape","floor":2.0},{"not_picked":["Thunder Strike","Go for the Eyes"],"picked":"Loop","floor":3.0},{"not_picked":["Streamline","Lockon"],"picked":"FTL","floor":5.0},{"not_picked":["FTL","Redo"],"picked":"Beam Cell","floor":6.0},{"not_picked":["Conserve Battery","Steam Power"],"picked":"Electrodynamics","floor":7.0},{"not_picked":["FTL","Leap"],"picked":"Reinforced Body","floor":10.0}],"player_experience":840423,"relics_obtained":[{"floor":6.0,"key":"Gambling Chip"},{"floor":9.0,"key":"Peace Pipe"}],"event_choices":[{"cards_removed":["Strike_B"],"damage_healed":0.0,"max_hp_gain":0.0,"max_hp_loss":0.0,"gold_gain":0.0,"event_name":"Golden Wing","player_choice":"Card Removal","floor":4.0,"gold_loss":0.0,"damage_taken":7.0},{"damage_healed":0.0,"max_hp_gain":0.0,"max_hp_loss":0.0,"gold_gain":0.0,"event_name":"Shining Light","player_choice":"Ignored","floor":8.0,"gold_loss":0.0,"damage_taken":0.0}],"is_beta":false,"boss_relics":[],"items_purged_floors":[],"is_endless":false,"potions_floor_spawned":[3,5,6,10],"killed_by":"Gremlin Nob","ascension_level":20}