{"gold_per_floor":[114,39,52,70,85,85,51,61,61,73,73,73,89,105,105,105],"floor_reached":16,"playtime":1471,"items_purged":["Strike_G"],"score":101,"play_id":"71c45e1e-b500-4583-a6ea-263b86b6a9b2","local_time":"20190602012826","is_ascension_mode":true,"campfire_choices":[{"data":"Leg Sweep","floor":6,"key":"SMITH"},{"floor":15,"key":"REST"}],"neow_cost":"NONE","seed_source_timestamp":719963985881771,"circlet_count":0,"master_deck":["Defend_G","Defend_G","Defend_G","Defend_G","Defend_G","Strike_G","Strike_G","Strike_G","Survivor","Neutralize","Leg Sweep+1","Footwork","Footwork","Flying Knee","Poisoned Stab","All Out Attack"],"relics":["Ring of the Snake","NeowsBlessing","Letter Opener"],"potions_floor_usage":[10,16],"damage_taken":[{"damage":0,"enemies":"Cultist","floor":1,"turns":1},{"damage":0,"enemies":"Jaw Worm","floor":3,"turns":1},{"damage":0,"enemies":"2 Louse","floor":4,"turns":1},{"damage":10,"enemies":"Large Slime","floor":5,"turns":18},{"damage":5,"enemies":"Red Slaver","floor":8,"turns":8},{"damage":6,"enemies":"Lots of Slimes","floor":10,"turns":5},{"damage":2,"enemies":"Large Slime","floor":13,"turns":13},{"damage":3,"enemies":"Exordium Wildlife","floor":14,"turns":8},{"damage":65,"enemies":"Hexaghost","floor":16,"turns":14}],"seed_played":"-5277450386467892897","potions_obtained":[{"floor":4,"key":"SkillPotion"},{"floor":10,"key":"Poison Potion"},{"floor":14,"key":"SpeedPotion"}],"is_trial":false,"path_per_floor":["M","$","M","M","M","R","?","M","T","M","?","?","M","M","R","B"],"character_chosen":"THE_SILENT","items_purchased":[],"campfire_rested":1,"item_purchase_floors":[],"current_hp_per_floor":[70,70,70,70,60,60,60,55,55,49,49,49,47,44,65,0],"gold":105,"neow_bonus":"THREE_ENEMY_KILL","is_prod":false,"is_daily":false,"chose_seed":false,"campfire_upgraded":1,"win_rate":0,"timestamp":1559453306,"path_taken":["M","$","?","M","M","R","?","M","T","M","?","?","M","?","R","BOSS"],"build_version":"2019-01-23","purchased_purges":1,"victory":false,"max_hp_per_floor":[70,70,70,70,70,70,70,70,70,70,70,70,70,70,70,70],"card_choices":[{"not_picked":["Dagger Throw","Sucker Punch","Predator"],"picked":"SKIP","floor":1},{"not_picked":["Dagger Throw","Acrobatics"],"picked":"Leg Sweep","floor":3},{"not_picked":["Prepared","Caltrops"],"picked":"Footwork","floor":4},{"not_picked":["Predator","Finisher"],"picked":"Footwork","floor":5},{"not_picked":["Outmaneuver","Terror"],"picked":"Flying Knee","floor":8},{"not_picked":["Bane","PiercingWail"],"picked":"Poisoned Stab","floor":10},{"not_picked":["Accuracy","Prepared","Terror"],"picked":"SKIP","floor":13},{"not_picked":["Flechettes","Skewer"],"picked":"All Out Attack","floor":14}],"player_experience":97239,"relics_obtained":[{"floor":9,"key":"Letter Opener"}],"event_choices":[{"damage_healed":0,"gold_gain":0,"player_choice":"Left Gold","damage_taken":0,"max_hp_gain":0,"max_hp_loss":0,"event_name":"World of Goop","floor":7,"gold_loss":34},{"damage_healed":0,"gold_gain":0,"player_choice":"Searched \u00270\u0027 times","damage_taken":0,"max_hp_gain":0,"max_hp_loss":0,"event_name":"Dead Adventurer","floor":11,"gold_loss":0},{"cards_removed":["Strike_G"],"damage_healed":0,"gold_gain":0,"player_choice":"Offered Basic","damage_taken":0,"max_hp_gain":0,"max_hp_loss":0,"event_name":"Bonfire Elementals","floor":12,"gold_loss":0}],"is_beta":false,"boss_relics":[],"items_purged_floors":[2],"is_endless":false,"potions_floor_spawned":[4,10,14],"killed_by":"Hexaghost","ascension_level":1}