{"gold_per_floor":[99,99,61,61,61,61,26,26,26,26,26,26,26,26,26,26,26,26,26,26,26,26,26,26],"floor_reached":24,"playtime":750,"items_purged":[],"score":408,"play_id":"11882360-4282-4c9f-b674-90027589dfd8","local_time":"20181111164614","is_ascension_mode":true,"campfire_choices":[{"data":"White Noise","floor":10,"key":"SMITH"},{"data":"Defragment","floor":13,"key":"SMITH"},{"data":"Beam Cell","floor":15,"key":"SMITH"},{"floor":23,"key":"REST"}],"neow_cost":"NONE","seed_source_timestamp":2329733410166676,"circlet_count":0,"master_deck":["AscendersBane","Strike_B","Defend_B","Defend_B","Defend_B+1","Defend_B","Zap+1","Dualcast","Gash","Cold Snap","White Noise+1","Ball Lightning","Defragment+1","Beam Cell+1","Electrodynamics","Stack+1","Cold Snap+1","Echo Form+1","Leap","Gash","Gash"],"special_seed":0,"relics":["Ectoplasm","Strawberry","War Paint","Blood Vial","Kunai","Golden Idol","Astrolabe","Nilry\u0027s Codex","Sundial"],"potions_floor_usage":[16,16],"damage_taken":[{"damage":4.0,"enemies":"Small Slimes","floor":1.0,"turns":3.0},{"damage":5,"enemies":"2 Louse","floor":4,"turns":3},{"damage":38,"enemies":"Lagavulin","floor":6,"turns":8},{"damage":12,"enemies":"3 Sentries","floor":8,"turns":9},{"damage":0,"enemies":"Jaw Worm","floor":11,"turns":2},{"damage":4,"enemies":"Exordium Thugs","floor":14,"turns":3},{"damage":16,"enemies":"The Guardian","floor":16,"turns":7},{"damage":0,"enemies":"Spheric Guardian","floor":18,"turns":3},{"damage":25,"enemies":"Shell Parasite","floor":19,"turns":5},{"damage":2,"enemies":"Cultist and Chosen","floor":21,"turns":7},{"damage":43,"enemies":"3 Cultists","floor":24,"turns":4}],"seed_played":"1070044616317771308","potions_obtained":[{"floor":8,"key":"Explosive Potion"},{"floor":11,"key":"Explosive Potion"}],"is_trial":false,"path_per_floor":["M","?","?","M","?","E","?","E","T","R","M","?","R","M","R","B",null,"M","M","?","M","T","R","M"],"character_chosen":"DEFECT","items_purchased":[],"campfire_rested":1,"item_purchase_floors":[],"current_hp_per_floor":[60,49,49,44,70,32,51,39,39,39,41,41,41,39,39,25,60,62,39,18,18,18,39,0],"gold":26,"neow_bonus":"BOSS_RELIC","is_prod":false,"is_daily":false,"chose_seed":false,"campfire_upgraded":3,"win_rate":0,"timestamp":1541951174,"path_taken":["M","?","?","M","?","E","?","E","T","R","M","?","R","M","R","BOSS","M","M","?","M","?","R","M"],"build_version":"2018-11-08","purchased_purges":0,"victory":false,"max_hp_per_floor":[71,78,78,78,78,78,78,78,78,78,78,71,71,71,71,71,71,71,71,71,71,71,71,71],"card_choices":[{"not_picked":["Steam","Stack"],"picked":"Gash","floor":1.0},{"not_picked":["Doom and Gloom","Turbo"],"picked":"Cold Snap","floor":4},{"not_picked":["Aggregate","Stack"],"picked":"White Noise","floor":6},{"not_picked":["Turbo","Coolheaded"],"picked":"Ball Lightning","floor":8},{"not_picked":["Rebound","Melter"],"picked":"Defragment","floor":11},{"not_picked":["Static Discharge","BootSequence"],"picked":"Beam Cell","floor":14},{"not_picked":["Amplify","Thunder Strike"],"picked":"Electrodynamics","floor":16},{"not_picked":["Heatsinks","Compile Driver"],"picked":"Leap","floor":18},{"not_picked":["Chaos+1","Streamline"],"picked":"Gash","floor":19},{"not_picked":["Heatsinks","Barrage"],"picked":"Gash","floor":21}],"player_experience":485759,"relics_obtained":[{"floor":6,"key":"War Paint"},{"floor":8,"key":"Blood Vial"},{"floor":9,"key":"Kunai"},{"floor":20,"key":"Nilry\u0027s Codex"},{"floor":22,"key":"Sundial"}],"event_choices":[{"damage_healed":0.0,"max_hp_gain":0.0,"max_hp_loss":0.0,"gold_gain":0.0,"event_name":"Scrap Ooze","player_choice":"Success","floor":2.0,"gold_loss":0.0,"damage_taken":18.0,"relics_obtained":["Strawberry"]},{"damage_healed":0,"gold_gain":0,"player_choice":"Left Gold","damage_taken":0,"max_hp_gain":0,"max_hp_loss":0,"event_name":"World of Goop","floor":3,"gold_loss":38},{"damage_healed":26,"gold_gain":0,"player_choice":"Banana","damage_taken":0,"max_hp_gain":0,"max_hp_loss":0,"event_name":"Big Fish","floor":5,"gold_loss":0},{"damage_healed":19,"gold_gain":0,"player_choice":"Healed","damage_taken":0,"max_hp_gain":0,"max_hp_loss":0,"event_name":"The Cleric","floor":7,"gold_loss":35},{"damage_healed":0,"gold_gain":0,"player_choice":"Lose Max HP","damage_taken":0,"relics_obtained":["Golden Idol"],"max_hp_gain":0,"max_hp_loss":7,"event_name":"Golden Idol","floor":12,"gold_loss":0},{"damage_healed":0,"gold_gain":0,"player_choice":"Obtained Book","damage_taken":21,"max_hp_gain":0,"max_hp_loss":0,"event_name":"Cursed Tome","floor":20,"gold_loss":0}],"is_beta":false,"boss_relics":[{"not_picked":["Runic Dome","White Beast Statue"],"picked":"Astrolabe"}],"items_purged_floors":[],"is_endless":false,"potions_floor_spawned":[8,11],"killed_by":"3 Cultists","ascension_level":20}