{"gold_per_floor":[114,114,189,209,209,226,239,239],"floor_reached":8,"playtime":305,"items_purged":[],"score":91,"play_id":"20d7d659-6775-4a6a-9f33-ff4764fc8fd1","local_time":"20190722175322","is_ascension_mode":true,"campfire_choices":[],"neow_cost":"NONE","seed_source_timestamp":115626919067600,"circlet_count":0,"master_deck":["AscendersBane","Strike_G","Strike_G","Strike_G","Strike_G","Defend_G","Defend_G","Defend_G","Defend_G","Defend_G","Survivor","Neutralize+1","Dash","Quick Slash","Dagger Throw","Blur"],"special_seed":0,"relics":["Ring of the Snake","NeowsBlessing"],"potions_floor_usage":[8],"damage_taken":[{"damage":0.0,"enemies":"Jaw Worm","floor":1.0,"turns":1.0},{"damage":0.0,"enemies":"Small Slimes","floor":4.0,"turns":1.0},{"damage":0.0,"enemies":"Cultist","floor":6.0,"turns":1.0},{"damage":20.0,"enemies":"Gremlin Gang","floor":7.0,"turns":7.0},{"damage":25,"enemies":"Lagavulin","floor":8,"turns":8}],"seed_played":"6758997310176402500","potions_obtained":[{"floor":1.0,"key":"Swift Potion"},{"floor":4.0,"key":"SkillPotion"}],"is_trial":false,"path_per_floor":["M","?","?","M","?","M","M","E"],"character_chosen":"THE_SILENT","items_purchased":[],"campfire_rested":0,"item_purchase_floors":[],"current_hp_per_floor":[59,52,41,41,41,41,21,0],"gold":239,"neow_bonus":"THREE_ENEMY_KILL","is_prod":false,"is_daily":false,"chose_seed":false,"campfire_upgraded":0,"win_rate":0,"timestamp":1563810802,"path_taken":["M","?","?","M","?","?","?","E"],"build_version":"2019-07-17","purchased_purges":0,"victory":false,"max_hp_per_floor":[66,66,66,66,66,66,66,66],"card_choices":[{"not_picked":["Predator","Finisher"],"picked":"Dash","floor":1.0},{"not_picked":["Bane","Prepared"],"picked":"Quick Slash","floor":4.0},{"not_picked":["Eviscerate","Outmaneuver"],"picked":"Dagger Throw","floor":6.0},{"not_picked":["Deadly Poison","Bane"],"picked":"Blur","floor":7}],"player_experience":1739633,"relics_obtained":[],"event_choices":[{"cards_removed":["Strike_G"],"damage_healed":0.0,"max_hp_gain":0.0,"max_hp_loss":0.0,"gold_gain":0.0,"event_name":"Golden Wing","player_choice":"Card Removal","floor":2.0,"gold_loss":0.0,"damage_taken":7.0},{"damage_healed":0.0,"max_hp_gain":0.0,"max_hp_loss":0.0,"gold_gain":75.0,"event_name":"World of Goop","player_choice":"Gather Gold","floor":3.0,"gold_loss":0.0,"damage_taken":11.0},{"damage_healed":0.0,"max_hp_gain":0.0,"max_hp_loss":0.0,"gold_gain":0.0,"event_name":"Accursed Blacksmith","player_choice":"Forge","floor":5.0,"gold_loss":0.0,"damage_taken":0.0,"cards_upgraded":["Neutralize"]}],"is_beta":false,"boss_relics":[],"items_purged_floors":[],"is_endless":false,"potions_floor_spawned":[1,4],"killed_by":"Lagavulin","ascension_level":18}