{"gold_per_floor":[112,112,112,123,123,123,0,0,0,0,0,15,28,39,39,114,114,134,154,167,167],"floor_reached":21,"playtime":804,"items_purged":["Strike_G"],"score":282,"play_id":"5c4d7738-488d-4506-a1f4-8b626689b4cc","local_time":"20190309173545","is_ascension_mode":true,"campfire_choices":[{"data":"Neutralize","floor":6,"key":"SMITH"},{"data":"Backstab","floor":8,"key":"SMITH"},{"data":"Sucker Punch","floor":10,"key":"SMITH"},{"floor":15,"key":"REST"}],"neow_cost":"PERCENT_DAMAGE","seed_source_timestamp":304610459957600,"circlet_count":0,"master_deck":["AscendersBane","Defend_G","Defend_G","Defend_G","Defend_G","Defend_G","Strike_G","Strike_G","Strike_G","Survivor","Neutralize+1","Backstab+1","Skewer+1","Caltrops","Sucker Punch+1","Flying Knee","Terror","Envenom","Deflect","Caltrops","Dash+1"],"relics":["Ring of the Snake","Unceasing Top","Sundial","Cursed Key"],"potions_floor_usage":[14,16,21],"damage_taken":[{"damage":4,"enemies":"Jaw Worm","floor":1,"turns":5},{"damage":2,"enemies":"Small Slimes","floor":4,"turns":2},{"damage":0,"enemies":"Cultist","floor":12,"turns":3},{"damage":3,"enemies":"Large Slime","floor":13,"turns":4},{"damage":0,"enemies":"Exordium Thugs","floor":14,"turns":3},{"damage":45,"enemies":"Slime Boss","floor":16,"turns":12},{"damage":21,"enemies":"Spheric Guardian","floor":18,"turns":5},{"damage":17,"enemies":"Chosen","floor":19,"turns":5},{"damage":10,"enemies":"Centurion and Healer","floor":20,"turns":6},{"damage":39,"enemies":"3 Cultists","floor":21,"turns":6}],"seed_played":"-2426337536346653095","potions_obtained":[{"floor":1,"key":"Strength Potion"},{"floor":13,"key":"Fire Potion"},{"floor":16,"key":"FairyPotion"},{"floor":20,"key":"Regen Potion"}],"is_trial":false,"path_per_floor":["M","?","?","M","?","R","$","R","T","R","$","M","M","M","R","B",null,"M","M","M","M"],"character_chosen":"THE_SILENT","items_purchased":["Sucker Punch"],"campfire_rested":1,"item_purchase_floors":[7],"current_hp_per_floor":[41,34,34,32,32,32,32,32,32,32,32,32,29,29,50,5,54,33,16,6,0],"gold":167,"neow_bonus":"ONE_RARE_RELIC","is_prod":false,"is_daily":false,"chose_seed":false,"campfire_upgraded":3,"win_rate":0,"timestamp":1552149345,"path_taken":["M","?","?","?","?","R","?","R","T","R","?","M","M","M","R","BOSS","M","M","M","M"],"build_version":"2019-01-23","purchased_purges":1,"victory":false,"max_hp_per_floor":[70,70,70,70,70,70,70,70,70,70,70,70,70,70,70,70,70,70,70,70,70],"card_choices":[{"not_picked":["Flying Knee","PiercingWail"],"picked":"Backstab","floor":1},{"not_picked":["Blade Dance","Slice"],"picked":"Caltrops","floor":4},{"not_picked":["Predator","Dagger Spray"],"picked":"Flying Knee","floor":12},{"not_picked":["Dagger Throw","Deadly Poison","Setup"],"picked":"SKIP","floor":13},{"not_picked":["Concentrate","Masterful Stab"],"picked":"Terror","floor":14},{"not_picked":["Unload","Burst"],"picked":"Envenom","floor":16},{"not_picked":["Finisher","Skewer"],"picked":"Deflect","floor":18},{"not_picked":["Acrobatics","Slice"],"picked":"Caltrops","floor":19},{"not_picked":["Blur","Dagger Spray"],"picked":"Dash+1","floor":20}],"player_experience":970213,"relics_obtained":[{"floor":9,"key":"Sundial"}],"event_choices":[{"cards_removed":["Strike_G"],"damage_healed":0,"gold_gain":0,"player_choice":"Card Removal","damage_taken":7,"max_hp_gain":0,"max_hp_loss":0,"event_name":"Golden Wing","floor":2,"gold_loss":0},{"damage_healed":0,"gold_gain":0,"player_choice":"1 cards matched","damage_taken":0,"max_hp_gain":0,"max_hp_loss":0,"event_name":"Match and Keep!","floor":3,"gold_loss":0,"cards_obtained":["Skewer"]},{"damage_healed":0,"gold_gain":0,"player_choice":"Upgraded","damage_taken":0,"max_hp_gain":0,"max_hp_loss":0,"event_name":"Upgrade Shrine","floor":5,"gold_loss":0,"cards_upgraded":["Skewer"]}],"is_beta":false,"boss_relics":[{"not_picked":["Black Star","Orrery"],"picked":"Cursed Key"}],"items_purged_floors":[7],"is_endless":false,"potions_floor_spawned":[1,13,16,20],"killed_by":"3 Cultists","ascension_level":13}