{"gold_per_floor":[112,10,25,25,43,74,74,92,173,173,234,34,34,66,66,138,138,150,150,200,200,48,48,81,81,134,165,165,165,4,33,33,112,112,127,52,68,0,0,0,34,34,34,67,67,167,167,185,185,185],"floor_reached":50,"playtime":1675,"items_purged":["Sweeping Beam"],"score":1282,"play_id":"d4b7467a-6208-40e8-af93-2d432c340436","local_time":"20190616003042","is_ascension_mode":true,"campfire_choices":[{"data":"Beam Cell","floor":7.0,"key":"SMITH"},{"floor":10.0,"key":"REST"},{"floor":15.0,"key":"REST"},{"floor":23.0,"key":"REST"},{"data":"Buffer","floor":25.0,"key":"SMITH"},{"floor":28.0,"key":"REST"},{"data":"Defragment","floor":32.0,"key":"SMITH"},{"data":"Storm","floor":40.0,"key":"SMITH"},{"data":"Loop","floor":42,"key":"SMITH"},{"floor":45,"key":"REST"},{"floor":49,"key":"RECALL"}],"neow_cost":"NONE","seed_source_timestamp":192261361640158,"circlet_count":0,"master_deck":["AscendersBane","Defend_B","Defend_B","Defend_B","Defend_B","Dualcast","Conserve Battery","Rip and Tear","Conserve Battery","Beam Cell+1","Ball Lightning","Ball Lightning","Genetic Algorithm","Buffer+1","Biased Cognition","Capacitor+1","Electrodynamics+1","Electrodynamics+1","White Noise","Steam Power","Auto Shields","Capacitor","Loop+1","Cold Snap","Coolheaded","Storm+1","Defragment+1","Thunder Strike","Cold Snap","Self Repair","Turbo+1","Go for the Eyes","Lockon","Defragment+1"],"special_seed":0,"relics":["Cracked Core","NeowsBlessing","FaceOfCleric","Prayer Wheel","Kunai","Tiny Chest","DataDisk","Vajra","Astrolabe","Mango","Omamori","Art of War","Pear","Bag of Preparation","Busted Crown","Red Mask","Bottled Flame","Oddly Smooth Stone","Emotion Chip"],"potions_floor_usage":[44],"damage_taken":[{"damage":0.0,"enemies":"Jaw Worm","floor":1.0,"turns":1.0},{"damage":0.0,"enemies":"Cultist","floor":3.0,"turns":1.0},{"damage":0.0,"enemies":"Small Slimes","floor":5.0,"turns":1.0},{"damage":32.0,"enemies":"Gremlin Nob","floor":6.0,"turns":4.0},{"damage":0.0,"enemies":"2 Fungi Beasts","floor":8.0,"turns":1.0},{"damage":43.0,"enemies":"3 Sentries","floor":11.0,"turns":6.0},{"damage":8.0,"enemies":"Gremlin Nob","floor":14.0,"turns":3.0},{"damage":0.0,"enemies":"Slime Boss","floor":16.0,"turns":7.0},{"damage":33.0,"enemies":"2 Thieves","floor":18.0,"turns":3.0},{"damage":14.0,"enemies":"Book of Stabbing","floor":24.0,"turns":4.0},{"damage":26.0,"enemies":"Gremlin Leader","floor":27.0,"turns":5.0},{"damage":23.0,"enemies":"Book of Stabbing","floor":31.0,"turns":5.0},{"damage":29.0,"enemies":"Collector","floor":33.0,"turns":8.0},{"damage":0.0,"enemies":"3 Shapes","floor":35.0,"turns":2.0},{"damage":0.0,"enemies":"3 Darklings","floor":37.0,"turns":2.0},{"damage":32,"enemies":"Giant Head","floor":41,"turns":7},{"damage":38,"enemies":"Reptomancer","floor":44,"turns":4},{"damage":3,"enemies":"Mind Bloom Boss Battle","floor":46,"turns":4},{"damage":17,"enemies":"Jaw Worm Horde","floor":48,"turns":3},{"damage":82,"enemies":"Donu and Deca","floor":50,"turns":4}],"seed_played":"8938655411539807658","potions_obtained":[{"floor":1.0,"key":"Fire Potion"},{"floor":5.0,"key":"Energy Potion"},{"floor":14.0,"key":"PowerPotion"},{"floor":24.0,"key":"Swift Potion"},{"floor":27.0,"key":"FearPotion"},{"floor":41,"key":"SkillPotion"},{"floor":44,"key":"Energy Potion"},{"floor":46,"key":"Ancient Potion"}],"is_trial":false,"path_per_floor":["M","$","M","?","M","E","R","M","T","R","E","$","?","E","R","B",null,"M","?","?","?","$","R","E","R","T","E","R","?","$","E","R","B",null,"M","$","M","?","?","R","E","R","T","E","R","?","?","M","R","B"],"character_chosen":"DEFECT","items_purchased":["Conserve Battery","Rip and Tear","DataDisk","Genetic Algorithm","Capacitor","Cold Snap","Coolheaded","Storm","Self Repair"],"campfire_rested":5,"item_purchase_floors":[2,2,12,12,22,30,30,30,36],"current_hp_per_floor":[64,64,64,64,65,34,34,35,35,57,15,15,33,26,48,49,70,38,38,38,38,38,60,61,61,61,36,63,73,73,51,51,23,83,84,84,85,85,105,105,81,81,81,51,83,88,88,79,79,0],"gold":185,"neow_bonus":"THREE_ENEMY_KILL","is_prod":false,"is_daily":false,"chose_seed":false,"campfire_upgraded":5,"win_rate":0,"timestamp":1560637842,"path_taken":["M","$","M","?","?","E","R","M","T","R","E","$","?","E","R","BOSS","M","?","?","?","$","R","E","R","T","E","R","?","$","E","R","BOSS","M","$","M","?","?","R","E","R","T","E","R","?","?","M","R","BOSS"],"build_version":"2019-01-23","purchased_purges":1,"victory":false,"max_hp_per_floor":[71,71,71,71,72,73,73,74,74,74,75,75,75,76,76,77,77,78,78,78,75,75,75,90,90,90,91,91,101,101,102,102,103,103,104,104,105,105,105,105,106,106,106,107,107,108,108,109,109,109],"card_choices":[{"not_picked":["Recycle","Redo"],"picked":"Sweeping Beam","floor":1.0},{"not_picked":["Barrage","Turbo","Reprogram"],"picked":"SKIP","floor":3.0},{"not_picked":["Recycle","Loop"],"picked":"Conserve Battery","floor":5.0},{"not_picked":["Steam","Sweeping Beam"],"picked":"Beam Cell","floor":6.0},{"not_picked":["Sweeping Beam","Meteor Strike"],"picked":"Ball Lightning","floor":8.0},{"not_picked":["Reinforced Body","Coolheaded"],"picked":"Ball Lightning","floor":8.0},{"not_picked":["Compile Driver","Turbo","Sweeping Beam"],"picked":"SKIP","floor":11.0},{"not_picked":["Stack","Consume"],"picked":"Buffer","floor":14.0},{"not_picked":["Fission","Multi-Cast"],"picked":"Biased Cognition","floor":16.0},{"not_picked":["Aggregate","Skim"],"picked":"White Noise","floor":18.0},{"not_picked":["Scrape","Chaos","Streamline"],"picked":"SKIP","floor":18.0},{"not_picked":["Gash","Streamline","Beam Cell"],"picked":"SKIP","floor":24.0},{"not_picked":["Turbo","Sweeping Beam"],"picked":"Loop","floor":27.0},{"not_picked":["Fusion+1","Coolheaded"],"picked":"Defragment","floor":31.0},{"not_picked":["Rainbow","Echo Form"],"picked":"Thunder Strike","floor":33.0},{"not_picked":[],"picked":"Cold Snap","floor":35.0},{"not_picked":["Genetic Algorithm"],"picked":"SKIP","floor":35.0},{"not_picked":[],"picked":"Turbo+1","floor":37.0},{"not_picked":["Rip and Tear"],"picked":"SKIP","floor":37.0},{"not_picked":["Hello World"],"picked":"SKIP","floor":41},{"not_picked":[],"picked":"Go for the Eyes","floor":44},{"not_picked":[],"picked":"Lockon","floor":46},{"not_picked":["Ball Lightning"],"picked":"SKIP","floor":48},{"not_picked":["Reprogram"],"picked":"SKIP","floor":48}],"player_experience":840805,"relics_obtained":[{"floor":6.0,"key":"Prayer Wheel"},{"floor":9.0,"key":"Kunai"},{"floor":11.0,"key":"Tiny Chest"},{"floor":14.0,"key":"Vajra"},{"floor":24.0,"key":"Mango"},{"floor":26.0,"key":"Omamori"},{"floor":27.0,"key":"Art of War"},{"floor":31.0,"key":"Bag of Preparation"},{"floor":41,"key":"Bottled Flame"},{"floor":44,"key":"Oddly Smooth Stone"},{"floor":46,"key":"Emotion Chip"}],"event_choices":[{"damage_healed":0.0,"max_hp_gain":0.0,"max_hp_loss":0.0,"gold_gain":0.0,"event_name":"FaceTrader","player_choice":"Trade","floor":4.0,"gold_loss":0.0,"damage_taken":0.0,"relics_obtained":["FaceOfCleric"]},{"damage_healed":18.0,"max_hp_gain":0.0,"max_hp_loss":0.0,"gold_gain":0.0,"event_name":"Mushrooms","player_choice":"Healed and dodged fight","floor":13.0,"gold_loss":0.0,"damage_taken":0.0,"cards_obtained":["Parasite"]},{"damage_healed":0.0,"max_hp_gain":0.0,"max_hp_loss":0.0,"gold_gain":0.0,"cards_transformed":["Strike_B","Zap"],"event_name":"Drug Dealer","player_choice":"Became Test Subject","floor":19.0,"gold_loss":0.0,"damage_taken":0.0,"cards_obtained":["Steam Power","Auto Shields"]},{"damage_healed":0.0,"max_hp_gain":0.0,"max_hp_loss":0.0,"gold_gain":50.0,"event_name":"Nest","player_choice":"Stole From Cult","floor":20.0,"gold_loss":0.0,"damage_taken":0.0},{"cards_removed":["Parasite"],"damage_healed":0.0,"max_hp_gain":0.0,"max_hp_loss":0.0,"gold_gain":0.0,"event_name":"Back to Basics","player_choice":"Elegance","floor":21.0,"gold_loss":0.0,"damage_taken":0.0},{"damage_healed":0.0,"max_hp_gain":0.0,"max_hp_loss":0.0,"gold_gain":0.0,"event_name":"The Mausoleum","player_choice":"Opened","floor":29.0,"gold_loss":0.0,"damage_taken":0.0,"relics_obtained":["Pear"],"cards_obtained":["Writhe"]},{"damage_healed":0.0,"max_hp_gain":0.0,"max_hp_loss":0.0,"gold_gain":0.0,"event_name":"Tomb of Lord Red Mask","player_choice":"Paid","floor":38.0,"gold_loss":68.0,"damage_taken":0.0,"relics_obtained":["Red Mask"]},{"damage_healed":21.0,"max_hp_gain":0.0,"max_hp_loss":0.0,"gold_gain":0.0,"event_name":"Winding Halls","player_choice":"Writhe","floor":39.0,"gold_loss":0.0,"damage_taken":0.0,"cards_obtained":["Writhe"]},{"damage_healed":0,"gold_gain":0,"player_choice":"Fight","damage_taken":0,"max_hp_gain":0,"max_hp_loss":0,"event_name":"MindBloom","floor":46,"gold_loss":0},{"damage_healed":0,"gold_gain":0,"player_choice":"Copied","damage_taken":0,"max_hp_gain":0,"max_hp_loss":0,"event_name":"Duplicator","floor":47,"gold_loss":0,"cards_obtained":["Defragment"]}],"is_beta":false,"boss_relics":[{"not_picked":["FrozenCore","Philosopher\u0027s Stone"],"picked":"Astrolabe"},{"not_picked":["Sozu","Nuclear Battery"],"picked":"Busted Crown"}],"items_purged_floors":[22],"is_endless":false,"potions_floor_spawned":[1,5,14,24,27,41,44,46],"killed_by":"Donu and Deca","ascension_level":20}