{"gold_per_floor":[117,130,130,150,150,150,175,186,186,186,197,4,4,4,4,108,108,119,119,21,36,56,56,67,67,94,94,111,127,127,127],"floor_reached":31,"playtime":1691,"items_purged":["Strike_G"],"score":356,"play_id":"d3fc5ed1-ded7-4718-a6a2-d127519a770b","local_time":"20180929164159","is_ascension_mode":true,"campfire_choices":[{"data":"Dash","floor":6,"key":"SMITH"},{"data":"Neutralize","floor":10,"key":"SMITH"},{"data":"Noxious Fumes","floor":13,"key":"SMITH"},{"data":"Crippling Poison","floor":15,"key":"SMITH"},{"data":"Leg Sweep","floor":23,"key":"SMITH"},{"floor":25,"key":"REST"},{"data":"Footwork","floor":30,"key":"SMITH"}],"neow_cost":"NONE","seed_source_timestamp":243147442683199,"circlet_count":0,"master_deck":["Defend_G","Defend_G","Defend_G","Defend_G","Defend_G","Strike_G","Strike_G","Strike_G","Survivor","Neutralize+1","AscendersBane","Crippling Poison+1","Dagger Throw","Dash+1","Blur","Dodge and Roll","Blade Dance","Noxious Fumes+1","Leg Sweep+1","Envenom+1","Pain","Shame","Injury","Poisoned Stab+1","Backflip","Deadly Poison","Bouncing Flask","Noxious Fumes","Footwork+1","Acrobatics"],"relics":["Runic Pyramid","PreservedInsect","Blue Candle","Calling Bell","Dream Catcher","Pantograph","Ice Cream","Omamori"],"potions_floor_usage":[11,16,21,22,24,29],"damage_taken":[{"damage":6,"enemies":"2 Louse","floor":1,"turns":3},{"damage":2,"enemies":"Jaw Worm","floor":2,"turns":5},{"damage":0,"enemies":"Cultist","floor":4,"turns":4},{"damage":23,"enemies":"Gremlin Nob","floor":7,"turns":5},{"damage":0,"enemies":"Large Slime","floor":8,"turns":7},{"damage":0,"enemies":"2 Fungi Beasts","floor":11,"turns":4},{"damage":6,"enemies":"Hexaghost","floor":16,"turns":11},{"damage":10,"enemies":"Shell Parasite","floor":18,"turns":8},{"damage":3,"enemies":"Spheric Guardian","floor":21,"turns":7},{"damage":11,"enemies":"Shelled Parasite and Fungi","floor":22,"turns":9},{"damage":16,"enemies":"Centurion and Healer","floor":24,"turns":12},{"damage":18,"enemies":"Snecko","floor":28,"turns":7},{"damage":7,"enemies":"Snake Plant","floor":29,"turns":5},{"damage":29,"enemies":"Shelled Parasite and Fungi","floor":31,"turns":6}],"seed_played":"-5226895053274567117","potions_obtained":[{"floor":1,"key":"SpeedPotion"},{"floor":4,"key":"Swift Potion"},{"floor":7,"key":"Strength Potion"},{"floor":16,"key":"SkillPotion"},{"floor":28,"key":"Block Potion"},{"floor":29,"key":"Dexterity Potion"}],"is_trial":false,"path_per_floor":["M","M","?","M","?","R","E","M","T","R","M","$","R","?","R","B",null,"M","?","$","M","M","R","M","R","T","?","M","M","R"],"character_chosen":"THE_SILENT","items_purchased":["Noxious Fumes","Leg Sweep","Dexterity Potion","Backflip"],"campfire_rested":1,"item_purchase_floors":[12,12,12,20],"current_hp_per_floor":[57,55,60,60,60,60,37,37,37,37,37,37,37,30,30,24,62,52,52,52,49,38,38,22,44,44,44,26,19,19,0],"gold":127,"neow_bonus":"BOSS_RELIC","is_prod":false,"is_daily":false,"chose_seed":false,"campfire_upgraded":6,"win_rate":0,"timestamp":1538235719,"path_taken":["M","M","?","M","?","R","E","M","T","R","M","$","R","?","R","BOSS","M","?","$","M","M","R","M","R","T","?","M","?","R","M"],"build_version":"2018-09-27","purchased_purges":1,"victory":false,"max_hp_per_floor":[70,70,75,75,75,75,75,75,75,75,75,75,75,75,75,75,75,75,75,75,75,75,75,75,75,75,75,75,75,75,75],"card_choices":[{"not_picked":["Tactician","Flying Knee"],"picked":"Crippling Poison","floor":1},{"not_picked":["Riddle With Holes","Cloak And Dagger"],"picked":"Dagger Throw","floor":2},{"not_picked":["Dodge and Roll","Underhanded Strike"],"picked":"Dash","floor":4},{"not_picked":["Sucker Punch","Bouncing Flask"],"picked":"Blur","floor":7},{"not_picked":["Underhanded Strike","Bane"],"picked":"Dodge and Roll","floor":8},{"not_picked":["Acrobatics","Flying Knee"],"picked":"Blade Dance","floor":11},{"not_picked":["Venomology","Storm of Steel"],"picked":"Envenom","floor":16},{"not_picked":["Acrobatics","Escape Plan"],"picked":"Poisoned Stab+1","floor":18},{"not_picked":["Caltrops","Underhanded Strike"],"picked":"Deadly Poison","floor":21},{"not_picked":["Expertise","Flying Knee+1"],"picked":"Bouncing Flask","floor":22},{"not_picked":["Underhanded Strike","Flying Knee"],"picked":"Noxious Fumes","floor":24},{"not_picked":["Outmaneuver+1","Quick Slash"],"picked":"Footwork","floor":25},{"not_picked":["Slice","Poisoned Stab","Deflect"],"picked":"SKIP","floor":28},{"not_picked":["Terror","Masterful Stab"],"picked":"Acrobatics","floor":29}],"player_experience":782710,"relics_obtained":[{"floor":7,"key":"PreservedInsect"},{"floor":9,"key":"Blue Candle"},{"floor":17,"key":"Dream Catcher"},{"floor":17,"key":"Pantograph"},{"floor":17,"key":"Ice Cream"},{"floor":26,"key":"Omamori"}],"event_choices":[{"event_name":"Big Fish","player_choice":"Donut","floor":3,"damage_taken":0},{"event_name":"Liars Game","player_choice":"disagreed","floor":5,"damage_taken":0},{"event_name":"Golden Wing","player_choice":"Card Removal","floor":14,"damage_taken":0},{"event_name":"Accursed Blacksmith","player_choice":"Forge","floor":19,"damage_taken":0},{"event_name":"Vampires","player_choice":"Ignored","floor":27,"damage_taken":0}],"is_beta":false,"boss_relics":[{"not_picked":["Black Star","WristBlade"],"picked":"Calling Bell"}],"items_purged_floors":[20],"is_endless":false,"potions_floor_spawned":[1,4,7,16,18,28,29],"killed_by":"Shelled Parasite and Fungi","ascension_level":10}