{"gold_per_floor":[119,131,131,131,281,281,313,313,392,418,434,450,450,25,25,103,103,115,115,148,148,163,163,175,1,1,35,35,50,50,50,50,50],"floor_reached":33,"playtime":1184,"items_purged":["Strike_R"],"score":501,"play_id":"2ac92fdf-01db-4312-b59a-dfe58f0463d5","local_time":"20190720000709","is_ascension_mode":true,"campfire_choices":[{"data":"Immolate","floor":6,"key":"SMITH"},{"data":"Bash","floor":8,"key":"SMITH"},{"data":"Bludgeon","floor":15,"key":"SMITH"},{"data":"Ghostly","floor":23,"key":"SMITH"},{"floor":28,"key":"REST"},{"floor":30,"key":"REST"},{"data":"Demon Form","floor":32,"key":"SMITH"}],"neow_cost":"NONE","seed_source_timestamp":616478210869800,"circlet_count":0,"master_deck":["AscendersBane","Strike_R","Strike_R","Strike_R","Strike_R","Defend_R","Defend_R","Defend_R","Defend_R","Bash+1","Immolate+1","Armaments+1","Pommel Strike","Body Slam","Warcry","Iron Wave","Bludgeon+1","Headbutt","Rupture","Demon Form+1","Dual Wield","Thunderclap","Ghostly+1","Ghostly","Ghostly","Sentinel","Shrug It Off","Juggernaut","Rampage"],"relics":["Burning Blood","Red Skull","Bottled Lightning","Pocketwatch","Lee\u0027s Waffle","Lizard Tail","Red Mask","Mango","Strawberry"],"potions_floor_usage":[10,16,24,24,29],"damage_taken":[{"damage":10,"enemies":"2 Louse","floor":1,"turns":2},{"damage":2,"enemies":"Cultist","floor":2,"turns":4},{"damage":30,"enemies":"Gremlin Nob","floor":7,"turns":4},{"damage":15,"enemies":"3 Sentries","floor":10,"turns":5},{"damage":0,"enemies":"Jaw Worm","floor":11,"turns":2},{"damage":1,"enemies":"Blue Slaver","floor":12,"turns":3},{"damage":45,"enemies":"The Guardian","floor":16,"turns":9},{"damage":37,"enemies":"Spheric Guardian","floor":18,"turns":6},{"damage":0,"enemies":"Masked Bandits","floor":20,"turns":2},{"damage":15,"enemies":"3 Byrds","floor":22,"turns":5},{"damage":31,"enemies":"Centurion and Healer","floor":24,"turns":6},{"damage":46,"enemies":"Book of Stabbing","floor":27,"turns":7},{"damage":18,"enemies":"Shelled Parasite and Fungi","floor":29,"turns":6},{"damage":67,"enemies":"Champ","floor":33,"turns":12}],"seed_played":"1513806831568335064","potions_obtained":[{"floor":7,"key":"FearPotion"},{"floor":12,"key":"SkillPotion"},{"floor":16,"key":"Weak Potion"},{"floor":22,"key":"Poison Potion"},{"floor":27,"key":"Block Potion"}],"is_trial":false,"path_per_floor":["M","M","?","$","?","R","E","R","T","E","M","M","?","$","R","B",null,"M","$","?","?","M","R","M","$","T","E","R","M","R","?","R","B"],"character_chosen":"IRONCLAD","items_purchased":["Lee\u0027s Waffle","Headbutt","Rupture","Juggernaut"],"campfire_rested":2,"item_purchase_floors":[14,14,14,25],"current_hp_per_floor":[64,68,68,68,68,68,44,44,44,35,41,46,46,82,82,43,72,41,41,47,41,32,32,7,7,21,15,33,21,39,51,51,0],"gold":50,"neow_bonus":"ONE_RANDOM_RARE_CARD","is_prod":false,"is_daily":false,"chose_seed":false,"campfire_upgraded":5,"win_rate":0,"timestamp":1563574029,"path_taken":["M","M","?","?","?","R","E","R","T","E","M","?","?","$","R","BOSS","M","$","?","?","?","R","M","$","T","E","R","M","R","?","R","BOSS"],"build_version":"2019-07-17","purchased_purges":1,"victory":false,"max_hp_per_floor":[75,75,75,75,75,75,75,75,75,75,75,75,75,82,82,82,82,82,82,82,41,41,41,41,41,55,62,62,62,62,62,62,62],"card_choices":[{"not_picked":["Clothesline","Fire Breathing"],"picked":"Armaments","floor":1},{"not_picked":["Evolve","Blood for Blood"],"picked":"Pommel Strike","floor":2},{"not_picked":["Armaments","Uppercut"],"picked":"Body Slam","floor":7},{"not_picked":["Havoc","Bloodletting"],"picked":"Warcry","floor":10},{"not_picked":["Twin Strike","Intimidate"],"picked":"Iron Wave","floor":11},{"not_picked":["Wild Strike","Pummel"],"picked":"Bludgeon","floor":12},{"not_picked":["Barricade","Juggernaut"],"picked":"Demon Form","floor":16},{"not_picked":["Flex","Havoc"],"picked":"Dual Wield","floor":18},{"not_picked":["Flex","Burning Pact"],"picked":"Thunderclap","floor":20},{"not_picked":["Sever Soul","Thunderclap"],"picked":"Sentinel","floor":22},{"not_picked":["Fire Breathing","Sentinel+1"],"picked":"Shrug It Off","floor":24},{"not_picked":["Searing Blow","Body Slam"],"picked":"Rampage","floor":27},{"not_picked":["Thunderclap","Dropkick","Hemokinesis"],"picked":"SKIP","floor":29}],"player_experience":1697462,"relics_obtained":[{"floor":7,"key":"Red Skull"},{"floor":9,"key":"Bottled Lightning"},{"floor":10,"key":"Pocketwatch"},{"floor":20,"key":"Red Mask"},{"floor":26,"key":"Mango"},{"floor":27,"key":"Strawberry"}],"event_choices":[{"damage_healed":0,"gold_gain":0,"player_choice":"Forge","damage_taken":0,"max_hp_gain":0,"max_hp_loss":0,"event_name":"Accursed Blacksmith","floor":3,"gold_loss":0,"cards_upgraded":["Armaments"]},{"damage_healed":0,"gold_gain":150,"player_choice":"AGREE","damage_taken":0,"max_hp_gain":0,"max_hp_loss":0,"event_name":"Liars Game","floor":5,"gold_loss":0,"cards_obtained":["Doubt"]},{"cards_removed":["Doubt"],"damage_healed":0,"gold_gain":0,"player_choice":"Forget","damage_taken":0,"max_hp_gain":0,"max_hp_loss":0,"event_name":"Living Wall","floor":13,"gold_loss":0},{"damage_healed":0,"gold_gain":0,"player_choice":"Fought Bandits","damage_taken":0,"max_hp_gain":0,"max_hp_loss":0,"event_name":"Masked Bandits","floor":20,"gold_loss":0},{"damage_healed":0,"gold_gain":0,"player_choice":"Became a Ghost","damage_taken":0,"max_hp_gain":0,"max_hp_loss":41,"event_name":"Ghosts","floor":21,"gold_loss":0,"cards_obtained":["Ghostly","Ghostly","Ghostly"]},{"damage_healed":12,"gold_gain":0,"player_choice":"Heal","damage_taken":0,"max_hp_gain":0,"max_hp_loss":0,"event_name":"The Library","floor":31,"gold_loss":0}],"is_beta":false,"boss_relics":[{"not_picked":["Calling Bell","Tiny House"],"picked":"Lizard Tail"}],"items_purged_floors":[14],"is_endless":false,"potions_floor_spawned":[7,12,16,22,27],"killed_by":"Champ","ascension_level":17}