{"gold_per_floor":[365,377,391,79,79,106,106,106,159,159,169,181,211,225,225,302,302,321,335,63,79,4,4,16,16,16,35,35],"floor_reached":28,"playtime":1752,"items_purged":["Strike_R","Strike_R"],"score":464,"play_id":"d7659c09-6cee-47a9-b550-230c543b50ef","local_time":"20190120120536","is_ascension_mode":true,"campfire_choices":[{"data":"Anger","floor":8.0,"key":"SMITH"},{"data":"Bash","floor":10.0,"key":"SMITH"},{"data":"Carnage","floor":15.0,"key":"SMITH"},{"floor":23.0,"key":"REST"},{"floor":25.0,"key":"REST"}],"neow_cost":"TEN_PERCENT_HP_LOSS","seed_source_timestamp":925508240115616,"circlet_count":0,"master_deck":["AscendersBane","Strike_R","Strike_R","Defend_R","Defend_R","Defend_R","Defend_R","Bash+1","Clothesline","Anger","Iron Wave","Mayhem+1","Wild Strike","Anger+1","Armaments+1","Disarm+1","Carnage+1","Sentinel+1","Juggernaut","Shrug It Off+1","Shrug It Off+1","Ghostly Armor+1","Finesse+1","Shockwave+1","Wild Strike","Shrug It Off+1"],"special_seed":0,"relics":["Burning Blood","Bronze Scales","Toxic Egg 2","Omamori","Boot","White Beast Statue","Question Card"],"potions_floor_usage":[27,28],"damage_taken":[{"damage":7.0,"enemies":"2 Louse","floor":1.0,"turns":2.0},{"damage":9.0,"enemies":"Small Slimes","floor":2.0,"turns":4.0},{"damage":0.0,"enemies":"Cultist","floor":3.0,"turns":2.0},{"damage":3.0,"enemies":"Gremlin Nob","floor":6.0,"turns":3.0},{"damage":0.0,"enemies":"2 Fungi Beasts","floor":11.0,"turns":2.0},{"damage":14.0,"enemies":"Red Slaver","floor":12.0,"turns":3.0},{"damage":10.0,"enemies":"3 Sentries","floor":13.0,"turns":6.0},{"damage":6.0,"enemies":"3 Louse","floor":14.0,"turns":4.0},{"damage":43.0,"enemies":"Slime Boss","floor":16.0,"turns":10.0},{"damage":22.0,"enemies":"Spheric Guardian","floor":18.0,"turns":4.0},{"damage":21.0,"enemies":"Chosen","floor":19.0,"turns":5.0},{"damage":17.0,"enemies":"Shelled Parasite and Fungi","floor":21.0,"turns":4.0},{"damage":26.0,"enemies":"Centurion and Healer","floor":24.0,"turns":6.0},{"damage":6,"enemies":"Snecko","floor":27,"turns":6},{"damage":40,"enemies":"Shelled Parasite and Fungi","floor":28,"turns":5}],"seed_played":"-7993414761389648527","potions_obtained":[{"floor":1.0,"key":"Explosive Potion"},{"floor":12.0,"key":"Energy Potion"},{"floor":13.0,"key":"Poison Potion"},{"floor":18.0,"key":"AttackPotion"},{"floor":19.0,"key":"SneckoOil"},{"floor":21.0,"key":"Strength Potion"},{"floor":24.0,"key":"GamblersBrew"},{"floor":27,"key":"BloodPotion"}],"is_trial":false,"path_per_floor":["M","M","M","$","?","E","?","R","T","R","M","M","E","M","R","B",null,"M","M","$","M","?","R","M","R","T","M","M"],"character_chosen":"IRONCLAD","items_purchased":["Mayhem","Wild Strike","Ghostly Armor+1","Finesse+1"],"campfire_rested":2,"item_purchase_floors":[4,4,20,20],"current_hp_per_floor":[67,64,68,68,63,66,66,66,66,66,68,60,56,56,56,19,56,40,25,25,14,14,34,14,34,34,34,0],"gold":35,"neow_bonus":"TWO_FIFTY_GOLD","is_prod":false,"is_daily":false,"chose_seed":false,"campfire_upgraded":3,"win_rate":0,"timestamp":1547982336,"path_taken":["M","M","M","$","?","E","?","R","T","R","M","M","E","?","R","BOSS","M","M","$","M","?","R","M","R","T","M","?"],"build_version":"2019-01-17v2","purchased_purges":2,"victory":false,"max_hp_per_floor":[68,68,68,68,68,68,68,68,68,68,68,68,68,68,68,68,68,68,68,68,68,68,68,68,68,68,68,68],"card_choices":[{"not_picked":["Pummel","Infernal Blade"],"picked":"Clothesline","floor":1.0},{"not_picked":["Cleave","Twin Strike"],"picked":"Anger","floor":2.0},{"not_picked":["Heavy Blade","True Grit"],"picked":"Iron Wave","floor":3.0},{"not_picked":["Sever Soul","Sword Boomerang"],"picked":"Anger","floor":6.0},{"not_picked":["Headbutt","Body Slam"],"picked":"Armaments+1","floor":11.0},{"not_picked":["Perfected Strike","True Grit+1"],"picked":"Disarm+1","floor":12.0},{"not_picked":["Searing Blow","Exhume+1"],"picked":"Carnage","floor":13.0},{"not_picked":["Hemokinesis","Armaments+1"],"picked":"Sentinel+1","floor":14.0},{"not_picked":["Double Tap+1","Feed"],"picked":"Juggernaut","floor":16.0},{"not_picked":["Spot Weakness+1","Clothesline"],"picked":"Shrug It Off+1","floor":18.0},{"not_picked":["Clothesline","Headbutt"],"picked":"Shrug It Off+1","floor":19.0},{"not_picked":["Thunderclap","Pommel Strike+1"],"picked":"Shockwave+1","floor":21.0},{"not_picked":["Sword Boomerang","Headbutt"],"picked":"Wild Strike","floor":24.0},{"not_picked":["Clash","Clothesline","Pommel Strike"],"picked":"Shrug It Off+1","floor":27}],"player_experience":609710,"relics_obtained":[{"floor":6.0,"key":"Toxic Egg 2"},{"floor":9.0,"key":"Omamori"},{"floor":13.0,"key":"Boot"},{"floor":26.0,"key":"Question Card"}],"event_choices":[{"damage_healed":0.0,"max_hp_gain":0.0,"max_hp_loss":0.0,"gold_gain":0.0,"event_name":"Scrap Ooze","player_choice":"Success","floor":5.0,"gold_loss":0.0,"damage_taken":5.0,"relics_obtained":["Bronze Scales"]},{"damage_healed":0.0,"max_hp_gain":0.0,"max_hp_loss":0.0,"gold_gain":0.0,"event_name":"Upgrade Shrine","player_choice":"Upgraded","floor":7.0,"gold_loss":0.0,"damage_taken":0.0,"cards_upgraded":["Mayhem"]},{"cards_removed":["Strike_R"],"damage_healed":0.0,"max_hp_gain":0.0,"max_hp_loss":0.0,"gold_gain":0.0,"event_name":"Designer","player_choice":"Single Remove","floor":22.0,"gold_loss":75.0,"damage_taken":0.0}],"is_beta":false,"boss_relics":[{"not_picked":["Lizard Tail","Black Star"],"picked":"White Beast Statue"}],"items_purged_floors":[4,20],"is_endless":false,"potions_floor_spawned":[1,12,13,18,19,21,24,27],"killed_by":"Shelled Parasite and Fungi","ascension_level":20}