{"gold_per_floor":[112,112,126,142,157,157,169,169,169,169],"floor_reached":10,"playtime":5526,"items_purged":[],"score":111,"play_id":"3f6f8e6a-f94c-4b0e-9709-71ec17bdb6e3","local_time":"20190705025911","is_ascension_mode":true,"campfire_choices":[{"data":"Zap","floor":6,"key":"SMITH"},{"data":"Fission","floor":8,"key":"SMITH"}],"neow_cost":"NONE","seed_source_timestamp":1473952923205300,"circlet_count":0,"master_deck":["AscendersBane","Strike_B","Strike_B","Strike_B","Defend_B","Defend_B","Defend_B","Defend_B","Zap+1","Dualcast","White Noise","Fission+1","Hologram","Genetic Algorithm","Loop","Darkness"],"relics":["Cracked Core","Blue Candle"],"potions_floor_usage":[4,5],"damage_taken":[{"damage":7,"enemies":"Small Slimes","floor":1,"turns":3},{"damage":7,"enemies":"Cultist","floor":3,"turns":4},{"damage":1,"enemies":"2 Louse","floor":4,"turns":2},{"damage":25,"enemies":"Exordium Thugs","floor":5,"turns":9},{"damage":11,"enemies":"2 Fungi Beasts","floor":7,"turns":4},{"damage":20,"enemies":"Gremlin Gang","floor":10,"turns":2}],"seed_played":"-7501694390532870033","potions_obtained":[{"floor":1,"key":"Dexterity Potion"},{"floor":3,"key":"Block Potion"}],"is_trial":false,"path_per_floor":["M","?","M","M","M","R","M","R","T","M"],"character_chosen":"DEFECT","items_purchased":[],"campfire_rested":0,"item_purchase_floors":[],"current_hp_per_floor":[64,64,57,56,31,31,20,20,20,0],"gold":169,"neow_bonus":"TEN_PERCENT_HP_BONUS","is_prod":false,"is_daily":false,"chose_seed":false,"campfire_upgraded":2,"win_rate":0,"timestamp":1562288351,"path_taken":["M","?","M","M","M","R","M","R","T","M"],"build_version":"2019-07-01","purchased_purges":0,"victory":false,"max_hp_per_floor":[78,78,78,78,78,78,78,78,78,78],"card_choices":[{"not_picked":["Coolheaded","Lockon"],"picked":"White Noise","floor":1},{"not_picked":["Auto Shields","Steam"],"picked":"Hologram","floor":3},{"not_picked":["Streamline","Force Field"],"picked":"Genetic Algorithm","floor":4},{"not_picked":["Hologram","BootSequence"],"picked":"Loop","floor":5},{"not_picked":["Capacitor","Genetic Algorithm"],"picked":"Darkness","floor":7}],"player_experience":1597707,"relics_obtained":[{"floor":9,"key":"Blue Candle"}],"event_choices":[{"damage_healed":0,"gold_gain":0,"cards_transformed":["Strike_B"],"player_choice":"Transformed","damage_taken":0,"max_hp_gain":0,"max_hp_loss":0,"event_name":"Transmorgrifier","floor":2,"gold_loss":0,"cards_obtained":["Fission"]}],"is_beta":false,"boss_relics":[],"items_purged_floors":[],"is_endless":false,"potions_floor_spawned":[1,3],"killed_by":"Gremlin Gang","ascension_level":17}