{"gold_per_floor":[111,126,136,136,61,61,87,87,87,87,121,140,140,155,155,226,226,242,112,112,112,112,112,112],"floor_reached":24,"playtime":737,"items_purged":["Decay"],"score":384,"play_id":"f9656a83-36e5-41a6-a8e0-4161a77016f2","local_time":"20190725210813","is_ascension_mode":true,"campfire_choices":[{"data":"Fiend Fire","floor":6.0,"key":"SMITH"},{"data":"Battle Trance","floor":8.0,"key":"SMITH"},{"data":"Bash","floor":10.0,"key":"SMITH"},{"data":"Flex","floor":13.0,"key":"SMITH"},{"data":"Shockwave","floor":15.0,"key":"SMITH"},{"data":"Demon Form","floor":23,"key":"SMITH"}],"neow_cost":"PERCENT_DAMAGE","seed_source_timestamp":0,"circlet_count":0,"master_deck":["AscendersBane","Strike_R","Strike_R","Strike_R","Defend_R","Defend_R","Defend_R+1","Defend_R+1","Bash+1","Heavy Blade","Heavy Blade","Fiend Fire+1","Heavy Blade","Battle Trance+1","Flex+1","Disarm","Shockwave+1","Demon Form+1","Shame","Injury","Second Wind","Headbutt","Writhe"],"special_seed":0,"relics":["Burning Blood","Bottled Flame","War Paint","Juzu Bracelet","Calling Bell","Ancient Tea Set","Question Card","Calipers","Orichalcum","Matryoshka"],"potions_floor_usage":[24],"damage_taken":[{"damage":7.0,"enemies":"Cultist","floor":1.0,"turns":4.0},{"damage":1.0,"enemies":"2 Louse","floor":2.0,"turns":4.0},{"damage":16.0,"enemies":"Jaw Worm","floor":3.0,"turns":5.0},{"damage":8.0,"enemies":"Gremlin Nob","floor":7.0,"turns":3.0},{"damage":13.0,"enemies":"3 Sentries","floor":11.0,"turns":8.0},{"damage":0.0,"enemies":"Blue Slaver","floor":12.0,"turns":1.0},{"damage":3.0,"enemies":"Exordium Thugs","floor":14.0,"turns":4.0},{"damage":13.0,"enemies":"The Guardian","floor":16.0,"turns":9.0},{"damage":42,"enemies":"Chosen","floor":18,"turns":6},{"damage":64,"enemies":"Book of Stabbing","floor":24,"turns":7}],"seed_played":"-4625903596177368719","potions_obtained":[{"floor":3.0,"key":"Energy Potion"},{"floor":7.0,"key":"SpeedPotion"},{"floor":11.0,"key":"Block Potion"}],"is_trial":false,"path_per_floor":["M","M","M","?","?","R","E","R","T","R","E","M","R","M","R","B",null,"M","$","?","?","?","R","E"],"character_chosen":"IRONCLAD","items_purchased":["Headbutt"],"campfire_rested":0,"item_purchase_floors":[19],"current_hp_per_floor":[63,68,58,58,58,58,56,56,56,56,49,55,55,58,58,51,80,44,44,62,62,62,62,0],"gold":112,"neow_bonus":"TWENTY_PERCENT_HP_BONUS","is_prod":false,"is_daily":false,"chose_seed":false,"campfire_upgraded":6,"win_rate":0,"timestamp":1564081693,"path_taken":["M","M","M","?","?","R","E","R","T","R","E","M","R","M","R","BOSS","BOSS","M","$","?","?","?","R","E"],"build_version":"2019-07-17","purchased_purges":1,"victory":false,"max_hp_per_floor":[89,89,89,89,89,89,89,89,89,89,89,89,89,89,89,89,89,89,89,89,89,89,89,89],"card_choices":[{"not_picked":["Thunderclap","Armaments"],"picked":"Heavy Blade","floor":1.0},{"not_picked":["Fire Breathing","Wild Strike"],"picked":"Heavy Blade","floor":2.0},{"not_picked":["Twin Strike","Sword Boomerang"],"picked":"Fiend Fire","floor":3.0},{"not_picked":["Clothesline","Perfected Strike"],"picked":"Battle Trance","floor":7.0},{"not_picked":["Perfected Strike","True Grit"],"picked":"Flex","floor":11.0},{"not_picked":["Sword Boomerang","Heavy Blade"],"picked":"Disarm","floor":12.0},{"not_picked":["Havoc","Shrug It Off"],"picked":"Shockwave","floor":14.0},{"not_picked":["Immolate","Double Tap"],"picked":"Demon Form","floor":16},{"not_picked":["Bloodletting","Armaments","Ghostly Armor"],"picked":"Second Wind","floor":18}],"player_experience":1753641,"relics_obtained":[{"floor":7.0,"key":"Bottled Flame"},{"floor":9.0,"key":"War Paint"},{"floor":11.0,"key":"Juzu Bracelet"},{"floor":17,"key":"Ancient Tea Set"},{"floor":17,"key":"Question Card"},{"floor":17,"key":"Calipers"},{"floor":21,"key":"Orichalcum"}],"event_choices":[{"damage_healed":0.0,"max_hp_gain":0.0,"max_hp_loss":0.0,"gold_gain":0.0,"cards_transformed":["Strike_R"],"event_name":"Living Wall","player_choice":"Change","floor":4.0,"gold_loss":0.0,"damage_taken":0.0,"cards_obtained":["Heavy Blade"]},{"cards_removed":["Strike_R"],"damage_healed":0.0,"max_hp_gain":0.0,"max_hp_loss":0.0,"gold_gain":0.0,"event_name":"The Cleric","player_choice":"Card Removal","floor":5.0,"gold_loss":75.0,"damage_taken":0.0},{"damage_healed":18,"gold_gain":0,"player_choice":"Heal","damage_taken":0,"max_hp_gain":0,"max_hp_loss":0,"event_name":"The Library","floor":20,"gold_loss":0},{"damage_healed":0,"gold_gain":0,"player_choice":"Relic","damage_taken":0,"max_hp_gain":0,"max_hp_loss":0,"event_name":"Wheel of Change","floor":21,"gold_loss":0},{"damage_healed":0,"gold_gain":0,"player_choice":"Opened","damage_taken":0,"relics_obtained":["Matryoshka"],"max_hp_gain":0,"max_hp_loss":0,"event_name":"The Mausoleum","floor":22,"gold_loss":0,"cards_obtained":["Writhe"]}],"is_beta":false,"boss_relics":[{"not_picked":["White Beast Statue","Eternal Feather"],"picked":"Calling Bell"}],"items_purged_floors":[19],"is_endless":false,"potions_floor_spawned":[3,7,11],"killed_by":"Book of Stabbing","ascension_level":18}