{"gold_per_floor":[111,121,121,131,131,131,145,170,246,246,272,126,143,161,161,259,259,279,279,21,34,34,34,47,47,47,79,79,95,95,108,108,210,210,221,221,321,341,387,387,387,387,387,401,0,12,32,44,44,44],"floor_reached":51,"playtime":3471,"items_purged":["Strike_R","Strike_R","Strike_R"],"score":941,"play_id":"f770097d-def0-4aa8-9f2c-37b3c89394cb","local_time":"20190915140551","is_ascension_mode":true,"campfire_choices":[{"data":"Bash","floor":6,"key":"SMITH"},{"data":"Fiend Fire","floor":10,"key":"SMITH"},{"data":"True Grit","floor":15,"key":"SMITH"},{"floor":23,"key":"REST"},{"floor":28,"key":"REST"},{"data":"Uppercut","floor":32,"key":"SMITH"},{"floor":40,"key":"REST"},{"floor":42,"key":"REST"},{"data":"Battle Trance","floor":49,"key":"SMITH"}],"neow_cost":"NONE","seed_source_timestamp":360567253795887,"circlet_count":0,"master_deck":["Defend_R","Defend_R","Defend_R","Defend_R","Bash+1","Anger","Combust","Armaments+1","Shrug It Off","Fiend Fire+1","Whirlwind","Metallicize","True Grit+1","Reaper","Reaper","Demon Form","Shockwave","Exhume","Headbutt","Double Tap","Uppercut+1","Burning Pact","Corruption+1","Immolate","Flame Barrier","Shockwave+1","Battle Trance+1","True Grit+1","Shrug It Off","Warcry","Seeing Red","Inflame+1"],"relics":["Burning Blood","Turnip","Gremlin Horn","Happy Flower","Cursed Key","Strawberry","Mark of Pain","Lizard Tail","Dead Branch","Chemical X"],"potions_floor_usage":[13,16,16,27,27,35,39,50,50,50],"damage_taken":[{"damage":5,"enemies":"Small Slimes","floor":1,"turns":3},{"damage":0,"enemies":"2 Louse","floor":2,"turns":3},{"damage":3,"enemies":"Cultist","floor":4,"turns":3},{"damage":9,"enemies":"2 Fungi Beasts","floor":7,"turns":3},{"damage":27,"enemies":"3 Sentries","floor":8,"turns":5},{"damage":24,"enemies":"Lagavulin","floor":11,"turns":6},{"damage":4,"enemies":"Exordium Thugs","floor":13,"turns":3},{"damage":0,"enemies":"3 Louse","floor":14,"turns":1},{"damage":10,"enemies":"Slime Boss","floor":16,"turns":7},{"damage":41,"enemies":"Shell Parasite","floor":18,"turns":5},{"damage":13,"enemies":"Spheric Guardian","floor":21,"turns":7},{"damage":18,"enemies":"Snecko","floor":24,"turns":4},{"damage":50,"enemies":"Book of Stabbing","floor":27,"turns":6},{"damage":43,"enemies":"3 Cultists","floor":29,"turns":6},{"damage":24,"enemies":"Centurion and Healer","floor":31,"turns":8},{"damage":114,"enemies":"Automaton","floor":33,"turns":8},{"damage":31,"enemies":"Orb Walker","floor":35,"turns":5},{"damage":5,"enemies":"Mind Bloom Boss Battle","floor":37,"turns":6},{"damage":28,"enemies":"3 Shapes","floor":38,"turns":2},{"damage":121,"enemies":"2 Orb Walkers","floor":39,"turns":6},{"damage":25,"enemies":"Maw","floor":44,"turns":5},{"damage":4,"enemies":"Jaw Worm Horde","floor":46,"turns":4},{"damage":13,"enemies":"Writhing Mass","floor":47,"turns":5},{"damage":26,"enemies":"Sphere and 2 Shapes","floor":48,"turns":2},{"damage":57,"enemies":"Donu and Deca","floor":50,"turns":7}],"seed_played":"8797500748601416921","potions_obtained":[{"floor":7,"key":"Poison Potion"},{"floor":8,"key":"FearPotion"},{"floor":11,"key":"SpeedPotion"},{"floor":14,"key":"EssenceOfSteel"},{"floor":24,"key":"Dexterity Potion"},{"floor":31,"key":"Poison Potion"},{"floor":33,"key":"PowerPotion"},{"floor":35,"key":"Ancient Potion"},{"floor":46,"key":"LiquidBronze"}],"is_trial":false,"path_per_floor":["M","M","?","M","?","R","M","E","T","R","E","$","M","M","R","B",null,"M","?","$","M","$","R","M","?","T","E","R","M","?","M","R","B",null,"M","?","?","M","?","R","?","R","T","M","$","M","M","M","R","B",null],"character_chosen":"IRONCLAD","items_purchased":["Metallicize","Demon Form","GamblersBrew","Chemical X","Shrug It Off"],"campfire_rested":4,"item_purchase_floors":[12,20,45,45,45],"current_hp_per_floor":[73,79,79,80,80,80,77,56,56,56,38,38,40,46,46,42,71,40,40,40,33,33,57,59,59,59,22,48,54,54,74,74,9,68,58,58,83,63,14,38,38,62,62,64,64,79,76,64,64,21],"gold":44,"neow_bonus":"THREE_CARDS","is_prod":false,"is_daily":false,"chose_seed":false,"campfire_upgraded":5,"win_rate":0,"timestamp":1568570751,"path_taken":["M","M","?","M","?","R","M","E","T","R","E","$","?","M","R","BOSS","M","?","$","M","?","R","M","?","T","E","R","?","?","M","R","BOSS","M","?","?","M","?","R","?","R","T","M","$","M","M","M","R","BOSS"],"build_version":"2019-09-12","purchased_purges":3,"victory":true,"max_hp_per_floor":[80,80,80,80,80,80,80,80,80,80,80,80,80,80,80,80,80,80,80,80,80,80,80,80,80,80,87,87,87,87,87,87,87,87,87,83,83,83,83,83,83,83,83,83,83,83,83,83,83,83],"card_choices":[{"not_picked":["Sword Boomerang","Twin Strike"],"picked":"Anger","floor":0},{"not_picked":["Armaments","Iron Wave"],"picked":"Combust","floor":1},{"not_picked":["Entrench","Iron Wave"],"picked":"Armaments","floor":2},{"not_picked":["Bloodletting","Sever Soul"],"picked":"Shrug It Off","floor":4},{"not_picked":["Seeing Red","Intimidate"],"picked":"Fiend Fire","floor":7},{"not_picked":["Juggernaut","Inflame"],"picked":"Whirlwind","floor":8},{"not_picked":["Havoc","Rampage","Wild Strike"],"picked":"SKIP","floor":11},{"not_picked":["Anger","Twin Strike"],"picked":"True Grit","floor":13},{"not_picked":["Hemokinesis","Combust","Wild Strike"],"picked":"SKIP","floor":14},{"not_picked":["Limit Break","Feed"],"picked":"Reaper","floor":16},{"not_picked":["Dropkick","Pommel Strike","Wild Strike+1"],"picked":"SKIP","floor":18},{"not_picked":["Armaments","Ghostly Armor","Sword Boomerang"],"picked":"SKIP","floor":21},{"not_picked":["Iron Wave","Armaments"],"picked":"Shockwave","floor":24},{"not_picked":["Headbutt","Power Through"],"picked":"Double Tap","floor":27},{"not_picked":["Anger","Wild Strike+1","Power Through"],"picked":"SKIP","floor":29},{"not_picked":["Infernal Blade+1","Perfected Strike"],"picked":"Corruption+1","floor":31},{"not_picked":["Brutality","Reaper"],"picked":"Immolate","floor":33},{"not_picked":["Warcry+1","Metallicize+1"],"picked":"Flame Barrier","floor":35},{"not_picked":["Body Slam+1","Pummel+1"],"picked":"Shockwave+1","floor":37},{"not_picked":["Body Slam+1","Infernal Blade","Second Wind+1"],"picked":"SKIP","floor":38},{"not_picked":["Second Wind+1","Spot Weakness+1"],"picked":"Battle Trance","floor":39},{"not_picked":["Entrench","Perfected Strike+1"],"picked":"True Grit+1","floor":44},{"not_picked":["Cleave","Combust"],"picked":"Warcry","floor":46},{"not_picked":["Rupture","Blood for Blood"],"picked":"Seeing Red","floor":47},{"not_picked":["Sentinel","Havoc+1"],"picked":"Inflame+1","floor":48}],"player_experience":388998,"relics_obtained":[{"floor":8,"key":"Turnip"},{"floor":9,"key":"Gremlin Horn"},{"floor":11,"key":"Happy Flower"},{"floor":27,"key":"Strawberry"},{"floor":37,"key":"Lizard Tail"},{"floor":39,"key":"Dead Branch"}],"event_choices":[{"damage_healed":0,"gold_gain":0,"player_choice":"Ignored","damage_taken":0,"max_hp_gain":0,"max_hp_loss":0,"event_name":"Liars Game","floor":3,"gold_loss":0},{"damage_healed":0,"gold_gain":0,"player_choice":"Upgraded","damage_taken":0,"max_hp_gain":0,"max_hp_loss":0,"event_name":"Upgrade Shrine","floor":5,"gold_loss":0,"cards_upgraded":["Armaments"]},{"damage_healed":0,"gold_gain":0,"player_choice":"Copied","damage_taken":0,"max_hp_gain":0,"max_hp_loss":0,"event_name":"Duplicator","floor":19,"gold_loss":0,"cards_obtained":["Reaper"]},{"damage_healed":0,"gold_gain":0,"player_choice":"2 cards matched","damage_taken":0,"max_hp_gain":0,"max_hp_loss":0,"event_name":"Match and Keep!","floor":25,"gold_loss":0,"cards_obtained":["Exhume","Headbutt"]},{"damage_healed":0,"gold_gain":0,"cards_transformed":["Strike_R","Strike_R"],"player_choice":"Became Test Subject","damage_taken":0,"max_hp_gain":0,"max_hp_loss":0,"event_name":"Drug Dealer","floor":30,"gold_loss":0,"cards_obtained":["Uppercut","Burning Pact"]},{"damage_healed":0,"gold_gain":0,"player_choice":"Max HP","damage_taken":0,"max_hp_gain":0,"max_hp_loss":4,"event_name":"Winding Halls","floor":36,"gold_loss":0},{"damage_healed":0,"gold_gain":0,"player_choice":"Fight","damage_taken":0,"max_hp_gain":0,"max_hp_loss":0,"event_name":"MindBloom","floor":37,"gold_loss":0},{"damage_healed":0,"gold_gain":0,"player_choice":"Fight","damage_taken":0,"max_hp_gain":0,"max_hp_loss":0,"event_name":"Mysterious Sphere","floor":39,"gold_loss":0},{"damage_healed":0,"gold_gain":0,"player_choice":"Ignored","damage_taken":0,"max_hp_gain":0,"max_hp_loss":0,"event_name":"Tomb of Lord Red Mask","floor":41,"gold_loss":0}],"is_beta":true,"boss_relics":[{"not_picked":["SlaversCollar","Snecko Eye"],"picked":"Cursed Key"},{"not_picked":["Astrolabe","Philosopher\u0027s Stone"],"picked":"Mark of Pain"}],"items_purged_floors":[12,20,45],"is_endless":false,"potions_floor_spawned":[7,8,11,14,24,31,33,35,46],"ascension_level":8}