{"gold_per_floor":[115,130,130,130,130,161,181,181,181,197,197,210,4,29,29,106,106,116,116,126,136,336,336,352,352,352,20,31,56,74,74],"floor_reached":31,"playtime":815,"items_purged":[],"score":540,"play_id":"c0b5ed4f-0dda-4946-b988-41549720ba56","local_time":"20190808183526","is_ascension_mode":true,"campfire_choices":[{"data":"Biased Cognition","floor":8,"key":"SMITH"},{"data":"Loop","floor":11,"key":"SMITH"},{"data":"Sunder","floor":15,"key":"SMITH"},{"data":"Echo Form","floor":23,"key":"SMITH"},{"data":"Biased Cognition","floor":25,"key":"SMITH"}],"neow_cost":"NONE","seed_source_timestamp":524071688577000,"circlet_count":0,"master_deck":["AscendersBane","Zap+1","Dualcast","Leap","Ball Lightning+1","Biased Cognition+1","Coolheaded","Loop+1","Barrage","Steam","Self Repair","Conserve Battery","Sunder+1","Biased Cognition+1","Electrodynamics","FTL","Meteor Strike","Hello World","Conserve Battery","Leap","Echo Form+1","Redo","Stack","Glacier+1","Beam Cell","Defragment","Gash","Static Discharge+1","Storm","Gash"],"relics":["Cracked Core","NeowsBlessing","Nunchaku","Shovel","Happy Flower","Pandora\u0027s Box","Enchiridion","Darkstone Periapt","Runic Capacitor","Potion Belt"],"potions_floor_usage":[14,14,16,21,21],"damage_taken":[{"damage":0,"enemies":"Small Slimes","floor":1,"turns":1},{"damage":0,"enemies":"2 Louse","floor":2,"turns":1},{"damage":0,"enemies":"Gremlin Nob","floor":6,"turns":1},{"damage":0,"enemies":"Cultist","floor":7,"turns":2},{"damage":5,"enemies":"Large Slime","floor":10,"turns":3},{"damage":3,"enemies":"Blue Slaver","floor":12,"turns":2},{"damage":14,"enemies":"3 Sentries","floor":14,"turns":4},{"damage":11,"enemies":"Hexaghost","floor":16,"turns":6},{"damage":13,"enemies":"Spheric Guardian","floor":18,"turns":4},{"damage":11,"enemies":"2 Thieves","floor":20,"turns":3},{"damage":7,"enemies":"Snake Plant","floor":21,"turns":3},{"damage":8,"enemies":"Snecko","floor":24,"turns":4},{"damage":0,"enemies":"Chosen and Byrds","floor":28,"turns":3},{"damage":21,"enemies":"Gremlin Leader","floor":29,"turns":5},{"damage":0,"enemies":"Centurion and Healer","floor":30,"turns":4},{"damage":28,"enemies":"Shelled Parasite and Fungi","floor":31,"turns":2}],"seed_played":"-1848399001659367254","potions_obtained":[{"floor":1,"key":"SkillPotion"},{"floor":10,"key":"Energy Potion"},{"floor":14,"key":"Regen Potion"},{"floor":18,"key":"SkillPotion"},{"floor":20,"key":"Weak Potion"},{"floor":30,"key":"FairyPotion"}],"is_trial":false,"path_per_floor":["M","M","?","?","?","E","M","R","T","M","R","M","$","E","R","B",null,"M","?","M","M","?","R","M","R","T","$","M","E","M","M"],"character_chosen":"DEFECT","items_purchased":["Self Repair","Conserve Battery","Sunder","Runic Capacitor","Defragment","Gash"],"campfire_rested":0,"item_purchase_floors":[13,13,13,27,27,27],"current_hp_per_floor":[64,64,43,43,36,36,36,36,36,31,31,28,28,21,21,32,61,62,41,30,37,37,37,29,29,29,29,36,15,15,0],"gold":74,"neow_bonus":"THREE_ENEMY_KILL","is_prod":false,"is_daily":false,"chose_seed":false,"campfire_upgraded":5,"win_rate":0,"timestamp":1565282126,"path_taken":["M","M","?","?","?","E","M","R","T","M","R","M","$","E","R","BOSS","M","?","M","M","?","R","M","R","T","$","?","E","M","M"],"build_version":"2019-07-17","purchased_purges":0,"victory":false,"max_hp_per_floor":[71,71,71,71,71,71,71,71,71,71,71,71,71,71,71,71,71,71,71,71,71,71,71,71,71,71,71,71,71,71,71],"card_choices":[{"not_picked":["Aggregate","Steam Power"],"picked":"Leap","floor":1},{"not_picked":["Blizzard","Turbo"],"picked":"Ball Lightning","floor":2},{"not_picked":["Recycle","Leap"],"picked":"Coolheaded","floor":6},{"not_picked":["Leap","Barrage"],"picked":"Loop","floor":7},{"not_picked":["Rip and Tear","Rebound"],"picked":"Barrage","floor":10},{"not_picked":["Cold Snap","Go for the Eyes"],"picked":"Steam","floor":12},{"not_picked":["Force Field","Ball Lightning"],"picked":"Biased Cognition","floor":14},{"not_picked":["Seek","Multi-Cast"],"picked":"Electrodynamics","floor":16},{"not_picked":["FTL","Cold Snap"],"picked":"Redo","floor":18},{"not_picked":["Barrage","Gash"],"picked":"Stack","floor":20},{"not_picked":["Ball Lightning","Tempest"],"picked":"Glacier+1","floor":21},{"not_picked":["Streamline","Coolheaded"],"picked":"Beam Cell","floor":24},{"not_picked":["Turbo","Cold Snap"],"picked":"Static Discharge+1","floor":28},{"not_picked":["Stack","Auto Shields"],"picked":"Storm","floor":29},{"not_picked":["Beam Cell","Rip and Tear"],"picked":"Gash","floor":30}],"player_experience":1828244,"relics_obtained":[{"floor":6,"key":"Nunchaku"},{"floor":9,"key":"Shovel"},{"floor":14,"key":"Happy Flower"},{"floor":19,"key":"Enchiridion"},{"floor":26,"key":"Darkstone Periapt"},{"floor":29,"key":"Potion Belt"}],"event_choices":[{"damage_healed":0,"gold_gain":0,"player_choice":"Entered Light","damage_taken":21,"max_hp_gain":0,"max_hp_loss":0,"event_name":"Shining Light","floor":3,"gold_loss":0,"cards_upgraded":["Ball Lightning","Zap"]},{"damage_healed":0,"gold_gain":0,"cards_transformed":["Strike_B"],"player_choice":"Change","damage_taken":0,"max_hp_gain":0,"max_hp_loss":0,"event_name":"Living Wall","floor":4,"gold_loss":0,"cards_obtained":["Biased Cognition"]},{"cards_removed":["Strike_B"],"damage_healed":0,"gold_gain":0,"player_choice":"Card Removal","damage_taken":7,"max_hp_gain":0,"max_hp_loss":0,"event_name":"Golden Wing","floor":5,"gold_loss":0},{"damage_healed":0,"gold_gain":0,"player_choice":"Obtained Book","damage_taken":21,"max_hp_gain":0,"max_hp_loss":0,"event_name":"Cursed Tome","floor":19,"gold_loss":0},{"damage_healed":0,"gold_gain":200,"player_choice":"Gold","damage_taken":0,"max_hp_gain":0,"max_hp_loss":0,"event_name":"Wheel of Change","floor":22,"gold_loss":0}],"is_beta":false,"boss_relics":[{"not_picked":["Fusion Hammer","Eternal Feather"],"picked":"Pandora\u0027s Box"}],"items_purged_floors":[],"is_endless":false,"potions_floor_spawned":[1,10,14,18,20,30],"killed_by":"Shelled Parasite and Fungi","ascension_level":17}