{"gold_per_floor":[116,116,131,91,109,109,141,141,167,181,196,196,230,245,245,322,322,322],"floor_reached":18,"playtime":658,"items_purged":[],"score":327,"play_id":"f689d1af-63ba-48bb-bd42-d016deed98af","local_time":"20190814214024","is_ascension_mode":true,"campfire_choices":[{"data":"Uppercut","floor":6,"key":"SMITH"},{"data":"True Grit","floor":8,"key":"SMITH"},{"data":"True Grit","floor":12,"key":"SMITH"},{"data":"Heavy Blade","floor":15,"key":"SMITH"}],"neow_cost":"NONE","seed_source_timestamp":59762577763200,"circlet_count":0,"master_deck":["AscendersBane","Strike_R","Strike_R","Strike_R","Strike_R","Strike_R","Defend_R","Defend_R","Defend_R","Defend_R","Bash","True Grit+1","True Grit+1","Uppercut+1","Evolve","Thunderclap","Iron Wave","Heavy Blade+1","Anger","Dark Embrace"],"relics":["Burning Blood","Potion Belt","Red Skull","Lantern","Question Card","Cursed Key"],"potions_floor_usage":[7,10,11,11,11,11,13,14,16,18],"damage_taken":[{"damage":7,"enemies":"Jaw Worm","floor":1,"turns":3},{"damage":7,"enemies":"Small Slimes","floor":3,"turns":3},{"damage":10,"enemies":"Cultist","floor":5,"turns":4},{"damage":24,"enemies":"Gremlin Nob","floor":7,"turns":4},{"damage":33,"enemies":"Exordium Wildlife","floor":10,"turns":6},{"damage":4,"enemies":"Large Slime","floor":11,"turns":3},{"damage":16,"enemies":"3 Sentries","floor":13,"turns":6},{"damage":9,"enemies":"Exordium Thugs","floor":14,"turns":3},{"damage":18,"enemies":"Slime Boss","floor":16,"turns":6},{"damage":67,"enemies":"3 Byrds","floor":18,"turns":5}],"seed_played":"3251825450845207208","potions_obtained":[{"floor":1,"key":"SkillPotion"},{"floor":4,"key":"SteroidPotion"},{"floor":4,"key":"BloodPotion"},{"floor":4,"key":"EntropicBrew"},{"floor":10,"key":"SkillPotion"},{"floor":13,"key":"Regen Potion"},{"floor":16,"key":"SkillPotion"}],"is_trial":false,"path_per_floor":["M","?","M","?","M","R","E","R","T","M","M","R","E","M","R","B",null,"M"],"character_chosen":"IRONCLAD","items_purchased":[],"campfire_rested":0,"item_purchase_floors":[],"current_hp_per_floor":[67,72,71,71,67,67,49,49,49,42,44,44,34,40,40,28,67,0],"gold":322,"neow_bonus":"RANDOM_COMMON_RELIC","is_prod":false,"is_daily":false,"chose_seed":false,"campfire_upgraded":4,"win_rate":0,"timestamp":1565811624,"path_taken":["M","?","M","?","M","R","E","R","T","M","M","R","E","M","R","BOSS","M"],"build_version":"2019-07-17","purchased_purges":0,"victory":false,"max_hp_per_floor":[75,80,80,80,80,80,80,80,80,80,80,80,80,80,80,80,80,80],"card_choices":[{"not_picked":["Hemokinesis","Sword Boomerang"],"picked":"True Grit","floor":1},{"not_picked":["Armaments","Thunderclap"],"picked":"True Grit","floor":3},{"not_picked":["Exhume","Hemokinesis"],"picked":"Uppercut","floor":5},{"not_picked":["Thunderclap","Cleave"],"picked":"Evolve","floor":7},{"not_picked":["True Grit","Hemokinesis"],"picked":"Thunderclap","floor":10},{"not_picked":["Sword Boomerang","Clothesline"],"picked":"Iron Wave","floor":11},{"not_picked":["Reckless Charge","Shrug It Off"],"picked":"Heavy Blade","floor":13},{"not_picked":["Rupture","Combust","Twin Strike"],"picked":"Anger","floor":14},{"not_picked":["Barricade","Reaper","Brutality"],"picked":"Dark Embrace","floor":16}],"player_experience":1899016,"relics_obtained":[{"floor":7,"key":"Red Skull"},{"floor":9,"key":"Lantern"},{"floor":13,"key":"Question Card"}],"event_choices":[{"damage_healed":0,"gold_gain":0,"player_choice":"Donut","damage_taken":0,"max_hp_gain":5,"max_hp_loss":0,"event_name":"Big Fish","floor":2,"gold_loss":0},{"damage_healed":0,"gold_gain":0,"player_choice":"Bought 3 Potions","damage_taken":0,"max_hp_gain":0,"max_hp_loss":0,"event_name":"The Woman in Blue","floor":4,"gold_loss":0}],"is_beta":false,"boss_relics":[{"not_picked":["Fusion Hammer","Velvet Choker"],"picked":"Cursed Key"}],"items_purged_floors":[],"is_endless":false,"potions_floor_spawned":[1,5,10,13,16],"killed_by":"3 Byrds","ascension_level":18}