{"gold_per_floor":[116,191,0,0,41,41,41,116,116,116,184,109,109,109,109,229,229,292,292,292,292,387,387,241,241,241,305,305,102,141,191,191,191],"floor_reached":33,"playtime":1014,"items_purged":["Strike_R","Strike_R","Defend_R"],"score":347,"play_id":"57e0def3-0758-4c1b-b801-4aff37783a72","local_time":"20190917111615","is_ascension_mode":true,"campfire_choices":[{"data":"Bash","floor":6.0,"key":"SMITH"},{"data":"Heavy Blade","floor":10.0,"key":"SMITH"},{"data":"Defend_R","floor":13.0,"key":"SMITH"},{"floor":15.0,"key":"REST"},{"data":"Double Tap","floor":23.0,"key":"SMITH"},{"data":"Shrug It Off","floor":25.0,"key":"SMITH"},{"data":"Ghostly Armor","floor":28.0,"key":"SMITH"},{"data":"Flame Barrier","floor":32,"key":"SMITH"}],"neow_cost":"NONE","seed_source_timestamp":350918753643088,"circlet_count":0,"master_deck":["Defend_R","Defend_R","Defend_R+1","Bash+1","Heavy Blade+1","HandOfGreed+1","Double Tap+1","Ghostly Armor+1","Shrug It Off+1","Whirlwind","Flame Barrier+1"],"special_seed":0,"relics":["Burning Blood","Bloody Idol","Paper Frog","Nunchaku","Empty Cage","Pen Nib"],"potions_floor_usage":[31,31],"damage_taken":[{"damage":0.0,"enemies":"Small Slimes","floor":1.0,"turns":6.0},{"damage":0.0,"enemies":"Cultist","floor":5.0,"turns":2.0},{"damage":7.0,"enemies":"2 Louse","floor":8.0,"turns":5.0},{"damage":30.0,"enemies":"Lagavulin","floor":11.0,"turns":5.0},{"damage":33.0,"enemies":"The Guardian","floor":16.0,"turns":11.0},{"damage":34.0,"enemies":"2 Thieves","floor":18.0,"turns":5.0},{"damage":37.0,"enemies":"3 Byrds","floor":22.0,"turns":7.0},{"damage":22.0,"enemies":"3 Cultists","floor":27.0,"turns":6.0},{"damage":16.0,"enemies":"Snake Plant","floor":30.0,"turns":3.0},{"damage":16,"enemies":"Colosseum Slavers","floor":31,"turns":8},{"damage":77,"enemies":"Champ","floor":33,"turns":10}],"seed_played":"-2036397591075407180","potions_obtained":[{"floor":8.0,"key":"Explosive Potion"},{"floor":11.0,"key":"Regen Potion"},{"floor":14.0,"key":"LiquidBronze"},{"floor":14.0,"key":"Block Potion"},{"floor":16.0,"key":"SteroidPotion"},{"floor":18.0,"key":"Weak Potion"},{"floor":27.0,"key":"Energy Potion"}],"is_trial":false,"path_per_floor":["M","?","$","?","M","R","?","M","T","R","E","$","R","?","R","B",null,"M","?","?","?","M","R","$","R","T","M","R","$","M","?","R","B"],"character_chosen":"IRONCLAD","items_purchased":["HandOfGreed","Shrug It Off","Whirlwind"],"campfire_rested":1,"item_purchase_floors":[3,24,29],"current_hp_per_floor":[78,67,67,67,73,73,73,72,72,72,48,48,48,48,70,43,66,38,38,38,74,58,58,58,58,58,57,57,57,57,72,72,0],"gold":191,"neow_bonus":"REMOVE_CARD","is_prod":false,"is_daily":false,"chose_seed":false,"campfire_upgraded":7,"win_rate":0,"timestamp":1568744175,"path_taken":["M","?","$","?","?","R","?","M","T","R","E","$","R","?","R","BOSS","M","?","?","?","M","R","$","R","T","?","R","?","M","?","R","BOSS"],"build_version":"2019-07-17","purchased_purges":3,"victory":false,"max_hp_per_floor":[80,80,80,80,80,80,74,74,74,74,74,74,74,74,74,74,74,74,74,74,74,74,74,74,74,74,74,74,74,74,74,74,74],"card_choices":[{"not_picked":["Clash","Armaments"],"picked":"Heavy Blade","floor":1.0},{"not_picked":["Anger","Havoc","Headbutt"],"picked":"SKIP","floor":5.0},{"not_picked":["Pommel Strike","Dual Wield","Second Wind"],"picked":"SKIP","floor":8.0},{"not_picked":["Fire Breathing","Sever Soul","Havoc"],"picked":"SKIP","floor":11.0},{"not_picked":["Feed","Fiend Fire"],"picked":"Double Tap","floor":16.0},{"not_picked":["Clothesline","Iron Wave+1","Headbutt"],"picked":"SKIP","floor":18.0},{"not_picked":["Iron Wave","Thunderclap"],"picked":"Ghostly Armor","floor":22.0},{"not_picked":["Clash","Clothesline","Rupture"],"picked":"SKIP","floor":27.0},{"not_picked":["Warcry","Body Slam+1"],"picked":"Flame Barrier","floor":30.0}],"player_experience":210799,"relics_obtained":[{"floor":9.0,"key":"Paper Frog"},{"floor":11.0,"key":"Nunchaku"},{"floor":26.0,"key":"Pen Nib"}],"event_choices":[{"damage_healed":0.0,"max_hp_gain":0.0,"max_hp_loss":0.0,"gold_gain":75.0,"event_name":"World of Goop","player_choice":"Gather Gold","floor":2.0,"gold_loss":0.0,"damage_taken":11.0},{"damage_healed":0.0,"max_hp_gain":0.0,"max_hp_loss":0.0,"gold_gain":0.0,"event_name":"Upgrade Shrine","player_choice":"Upgraded","floor":4.0,"gold_loss":0.0,"damage_taken":0.0,"cards_upgraded":["HandOfGreed"]},{"damage_healed":0.0,"max_hp_gain":0.0,"max_hp_loss":6.0,"gold_gain":0.0,"event_name":"Golden Idol","player_choice":"Lose Max HP","floor":7.0,"gold_loss":0.0,"damage_taken":0.0,"relics_obtained":["Golden Idol"]},{"damage_healed":0.0,"max_hp_gain":0.0,"max_hp_loss":0.0,"gold_gain":0.0,"event_name":"Lab","player_choice":"Got Potions","floor":14.0,"gold_loss":0.0,"damage_taken":0.0},{"damage_healed":0.0,"max_hp_gain":0.0,"max_hp_loss":0.0,"gold_gain":0.0,"event_name":"Forgotten Altar","player_choice":"Gave Idol","floor":19.0,"relics_lost":["Golden Idol"],"gold_loss":0.0,"damage_taken":0.0,"relics_obtained":["Bloody Idol"]},{"damage_healed":0.0,"max_hp_gain":0.0,"max_hp_loss":0.0,"gold_gain":0.0,"event_name":"The Mausoleum","player_choice":"Ignored","floor":20.0,"gold_loss":0.0,"damage_taken":0.0},{"damage_healed":36.0,"max_hp_gain":0.0,"max_hp_loss":0.0,"gold_gain":0.0,"event_name":"Wheel of Change","player_choice":"Full Heal","floor":21.0,"gold_loss":0.0,"damage_taken":0.0},{"damage_healed":0,"gold_gain":0,"player_choice":"Fight","damage_taken":0,"max_hp_gain":0,"max_hp_loss":0,"event_name":"Colosseum","floor":31,"gold_loss":0},{"damage_healed":0,"gold_gain":0,"player_choice":"Fled From Nobs","damage_taken":0,"max_hp_gain":0,"max_hp_loss":0,"event_name":"Colosseum","floor":31,"gold_loss":0}],"is_beta":false,"boss_relics":[{"not_picked":["Ectoplasm","Black Blood"],"picked":"Empty Cage"}],"items_purged_floors":[12,24,29],"is_endless":false,"potions_floor_spawned":[8,11,16,18,27],"killed_by":"Champ","ascension_level":9}