{"gold_per_floor":[113,132,132,146,146,146,180,180,253,253,272,288,288,31,31,110,110,124,138,151,166,166,166,166],"floor_reached":24,"playtime":1261,"items_purged":["Strike_R"],"score":366,"play_id":"8f1a8587-c596-4f61-9b2e-8f95ef5e900a","local_time":"20190705174608","is_ascension_mode":true,"campfire_choices":[{"floor":6,"key":"REST"},{"data":"True Grit","floor":8,"key":"SMITH"},{"data":"Flex","floor":10,"key":"SMITH"},{"data":"Bash","floor":13,"key":"SMITH"},{"data":"Second Wind","floor":15,"key":"SMITH"},{"floor":23,"key":"REST"}],"neow_cost":"PERCENT_DAMAGE","seed_source_timestamp":1531426728813500,"circlet_count":0,"master_deck":["AscendersBane","Bash+1","Whirlwind+1","Anger","Flex+1","True Grit+1","Shrug It Off","Second Wind+1","Headbutt","Demon Form","Clash","Second Wind","Carnage","Carnage","Exhume","Iron Wave","Battle Trance+1","Armaments","Metallicize"],"relics":["Burning Blood","Gremlin Horn","Vajra","Bottled Lightning","Pen Nib","Pandora\u0027s Box"],"potions_floor_usage":[2,7,20,24],"damage_taken":[{"damage":13,"enemies":"Cultist","floor":1,"turns":5},{"damage":16,"enemies":"Jaw Worm","floor":2,"turns":6},{"damage":1,"enemies":"2 Louse","floor":4,"turns":3},{"damage":25,"enemies":"3 Sentries","floor":7,"turns":5},{"damage":13,"enemies":"Blue Slaver","floor":11,"turns":3},{"damage":5,"enemies":"Red Slaver","floor":12,"turns":3},{"damage":12,"enemies":"Hexaghost","floor":16,"turns":9},{"damage":30,"enemies":"Spheric Guardian","floor":18,"turns":4},{"damage":19,"enemies":"3 Byrds","floor":19,"turns":5},{"damage":14,"enemies":"Snake Plant","floor":20,"turns":4},{"damage":18,"enemies":"Chosen and Byrds","floor":21,"turns":6},{"damage":39,"enemies":"Slavers","floor":24,"turns":3}],"seed_played":"-1804853833071189996","potions_obtained":[{"floor":1,"key":"Block Potion"},{"floor":4,"key":"Poison Potion"},{"floor":12,"key":"SteroidPotion"},{"floor":19,"key":"EssenceOfSteel"},{"floor":21,"key":"LiquidBronze"}],"is_trial":false,"path_per_floor":["M","M","T","M","?","R","E","R","T","R","M","M","R","$","R","B",null,"M","M","M","M","?","R","E"],"character_chosen":"IRONCLAD","items_purchased":["Pen Nib","Headbutt"],"campfire_rested":2,"item_purchase_floors":[14,14],"current_hp_per_floor":[43,33,33,38,38,60,41,41,41,41,34,35,35,35,35,29,64,40,27,19,7,7,29,0],"gold":166,"neow_bonus":"REMOVE_TWO","is_prod":false,"is_daily":false,"chose_seed":false,"campfire_upgraded":4,"win_rate":0,"timestamp":1562341568,"path_taken":["M","M","?","M","?","R","E","R","T","R","?","M","R","?","R","BOSS","M","M","M","M","?","R","E"],"build_version":"2019-07-01","purchased_purges":1,"victory":false,"max_hp_per_floor":[75,75,75,75,75,75,75,75,75,75,75,75,75,75,75,75,75,75,75,75,75,75,75,75],"card_choices":[{"not_picked":["Pummel","Seeing Red"],"picked":"Whirlwind","floor":1},{"not_picked":["Flex","Body Slam"],"picked":"Anger","floor":2},{"not_picked":["Body Slam","Sword Boomerang"],"picked":"Flex","floor":4},{"not_picked":["Rupture","Clothesline"],"picked":"True Grit","floor":7},{"not_picked":["Carnage","Disarm"],"picked":"Shrug It Off","floor":11},{"not_picked":["Inflame","Cleave"],"picked":"Second Wind","floor":12},{"not_picked":["Exhume","Berserk"],"picked":"Demon Form","floor":16},{"not_picked":["Perfected Strike","Flex"],"picked":"Battle Trance+1","floor":18},{"not_picked":["Warcry","Wild Strike"],"picked":"Armaments","floor":19},{"not_picked":["Heavy Blade","Evolve"],"picked":"Metallicize","floor":20},{"not_picked":["Havoc","Pommel Strike","Whirlwind"],"picked":"SKIP","floor":21}],"player_experience":1606027,"relics_obtained":[{"floor":3,"key":"Gremlin Horn"},{"floor":7,"key":"Vajra"},{"floor":9,"key":"Bottled Lightning"}],"event_choices":[{"damage_healed":0,"gold_gain":0,"player_choice":"Upgraded","damage_taken":0,"max_hp_gain":0,"max_hp_loss":0,"event_name":"Upgrade Shrine","floor":5,"gold_loss":0,"cards_upgraded":["Whirlwind"]},{"damage_healed":0,"gold_gain":0,"player_choice":"Ignored","damage_taken":0,"max_hp_gain":0,"max_hp_loss":0,"event_name":"Cursed Tome","floor":22,"gold_loss":0}],"is_beta":false,"boss_relics":[{"not_picked":["Black Star","Philosopher\u0027s Stone"],"picked":"Pandora\u0027s Box"}],"items_purged_floors":[14],"is_endless":false,"potions_floor_spawned":[1,4,12,19,21],"killed_by":"Slavers","ascension_level":17}