{"gold_per_floor":[110,128,147,158,123,123,158,158,211,237,249,295,307,352,364,376],"floor_reached":16,"playtime":510,"items_purged":[],"score":228,"play_id":"9b4f5d8e-549b-4d66-9be8-06bc512994e0","local_time":"20190814220113","is_ascension_mode":true,"campfire_choices":[{"data":"True Grit","floor":6,"key":"SMITH"},{"floor":8,"key":"REST"},{"floor":11,"key":"REST"},{"data":"Anger","floor":15,"key":"SMITH"}],"neow_cost":"NONE","seed_source_timestamp":61161432925900,"circlet_count":0,"master_deck":["AscendersBane","Strike_R","Strike_R","Strike_R","Strike_R","Defend_R","Defend_R+1","Defend_R+1","Defend_R","Bash","Anger","Feel No Pain","Anger+1","True Grit+1","Cleave+1","Headbutt+1","Rampage+1","Reckless Charge+1"],"relics":["Burning Blood","Molten Egg 2","MawBank","Omamori","Nunchaku","War Paint"],"potions_floor_usage":[7,12,12],"damage_taken":[{"damage":7,"enemies":"2 Louse","floor":1,"turns":4},{"damage":20,"enemies":"Small Slimes","floor":2,"turns":3},{"damage":2,"enemies":"Cultist","floor":3,"turns":4},{"damage":35,"enemies":"Lots of Slimes","floor":4,"turns":5},{"damage":27,"enemies":"3 Sentries","floor":7,"turns":11},{"damage":12,"enemies":"2 Fungi Beasts","floor":10,"turns":3},{"damage":23,"enemies":"Lagavulin","floor":12,"turns":4},{"damage":32,"enemies":"Gremlin Nob","floor":14,"turns":4},{"damage":22,"enemies":"Hexaghost","floor":16,"turns":7}],"seed_played":"-9052557534873204500","potions_obtained":[{"floor":3,"key":"GamblersBrew"},{"floor":7,"key":"Strength Potion"},{"floor":10,"key":"AttackPotion"},{"floor":12,"key":"Weak Potion"}],"is_trial":false,"path_per_floor":["M","M","M","M","?","R","E","R","T","M","R","E","?","E","R","B"],"character_chosen":"IRONCLAD","items_purchased":[],"campfire_rested":2,"item_purchase_floors":[],"current_hp_per_floor":[67,53,57,28,46,46,25,47,47,41,63,46,46,20,20,0],"gold":376,"neow_bonus":"REMOVE_CARD","is_prod":false,"is_daily":false,"chose_seed":false,"campfire_upgraded":2,"win_rate":0,"timestamp":1565812873,"path_taken":["M","M","M","M","?","R","E","R","T","M","R","E","?","E","R","BOSS"],"build_version":"2019-07-17","purchased_purges":0,"victory":false,"max_hp_per_floor":[75,75,75,75,75,75,75,75,75,75,75,75,75,75,75,75],"card_choices":[{"not_picked":["Pummel","Thunderclap"],"picked":"Anger","floor":1},{"not_picked":["Cleave","Uppercut"],"picked":"Feel No Pain","floor":2},{"not_picked":["Clothesline","Heavy Blade"],"picked":"Anger","floor":3},{"not_picked":["Second Wind","Rage"],"picked":"True Grit","floor":4},{"not_picked":["Dropkick","Sentinel"],"picked":"Cleave","floor":7},{"not_picked":["Wild Strike+1","Iron Wave+1"],"picked":"Headbutt+1","floor":10},{"not_picked":["Metallicize","Cleave+1"],"picked":"Rampage+1","floor":12},{"not_picked":["Clash+1","Warcry"],"picked":"Reckless Charge+1","floor":14}],"player_experience":1900369,"relics_obtained":[{"floor":7,"key":"Molten Egg 2"},{"floor":9,"key":"MawBank"},{"floor":12,"key":"Omamori"},{"floor":14,"key":"War Paint"}],"event_choices":[{"damage_healed":18,"gold_gain":0,"player_choice":"Healed","damage_taken":0,"max_hp_gain":0,"max_hp_loss":0,"event_name":"The Cleric","floor":5,"gold_loss":35},{"damage_healed":0,"gold_gain":0,"player_choice":"Gave Potion","damage_taken":0,"relics_obtained":["Nunchaku"],"max_hp_gain":0,"max_hp_loss":0,"event_name":"WeMeetAgain","floor":13,"gold_loss":0}],"is_beta":false,"boss_relics":[],"items_purged_floors":[],"is_endless":false,"potions_floor_spawned":[3,7,10,12],"killed_by":"Hexaghost","ascension_level":18}