{"gold_per_floor":[19,19,19,32,32,32,46,46,46,64,78,112,135,149,149,274,274,292,292,135,234,255,255,291,307,307,307,307,307,230,248,248,369,369,393,418,433,433,433,433,433,433,484,520,589,630,644,644,644,644],"floor_reached":51,"playtime":1594,"items_purged":["Strike_B"],"score":775,"play_id":"6e6f91f3-d29d-471c-bcd6-cf15261085d0","local_time":"20190929232356","is_ascension_mode":false,"campfire_choices":[{"data":"Zap","floor":6,"key":"SMITH"},{"data":"Coolheaded","floor":8,"key":"SMITH"},{"data":"Dualcast","floor":15,"key":"SMITH"},{"floor":23,"key":"RECALL"},{"floor":29,"key":"REST"},{"floor":32,"key":"REST"},{"floor":40,"key":"REST"},{"floor":42,"key":"REST"},{"floor":49,"key":"REST"}],"neow_cost":"NO_GOLD","seed_source_timestamp":7015479611102,"circlet_count":0,"master_deck":["Defend_B+1","Defend_B+1","Defend_B+1","Zap+1","Dualcast+1","Streamline","Coolheaded+1","Turbo","Sweeping Beam","Double Energy","Conserve Battery","All For One","Glacier","Cold Snap","Machine Learning+1","White Noise","Chaos","Loop+1","Ball Lightning+1","Rainbow","Compile Driver+1","Storm+1","Storm+1","Reboot","Beam Cell+1","Go for the Eyes","Glacier+1","Tempest+1","Reinforced Body","Storm+1","Conserve Battery+1","White Noise"],"relics":["Cracked Core","Golden Idol","Bronze Scales","Frozen Egg 2","Fusion Hammer","Incense Burner","Centennial Puzzle","Enchiridion","Sozu","Regal Pillow","Akabeko","Calipers","StoneCalendar"],"potions_floor_usage":[12,18,50,50],"damage_taken":[{"damage":0,"enemies":"Jaw Worm","floor":1,"turns":5},{"damage":0,"enemies":"2 Louse","floor":4,"turns":2},{"damage":0,"enemies":"Cultist","floor":7,"turns":3},{"damage":0,"enemies":"Lots of Slimes","floor":10,"turns":2},{"damage":5,"enemies":"3 Louse","floor":11,"turns":2},{"damage":17,"enemies":"Gremlin Nob","floor":12,"turns":4},{"damage":0,"enemies":"Exordium Wildlife","floor":13,"turns":2},{"damage":2,"enemies":"Exordium Thugs","floor":14,"turns":4},{"damage":9,"enemies":"Slime Boss","floor":16,"turns":9},{"damage":0,"enemies":"3 Byrds","floor":18,"turns":2},{"damage":0,"enemies":"Chosen","floor":22,"turns":6},{"damage":33,"enemies":"Gremlin Leader","floor":24,"turns":7},{"damage":21,"enemies":"Centurion and Healer","floor":25,"turns":6},{"damage":2,"enemies":"Cultist and Chosen","floor":31,"turns":3},{"damage":13,"enemies":"Automaton","floor":33,"turns":9},{"damage":1,"enemies":"3 Darklings","floor":35,"turns":4},{"damage":7,"enemies":"Orb Walker","floor":36,"turns":2},{"damage":19,"enemies":"Writhing Mass","floor":37,"turns":3},{"damage":14,"enemies":"Reptomancer","floor":44,"turns":3},{"damage":0,"enemies":"2 Orb Walkers","floor":45,"turns":3},{"damage":0,"enemies":"Nemesis","floor":46,"turns":5},{"damage":16,"enemies":"Sphere and 2 Shapes","floor":47,"turns":3},{"damage":77,"enemies":"Awakened One","floor":50,"turns":8}],"seed_played":"-4269097488565908347","potions_obtained":[{"floor":1,"key":"AttackPotion"},{"floor":4,"key":"LiquidBronze"},{"floor":7,"key":"Ancient Potion"},{"floor":22,"key":"Dexterity Potion"},{"floor":25,"key":"FairyPotion"},{"floor":33,"key":"FocusPotion"}],"is_trial":false,"path_per_floor":["M","?","?","M","$","R","M","R","T","M","M","E","M","M","R","B",null,"M","?","$","?","M","R","E","M","T","?","?","R","$","M","R","B",null,"M","M","M","?","?","R","?","R","T","E","?","E","M","?","R","B",null],"character_chosen":"DEFECT","items_purchased":["Loop+1","Storm+1"],"campfire_rested":5,"item_purchase_floors":[20,30],"current_hp_per_floor":[75,57,50,50,50,50,50,50,50,50,45,28,28,26,26,17,75,75,75,75,75,75,75,42,21,21,5,5,27,27,25,47,34,75,74,67,48,48,48,69,69,71,71,57,57,57,41,41,71,21],"gold":644,"neow_bonus":"TRANSFORM_TWO_CARDS","is_prod":false,"is_daily":false,"chose_seed":false,"campfire_upgraded":3,"win_rate":0,"timestamp":1569821036,"path_taken":["M","?","?","M","?","R","M","R","T","?","M","E","?","M","R","BOSS","M","?","$","?","?","R","E","M","T","?","?","R","?","?","R","BOSS","M","M","M","?","?","R","?","R","T","E","?","E","?","?","R","BOSS"],"build_version":"2019-09-27","purchased_purges":1,"victory":true,"max_hp_per_floor":[75,75,75,75,75,75,75,75,75,75,75,75,75,75,75,75,75,75,75,75,75,75,75,75,75,75,75,75,75,75,75,75,75,75,75,75,75,71,71,71,71,71,71,71,71,71,71,71,71,71],"card_choices":[{"not_picked":["Auto Shields","Stack"],"picked":"Turbo","floor":1},{"not_picked":["Coolheaded","Go for the Eyes"],"picked":"Sweeping Beam","floor":4},{"not_picked":["Cold Snap","Compile Driver"],"picked":"Double Energy","floor":7},{"not_picked":["Chill","Redo","Scrape"],"picked":"SKIP","floor":10},{"not_picked":["Steam","Static Discharge"],"picked":"Conserve Battery","floor":11},{"not_picked":["Self Repair","Leap"],"picked":"All For One","floor":12},{"not_picked":["Ball Lightning","Sweeping Beam"],"picked":"Glacier","floor":13},{"not_picked":["Redo","Blizzard"],"picked":"Cold Snap","floor":14},{"not_picked":["All For One","Multi-Cast"],"picked":"Machine Learning+1","floor":16},{"not_picked":["Steam","Turbo+1"],"picked":"White Noise","floor":18},{"not_picked":["Storm+1","Sunder"],"picked":"Ball Lightning+1","floor":22},{"not_picked":["Amplify","Barrage"],"picked":"Rainbow","floor":24},{"not_picked":["Rip and Tear+1","BootSequence"],"picked":"Compile Driver+1","floor":25},{"not_picked":["Sweeping Beam","Turbo"],"picked":"Storm+1","floor":31},{"not_picked":["Meteor Strike","Biased Cognition+1"],"picked":"Reboot","floor":33},{"not_picked":["Hologram+1","Consume+1"],"picked":"Beam Cell+1","floor":35},{"not_picked":["Skim","Gash"],"picked":"Go for the Eyes","floor":36},{"not_picked":["Genetic Algorithm+1","Sweeping Beam+1"],"picked":"Glacier+1","floor":37},{"not_picked":["Stack","Gash+1"],"picked":"Tempest+1","floor":44},{"not_picked":["Buffer+1","Streamline+1"],"picked":"Reinforced Body","floor":45},{"not_picked":["Melter","Skim+1"],"picked":"Storm+1","floor":46},{"not_picked":["Hologram","Beam Cell"],"picked":"Conserve Battery+1","floor":47}],"player_experience":1588901,"relics_obtained":[{"floor":9,"key":"Bronze Scales"},{"floor":12,"key":"Frozen Egg 2"},{"floor":24,"key":"Incense Burner"},{"floor":26,"key":"Centennial Puzzle"},{"floor":27,"key":"Enchiridion"},{"floor":43,"key":"Regal Pillow"},{"floor":44,"key":"Akabeko"},{"floor":45,"key":"Calipers"},{"floor":46,"key":"StoneCalendar"}],"event_choices":[{"damage_healed":0,"gold_gain":0,"player_choice":"Take Damage","damage_taken":18,"relics_obtained":["Golden Idol"],"max_hp_gain":0,"max_hp_loss":0,"event_name":"Golden Idol","floor":2,"gold_loss":0},{"cards_removed":["Strike_B"],"damage_healed":0,"gold_gain":0,"player_choice":"Card Removal","damage_taken":7,"max_hp_gain":0,"max_hp_loss":0,"event_name":"Golden Wing","floor":3,"gold_loss":0},{"damage_healed":0,"gold_gain":0,"player_choice":"Read","damage_taken":0,"max_hp_gain":0,"max_hp_loss":0,"event_name":"The Library","floor":19,"gold_loss":0,"cards_obtained":["Chaos"]},{"damage_healed":0,"gold_gain":99,"player_choice":"Stole From Cult","damage_taken":0,"max_hp_gain":0,"max_hp_loss":0,"event_name":"Nest","floor":21,"gold_loss":0},{"damage_healed":0,"gold_gain":0,"player_choice":"Obtained Book","damage_taken":16,"max_hp_gain":0,"max_hp_loss":0,"event_name":"Cursed Tome","floor":27,"gold_loss":0},{"damage_healed":0,"gold_gain":0,"player_choice":"Simplicity","damage_taken":0,"max_hp_gain":0,"max_hp_loss":0,"event_name":"Back to Basics","floor":28,"gold_loss":0,"cards_upgraded":["Defend_B","Defend_B","Defend_B","Defend_B"]},{"damage_healed":0,"gold_gain":0,"player_choice":"Max HP","damage_taken":0,"max_hp_gain":0,"max_hp_loss":4,"event_name":"Winding Halls","floor":38,"gold_loss":0},{"cards_removed":["Defend_B"],"damage_healed":0,"gold_gain":0,"player_choice":"Removed Skill","damage_taken":0,"max_hp_gain":0,"max_hp_loss":0,"event_name":"Falling","floor":39,"gold_loss":0},{"damage_healed":0,"gold_gain":0,"player_choice":"Ignored","damage_taken":0,"max_hp_gain":0,"max_hp_loss":0,"event_name":"Tomb of Lord Red Mask","floor":41,"gold_loss":0},{"damage_healed":0,"gold_gain":0,"player_choice":"Fight","damage_taken":0,"max_hp_gain":0,"max_hp_loss":0,"event_name":"Mysterious Sphere","floor":45,"gold_loss":0},{"damage_healed":0,"gold_gain":0,"player_choice":"Copied","damage_taken":0,"max_hp_gain":0,"max_hp_loss":0,"event_name":"Duplicator","floor":48,"gold_loss":0,"cards_obtained":["White Noise"]}],"is_beta":true,"boss_relics":[{"not_picked":["Velvet Choker","Calling Bell"],"picked":"Fusion Hammer"},{"not_picked":["Runic Dome","Snecko Eye"],"picked":"Sozu"}],"items_purged_floors":[20],"is_endless":false,"potions_floor_spawned":[1,4,7,22,25,33,35,36,44],"ascension_level":0}