{"gold_per_floor":[118,118,135,152,171,201,214,214,237,285,285,360,360],"floor_reached":13,"playtime":310,"items_purged":[],"score":170,"play_id":"80118f6b-fa6e-4b33-88b9-e4db38ddbde0","local_time":"20190104210745","is_ascension_mode":true,"campfire_choices":[{"floor":11,"key":"REST"}],"neow_cost":"NONE","seed_source_timestamp":185084765633491,"circlet_count":0,"master_deck":["AscendersBane","Strike_B","Strike_B","Defend_B+1","Defend_B","Defend_B","Defend_B","Zap+1","Dualcast","Turbo","Chill","Rebound","Doom and Gloom","Double Energy","Steam","Conserve Battery"],"special_seed":0,"relics":["Cracked Core","NeowsBlessing","Blood Vial","War Paint","Boot"],"potions_floor_usage":[6,7],"damage_taken":[{"damage":0.0,"enemies":"Jaw Worm","floor":1.0,"turns":1.0},{"damage":0.0,"enemies":"Small Slimes","floor":3.0,"turns":1.0},{"damage":0.0,"enemies":"2 Louse","floor":4.0,"turns":1.0},{"damage":17.0,"enemies":"Blue Slaver","floor":5.0,"turns":3.0},{"damage":33,"enemies":"Gremlin Nob","floor":6,"turns":4},{"damage":0,"enemies":"Large Slime","floor":7,"turns":5},{"damage":21,"enemies":"Gremlin Gang","floor":13,"turns":2}],"seed_played":"4353787300500104426","potions_obtained":[{"floor":1.0,"key":"Energy Potion"},{"floor":4.0,"key":"SteroidPotion"},{"floor":6,"key":"AttackPotion"}],"is_trial":false,"path_per_floor":["M","?","M","M","M","E","M","?","T","T","R","?","M"],"character_chosen":"DEFECT","items_purchased":[],"campfire_rested":1,"item_purchase_floors":[],"current_hp_per_floor":[64,57,57,57,40,7,9,9,9,9,30,19,0],"gold":360,"neow_bonus":"THREE_ENEMY_KILL","is_prod":false,"is_daily":false,"chose_seed":false,"campfire_upgraded":0,"win_rate":0,"timestamp":1546632465,"path_taken":["M","?","M","M","M","E","M","?","T","?","R","?","M"],"build_version":"2019-01-03v3","purchased_purges":0,"victory":false,"max_hp_per_floor":[71,71,71,71,71,71,71,71,71,71,71,71,71],"card_choices":[{"not_picked":["Reprogram","Skim"],"picked":"Turbo","floor":1.0},{"not_picked":["Barrage","Reprogram"],"picked":"Chill","floor":3.0},{"not_picked":["Steam","Chill"],"picked":"Rebound","floor":4.0},{"not_picked":["Gash","Coolheaded"],"picked":"Doom and Gloom","floor":5.0},{"not_picked":["Force Field","Thunder Strike"],"picked":"Double Energy","floor":6},{"not_picked":["Chaos","Consume"],"picked":"Steam","floor":7}],"player_experience":574633,"relics_obtained":[{"floor":6,"key":"Blood Vial"},{"floor":9,"key":"War Paint"},{"floor":10,"key":"Boot"}],"event_choices":[{"cards_removed":["Strike_B"],"damage_healed":0.0,"max_hp_gain":0.0,"max_hp_loss":0.0,"gold_gain":0.0,"event_name":"Golden Wing","player_choice":"Card Removal","floor":2.0,"gold_loss":0.0,"damage_taken":7.0},{"damage_healed":0,"gold_gain":0,"cards_transformed":["Strike_B"],"player_choice":"Change","damage_taken":0,"max_hp_gain":0,"max_hp_loss":0,"event_name":"Living Wall","floor":8,"gold_loss":0,"cards_obtained":["Conserve Battery"]},{"damage_healed":0,"gold_gain":75,"player_choice":"Gather Gold","damage_taken":11,"max_hp_gain":0,"max_hp_loss":0,"event_name":"World of Goop","floor":12,"gold_loss":0}],"is_beta":false,"boss_relics":[],"items_purged_floors":[],"is_endless":false,"potions_floor_spawned":[1,4,5,6],"killed_by":"Gremlin Gang","ascension_level":20}