{"gold_per_floor":[109,109,124,124,124,159,159,190,216,232,245,255,281,298,298,376,376,364,364,101,135,149,149,163,193,218,37,37,136,136,151,151,226,276,287,305,85,85,6,6,6,17,41,70,70,101,101,129,141,153],"floor_reached":51,"playtime":4782,"items_purged":["Strike_G","Strike_G"],"score":1268,"play_id":"75d79a80-86d2-441a-999a-21c42f40cf32","local_time":"20190521220307","is_ascension_mode":true,"campfire_choices":[{"floor":7,"key":"REST"},{"floor":15,"key":"REST"},{"data":"Predator","floor":23,"key":"SMITH"},{"floor":32,"key":"REST"},{"data":"Well Laid Plans","floor":40,"key":"SMITH"},{"data":"Neutralize","floor":45,"key":"SMITH"},{"floor":47,"key":"REST"},{"data":"Bane","floor":49,"key":"SMITH"}],"neow_cost":"NONE","seed_source_timestamp":63678058095621,"circlet_count":0,"master_deck":["AscendersBane","Defend_G","Defend_G","Defend_G","Defend_G","Defend_G","Survivor","Neutralize+1","Predator+1","PiercingWail","Well Laid Plans+1","Distraction+1","Prepared+1","Doppelganger+1","Concentrate+1","Backflip+1","Bullet Time+1","Calculated Gamble+1","Malaise+1","Blur+1","Noxious Fumes+1","Bane+1","Poisoned Stab","Endless Agony","Blur+1","Choke","Envenom","PiercingWail+1","Phantasmal Killer+1","Corpse Explosion+1","Secret Technique+1","Deadly Poison+1","Crippling Poison+1","Sucker Punch+1"],"relics":["Ring of the Snake","Pen Nib","Toxic Egg 2","Du-Vu Doll","Happy Flower","Ornamental Fan","Empty Cage","PreservedInsect","Red Mask","Boot","Potion Belt","Mummified Hand","Tiny House","Oddly Smooth Stone","Ancient Tea Set","Molten Egg 2","Thread and Needle","MawBank"],"potions_floor_usage":[8,13,13,25,33,44,50,50,50],"damage_taken":[{"damage":1,"enemies":"Jaw Worm","floor":1,"turns":3},{"damage":4,"enemies":"Small Slimes","floor":3,"turns":4},{"damage":44,"enemies":"Lagavulin","floor":6,"turns":9},{"damage":25,"enemies":"Gremlin Nob","floor":8,"turns":5},{"damage":0,"enemies":"Cultist","floor":10,"turns":3},{"damage":4,"enemies":"Gremlin Gang","floor":11,"turns":5},{"damage":1,"enemies":"Blue Slaver","floor":12,"turns":2},{"damage":4,"enemies":"3 Sentries","floor":13,"turns":6},{"damage":0,"enemies":"Large Slime","floor":14,"turns":5},{"damage":4,"enemies":"The Guardian","floor":16,"turns":12},{"damage":11,"enemies":"2 Thieves","floor":18,"turns":5},{"damage":11,"enemies":"Colosseum Slavers","floor":19,"turns":6},{"damage":12,"enemies":"Masked Bandits","floor":21,"turns":7},{"damage":3,"enemies":"Spheric Guardian","floor":22,"turns":4},{"damage":0,"enemies":"Chosen and Byrds","floor":24,"turns":6},{"damage":20,"enemies":"Book of Stabbing","floor":25,"turns":7},{"damage":0,"enemies":"3 Cultists","floor":31,"turns":7},{"damage":17,"enemies":"Automaton","floor":33,"turns":13},{"damage":0,"enemies":"3 Shapes","floor":35,"turns":7},{"damage":8,"enemies":"Orb Walker","floor":36,"turns":3},{"damage":0,"enemies":"4 Shapes","floor":42,"turns":5},{"damage":1,"enemies":"Nemesis","floor":44,"turns":7},{"damage":26,"enemies":"Giant Head","floor":46,"turns":9},{"damage":0,"enemies":"Nemesis","floor":48,"turns":7},{"damage":35,"enemies":"Awakened One","floor":50,"turns":13}],"seed_played":"-37597725429221870","potions_obtained":[{"floor":1,"key":"EssenceOfSteel"},{"floor":10,"key":"FearPotion"},{"floor":11,"key":"Weak Potion"},{"floor":14,"key":"SneckoOil"},{"floor":16,"key":"Strength Potion"},{"floor":31,"key":"Explosive Potion"},{"floor":33,"key":"Dexterity Potion"},{"floor":34,"key":"Strength Potion"},{"floor":35,"key":"SmokeBomb"},{"floor":44,"key":"Strength Potion"}],"is_trial":false,"path_per_floor":["M","?","M","?","?","E","R","E","T","M","M","M","E","M","R","B",null,"M","?","$","?","M","R","M","E","T","$","T","?","?","M","R","B",null,"M","M","$","?","$","R","?","M","T","E","R","E","R","E","R","B",null],"character_chosen":"THE_SILENT","items_purchased":["Noxious Fumes","PreservedInsect","Blur+1","Oddly Smooth Stone","GhostInAJar","Corpse Explosion+1"],"campfire_rested":4,"item_purchase_floors":[20,20,27,37,37,39],"current_hp_per_floor":[58,63,59,59,59,15,36,11,11,11,7,6,2,2,23,19,58,47,36,36,24,21,21,21,1,1,1,1,1,1,1,22,5,60,60,52,52,52,52,52,52,52,52,51,51,25,47,47,47,12],"gold":165,"neow_bonus":"TRANSFORM_CARD","is_prod":false,"is_daily":false,"chose_seed":false,"campfire_upgraded":4,"win_rate":0,"timestamp":1558472587,"path_taken":["M","?","M","?","?","E","R","E","T","?","M","?","E","M","R","BOSS","M","?","$","?","?","R","M","E","T","$","?","?","?","M","R","BOSS","M","M","$","?","$","R","?","M","T","E","R","E","R","E","R","BOSS"],"build_version":"2019-01-23","purchased_purges":2,"victory":true,"max_hp_per_floor":[66,71,71,71,71,71,71,71,71,71,71,71,71,71,71,71,71,71,71,71,71,71,71,71,71,71,71,71,71,71,71,71,71,76,76,76,76,76,76,76,76,76,76,76,76,76,76,76,76,76],"card_choices":[{"not_picked":["Masterful Stab","Concentrate"],"picked":"PiercingWail","floor":1},{"not_picked":["Backstab","Dagger Spray"],"picked":"Well Laid Plans","floor":3},{"not_picked":["Acrobatics","Underhanded Strike"],"picked":"Distraction","floor":6},{"not_picked":["Well Laid Plans","Tactician+1"],"picked":"Prepared+1","floor":8},{"not_picked":["Prepared+1","Dagger Spray"],"picked":"Doppelganger+1","floor":10},{"not_picked":["Masterful Stab","Dodge and Roll+1"],"picked":"Concentrate+1","floor":11},{"not_picked":["Slice","Poisoned Stab"],"picked":"Backflip+1","floor":12},{"not_picked":["Catalyst+1","Terror+1"],"picked":"Bullet Time+1","floor":13},{"not_picked":["PiercingWail+1","Bane"],"picked":"Calculated Gamble+1","floor":14},{"not_picked":["Corpse Explosion+1","Venomology+1"],"picked":"Malaise+1","floor":16},{"not_picked":["Quick Slash","Caltrops"],"picked":"Blur+1","floor":18},{"not_picked":["Well Laid Plans+1","Quick Slash"],"picked":"Bane","floor":21},{"not_picked":["Prepared+1","Flying Knee","Quick Slash"],"picked":"SKIP","floor":22},{"not_picked":["Expertise+1","Dagger Throw+1"],"picked":"Poisoned Stab","floor":24},{"not_picked":["Sucker Punch","Flying Knee"],"picked":"Endless Agony","floor":25},{"not_picked":["Cloak And Dagger+1","Bullet Time+1"],"picked":"Choke","floor":31},{"not_picked":["A Thousand Cuts","Doppelganger+1"],"picked":"Envenom","floor":33},{"not_picked":["Slice","Prepared+1"],"picked":"PiercingWail+1","floor":34},{"not_picked":["PiercingWail+1","Acrobatics+1"],"picked":"Noxious Fumes","floor":35},{"not_picked":["Dodge and Roll+1","Blade Dance+1"],"picked":"Phantasmal Killer+1","floor":36},{"not_picked":["Swift Strike","Madness+1"],"picked":"Secret Technique+1","floor":41},{"not_picked":["Dagger Spray","Dagger Throw+1","Choke"],"picked":"SKIP","floor":42},{"not_picked":["PiercingWail+1","Night Terror+1"],"picked":"Deadly Poison+1","floor":44},{"not_picked":["Masterful Stab+1","Dash+1"],"picked":"Crippling Poison+1","floor":46},{"not_picked":["Backstab+1","Bouncing Flask+1"],"picked":"Sucker Punch+1","floor":48}],"player_experience":1038100,"relics_obtained":[{"floor":5,"key":"Pen Nib"},{"floor":6,"key":"Toxic Egg 2"},{"floor":8,"key":"Du-Vu Doll"},{"floor":9,"key":"Happy Flower"},{"floor":13,"key":"Ornamental Fan"},{"floor":21,"key":"Red Mask"},{"floor":25,"key":"Boot"},{"floor":26,"key":"Potion Belt"},{"floor":28,"key":"Mummified Hand"},{"floor":43,"key":"Ancient Tea Set"},{"floor":44,"key":"Molten Egg 2"},{"floor":46,"key":"Thread and Needle"},{"floor":48,"key":"MawBank"}],"event_choices":[{"damage_healed":0,"gold_gain":0,"player_choice":"Donut","damage_taken":0,"max_hp_gain":5,"max_hp_loss":0,"event_name":"Big Fish","floor":2,"gold_loss":0},{"damage_healed":0,"gold_gain":0,"player_choice":"Ignored","damage_taken":0,"max_hp_gain":0,"max_hp_loss":0,"event_name":"Golden Idol","floor":4,"gold_loss":0},{"damage_healed":0,"gold_gain":0,"player_choice":"Relic","damage_taken":0,"max_hp_gain":0,"max_hp_loss":0,"event_name":"Wheel of Change","floor":5,"gold_loss":0},{"damage_healed":0,"gold_gain":0,"player_choice":"Fight","damage_taken":0,"max_hp_gain":0,"max_hp_loss":0,"event_name":"Colosseum","floor":19,"gold_loss":0},{"damage_healed":0,"gold_gain":0,"player_choice":"Fled From Nobs","damage_taken":0,"max_hp_gain":0,"max_hp_loss":0,"event_name":"Colosseum","floor":19,"gold_loss":0},{"damage_healed":0,"gold_gain":0,"player_choice":"Fought Bandits","damage_taken":0,"max_hp_gain":0,"max_hp_loss":0,"event_name":"Masked Bandits","floor":21,"gold_loss":0},{"damage_healed":0,"gold_gain":99,"player_choice":"Stole From Cult","damage_taken":0,"max_hp_gain":0,"max_hp_loss":0,"event_name":"Nest","floor":29,"gold_loss":0},{"damage_healed":0,"gold_gain":0,"player_choice":"Ignored","damage_taken":0,"max_hp_gain":0,"max_hp_loss":0,"event_name":"Cursed Tome","floor":30,"gold_loss":0},{"cards_removed":["Noxious Fumes"],"damage_healed":0,"gold_gain":0,"player_choice":"Removed Power","damage_taken":0,"max_hp_gain":0,"max_hp_loss":0,"event_name":"Falling","floor":38,"gold_loss":0},{"damage_healed":0,"gold_gain":0,"player_choice":"Memory 1","damage_taken":0,"max_hp_gain":0,"max_hp_loss":0,"event_name":"SensoryStone","floor":41,"gold_loss":0}],"is_beta":false,"boss_relics":[{"not_picked":["HoveringKite","Eternal Feather"],"picked":"Empty Cage"},{"not_picked":["Velvet Choker","Philosopher\u0027s Stone"],"picked":"Tiny House"}],"items_purged_floors":[20,27],"is_endless":false,"potions_floor_spawned":[1,10,11,14,16,21,22,31,33,35,42,44],"ascension_level":14}