{"gold_per_floor":[119,44,56,21,71,71,100,100,124,138,150,185,185,219,219,298,298,298,223,223,223,223,223,223,223,223,25,25,25,25,25,25,25],"floor_reached":33,"playtime":1688,"items_purged":["Strike_R"],"score":564,"play_id":"3ad3c2ca-3a9a-44e2-87ae-b24aed269323","local_time":"20190516034340","is_ascension_mode":true,"campfire_choices":[{"data":"Bash","floor":6,"key":"SMITH"},{"data":"Shockwave","floor":8,"key":"SMITH"},{"floor":15,"key":"REST"},{"data":"Offering","floor":23,"key":"SMITH"},{"data":"Armaments","floor":28,"key":"SMITH"},{"data":"Rampage","floor":32,"key":"SMITH"}],"neow_cost":"NONE","seed_source_timestamp":187914308432000,"circlet_count":0,"master_deck":["AscendersBane","Defend_R+1","Defend_R","Defend_R","Defend_R+1","Bash+1","Rampage","Battle Trance","Shockwave+1","Sword Boomerang","Flame Barrier","Feed","Headbutt","Offering+1","Pommel Strike","Headbutt","Clash","Bite","Bite","Bite","Bite","Bite","True Grit","Armaments+1","Anger","Rampage+1","Dual Wield+1"],"relics":["Burning Blood","NeowsBlessing","Orichalcum","Ancient Tea Set","Dodecahedron","FossilizedHelix","Ectoplasm","Red Mask","War Paint","Strawberry","Bronze Scales"],"potions_floor_usage":[12,14,16,18,20,29,33],"damage_taken":[{"damage":0,"enemies":"2 Louse","floor":1,"turns":1},{"damage":0,"enemies":"Small Slimes","floor":3,"turns":1},{"damage":0,"enemies":"Lagavulin","floor":7,"turns":1},{"damage":0,"enemies":"Cultist","floor":10,"turns":3},{"damage":14,"enemies":"Large Slime","floor":11,"turns":5},{"damage":23,"enemies":"3 Sentries","floor":12,"turns":7},{"damage":20,"enemies":"Lagavulin","floor":14,"turns":8},{"damage":42,"enemies":"The Guardian","floor":16,"turns":13},{"damage":16,"enemies":"Spheric Guardian","floor":18,"turns":4},{"damage":12,"enemies":"Masked Bandits","floor":20,"turns":3},{"damage":0,"enemies":"Chosen","floor":21,"turns":3},{"damage":0,"enemies":"3 Cultists","floor":25,"turns":4},{"damage":10,"enemies":"Gremlin Leader","floor":29,"turns":8},{"damage":24,"enemies":"Snake Plant","floor":30,"turns":4},{"damage":15,"enemies":"Shelled Parasite and Fungi","floor":31,"turns":4},{"damage":107,"enemies":"Collector","floor":33,"turns":11}],"seed_played":"-3489377708398372878","potions_obtained":[{"floor":3,"key":"AttackPotion"},{"floor":10,"key":"SteroidPotion"},{"floor":12,"key":"Energy Potion"},{"floor":14,"key":"Weak Potion"},{"floor":16,"key":"AttackPotion"},{"floor":18,"key":"Swift Potion"},{"floor":21,"key":"Fire Potion"},{"floor":30,"key":"Dexterity Potion"}],"is_trial":false,"path_per_floor":["M","$","M","?","?","R","E","R","T","M","M","E","?","E","R","B",null,"M","?","?","M","?","R","?","M","T","$","R","E","M","M","R","B"],"character_chosen":"IRONCLAD","items_purchased":["Strawberry","Armaments"],"campfire_rested":1,"item_purchase_floors":[27,27],"current_hp_per_floor":[74,74,75,75,68,68,74,74,74,75,67,50,43,29,51,18,63,53,53,50,56,56,56,56,56,56,63,63,63,47,49,49,0],"gold":25,"neow_bonus":"THREE_ENEMY_KILL","is_prod":false,"is_daily":false,"chose_seed":false,"campfire_upgraded":5,"win_rate":0,"timestamp":1557971020,"path_taken":["M","$","M","?","?","R","E","R","T","?","M","E","?","E","R","BOSS","M","?","?","M","?","R","?","M","T","$","R","E","M","M","R","BOSS"],"build_version":"2019-01-23","purchased_purges":1,"victory":false,"max_hp_per_floor":[75,75,75,75,75,75,75,75,75,75,75,75,75,75,75,78,78,78,78,81,81,56,56,56,56,56,63,63,63,63,66,66,66],"card_choices":[{"not_picked":["Armaments","Sever Soul"],"picked":"Rampage","floor":1},{"not_picked":["Headbutt","Body Slam"],"picked":"Battle Trance","floor":3},{"not_picked":["Power Through","Ghostly Armor"],"picked":"Shockwave","floor":7},{"not_picked":["Havoc","Armaments"],"picked":"Sword Boomerang","floor":10},{"not_picked":["Sever Soul","Clothesline"],"picked":"Flame Barrier","floor":11},{"not_picked":["Clash","Flex"],"picked":"Feed","floor":12},{"not_picked":["Sword Boomerang","Fire Breathing"],"picked":"Headbutt","floor":14},{"not_picked":["Dark Embrace","Exhume"],"picked":"Offering","floor":16},{"not_picked":["Warcry","Power Through"],"picked":"Pommel Strike","floor":18},{"not_picked":["Heavy Blade","Sword Boomerang+1"],"picked":"Headbutt","floor":20},{"not_picked":["Sword Boomerang","Feel No Pain+1"],"picked":"Clash","floor":21},{"not_picked":["Body Slam","Headbutt+1"],"picked":"True Grit","floor":25},{"not_picked":["Hemokinesis","Reckless Charge"],"picked":"Anger","floor":29},{"not_picked":["Dropkick+1","Havoc"],"picked":"Rampage","floor":30},{"not_picked":["Burning Pact","Cleave"],"picked":"Dual Wield+1","floor":31}],"player_experience":1108659,"relics_obtained":[{"floor":7,"key":"Orichalcum"},{"floor":9,"key":"Ancient Tea Set"},{"floor":12,"key":"Dodecahedron"},{"floor":14,"key":"FossilizedHelix"},{"floor":20,"key":"Red Mask"},{"floor":26,"key":"War Paint"},{"floor":29,"key":"Bronze Scales"}],"event_choices":[{"damage_healed":18,"gold_gain":0,"player_choice":"Healed","damage_taken":0,"max_hp_gain":0,"max_hp_loss":0,"event_name":"The Cleric","floor":4,"gold_loss":35},{"damage_healed":0,"gold_gain":50,"player_choice":"Touch","damage_taken":7,"max_hp_gain":0,"max_hp_loss":0,"event_name":"FaceTrader","floor":5,"gold_loss":0},{"cards_removed":["Strike_R"],"damage_healed":0,"gold_gain":0,"player_choice":"Card Removal","damage_taken":7,"max_hp_gain":0,"max_hp_loss":0,"event_name":"Golden Wing","floor":13,"gold_loss":0},{"cards_removed":["Strike_R"],"damage_healed":0,"gold_gain":0,"player_choice":"Gave Gold","damage_taken":0,"max_hp_gain":0,"max_hp_loss":0,"event_name":"Beggar","floor":19,"gold_loss":75},{"damage_healed":0,"gold_gain":0,"player_choice":"Fought Bandits","damage_taken":0,"max_hp_gain":0,"max_hp_loss":0,"event_name":"Masked Bandits","floor":20,"gold_loss":0},{"damage_healed":0,"gold_gain":0,"player_choice":"Became a vampire","damage_taken":0,"max_hp_gain":0,"max_hp_loss":25,"event_name":"Vampires","floor":22,"gold_loss":0,"cards_obtained":["Bite","Bite","Bite","Bite","Bite"]},{"damage_healed":0,"gold_gain":200,"player_choice":"Gold","damage_taken":0,"max_hp_gain":0,"max_hp_loss":0,"event_name":"Wheel of Change","floor":24,"gold_loss":0}],"is_beta":false,"boss_relics":[{"not_picked":["Cursed Key","Runic Dome"],"picked":"Ectoplasm"}],"items_purged_floors":[2],"is_endless":false,"potions_floor_spawned":[3,10,12,14,16,18,21,30],"killed_by":"Collector","ascension_level":15}