{"gold_per_floor":[116,127,39,39,59,59,59,59,137,137,153,171,197,197,197,271,271,283,283,295,295,313,313,324,324,324,357,357,382,22,54,54,129,129,140,140,140,0,0,0,14,33,56,73,99,99,110,55,55,55,55],"floor_reached":51,"playtime":1639,"items_purged":["Bash"],"score":1391,"play_id":"be6a2f63-6683-4fed-8a33-e5ed3c2acd5d","local_time":"20190222094902","is_ascension_mode":true,"campfire_choices":[{"data":"Perfected Strike","floor":6.0,"key":"SMITH"},{"data":"Clothesline","floor":8.0,"key":"SMITH"},{"data":"Disarm","floor":10.0,"key":"SMITH"},{"data":"Perfected Strike","floor":15.0,"key":"SMITH"},{"floor":23.0,"key":"RECALL"},{"floor":25.0,"key":"REST"},{"floor":28.0,"key":"REST"},{"floor":32.0,"key":"REST"},{"floor":40.0,"key":"REST"},{"data":"1","floor":46.0,"key":"LIFT"},{"data":"2","floor":49.0,"key":"LIFT"}],"neow_cost":"NONE","seed_source_timestamp":509096931331489,"circlet_count":0,"master_deck":["AscendersBane","Strike_R","Strike_R","Strike_R","Strike_R","Strike_R","Defend_R","Defend_R","Defend_R","Defend_R","Perfected Strike+1","Shrug It Off","Disarm+1","Clothesline+1","Perfected Strike+1","Perfected Strike+1","Ghostly Armor","Feed","Perfected Strike","Twin Strike","Twin Strike","Iron Wave","Perfected Strike","Shrug It Off","Pommel Strike","Impervious","Battle Trance+1","Bludgeon","Shrug It Off+1","Clothesline+1"],"special_seed":0,"relics":["Burning Blood","NeowsBlessing","Magic Flower","Kunai","Shuriken","Juzu Bracelet","Fusion Hammer","Regal Pillow","Bag of Preparation","Girya","Bronze Scales","Sundial","Snecko Eye","Red Mask","Art of War"],"potions_floor_usage":[],"damage_taken":[{"damage":0.0,"enemies":"2 Louse","floor":1.0,"turns":1.0},{"damage":0.0,"enemies":"Cultist","floor":2.0,"turns":1.0},{"damage":0.0,"enemies":"Small Slimes","floor":5.0,"turns":1.0},{"damage":6.0,"enemies":"2 Fungi Beasts","floor":11.0,"turns":4.0},{"damage":9.0,"enemies":"Blue Slaver","floor":12.0,"turns":4.0},{"damage":5.0,"enemies":"Gremlin Nob","floor":13.0,"turns":3.0},{"damage":38.0,"enemies":"The Guardian","floor":16.0,"turns":10.0},{"damage":20.0,"enemies":"2 Thieves","floor":18.0,"turns":3.0},{"damage":11.0,"enemies":"Spheric Guardian","floor":20.0,"turns":3.0},{"damage":14.0,"enemies":"Snake Plant","floor":22.0,"turns":2.0},{"damage":30.0,"enemies":"Shelled Parasite and Fungi","floor":24.0,"turns":4.0},{"damage":33.0,"enemies":"Gremlin Leader","floor":27.0,"turns":4.0},{"damage":30.0,"enemies":"Slavers","floor":29.0,"turns":6.0},{"damage":30.0,"enemies":"Book of Stabbing","floor":31.0,"turns":5.0},{"damage":64.0,"enemies":"Automaton","floor":33.0,"turns":8.0},{"damage":25.0,"enemies":"3 Darklings","floor":35.0,"turns":4.0},{"damage":4.0,"enemies":"Orb Walker","floor":41.0,"turns":2.0},{"damage":0.0,"enemies":"Spire Growth","floor":42.0,"turns":3.0},{"damage":12.0,"enemies":"3 Darklings","floor":44.0,"turns":3.0},{"damage":22.0,"enemies":"Reptomancer","floor":45.0,"turns":4.0},{"damage":3.0,"enemies":"Writhing Mass","floor":47.0,"turns":3.0},{"damage":53.0,"enemies":"Donu and Deca","floor":50.0,"turns":8.0},{"damage":30,"enemies":"Time Eater","floor":51,"turns":4}],"seed_played":"3689493479548044286","potions_obtained":[{"floor":2.0,"key":"Swift Potion"},{"floor":11.0,"key":"BloodPotion"},{"floor":13.0,"key":"BloodPotion"},{"floor":24.0,"key":"LiquidBronze"},{"floor":35.0,"key":"FearPotion"},{"floor":41.0,"key":"SpeedPotion"}],"is_trial":false,"path_per_floor":["M","M","$","?","M","R","T","R","T","R","M","M","E","?","R","B",null,"M","?","M","?","M","R","M","R","T","E","R","E","$","E","R","B",null,"M","?","?","?","?","R","M","M","T","M","E","R","M","$","R","B","B"],"character_chosen":"IRONCLAD","items_purchased":["Disarm","Block Potion","Shrug It Off","Bronze Scales","SteroidPotion"],"campfire_rested":4,"item_purchase_floors":[3,30,30,30,48],"current_hp_per_floor":[74,75,75,75,75,75,75,75,75,75,75,75,75,75,75,46,68,57,57,55,55,61,61,51,73,73,49,75,54,54,33,70,15,60,44,44,44,44,44,75,78,78,78,75,62,62,68,68,68,24,0],"gold":55,"neow_bonus":"THREE_ENEMY_KILL","is_prod":false,"is_daily":false,"chose_seed":false,"campfire_upgraded":4,"win_rate":0,"timestamp":1550825342,"path_taken":["M","M","$","?","?","R","?","R","T","R","M","M","E","?","R","BOSS","M","?","M","?","M","R","M","R","T","E","R","E","$","E","R","BOSS","M","?","?","?","?","R","M","M","T","M","E","R","M","$","R","BOSS","BOSS"],"build_version":"2019-01-23","purchased_purges":1,"victory":false,"max_hp_per_floor":[75,75,75,75,75,75,75,75,75,75,75,75,75,75,75,75,75,75,75,75,75,75,75,75,75,75,75,75,75,75,75,75,75,75,75,75,75,75,75,75,78,78,78,78,78,78,78,78,78,78,78],"card_choices":[{"not_picked":["Headbutt","Thunderclap"],"picked":"Perfected Strike","floor":1.0},{"not_picked":["Flex","Anger"],"picked":"Shrug It Off","floor":2.0},{"not_picked":["Evolve","Dark Embrace"],"picked":"Clothesline","floor":5.0},{"not_picked":["Flex","Clash"],"picked":"Perfected Strike","floor":11.0},{"not_picked":["Thunderclap","Sever Soul"],"picked":"Perfected Strike","floor":12.0},{"not_picked":["Heavy Blade","Body Slam"],"picked":"Ghostly Armor","floor":13.0},{"not_picked":["Juggernaut","Bludgeon"],"picked":"Feed","floor":16.0},{"not_picked":["Headbutt","Anger"],"picked":"Perfected Strike","floor":18.0},{"not_picked":["Sever Soul","Intimidate"],"picked":"Twin Strike","floor":20.0},{"not_picked":["Cleave+1","Entrench"],"picked":"Twin Strike","floor":22.0},{"not_picked":["Sword Boomerang","Wild Strike","Spot Weakness+1"],"picked":"SKIP","floor":24.0},{"not_picked":["Thunderclap+1","Brutality"],"picked":"Iron Wave","floor":27.0},{"not_picked":["Entrench","Dropkick"],"picked":"Perfected Strike","floor":29.0},{"not_picked":["Clothesline","Flex"],"picked":"Pommel Strike","floor":31.0},{"not_picked":["Barricade","Feed"],"picked":"Impervious","floor":33.0},{"not_picked":["Heavy Blade","Sword Boomerang+1","Dual Wield"],"picked":"SKIP","floor":35.0},{"not_picked":["Flex+1","Clash+1","Body Slam"],"picked":"SKIP","floor":41.0},{"not_picked":["Infernal Blade+1","Shrug It Off"],"picked":"Battle Trance+1","floor":42.0},{"not_picked":["True Grit","Metallicize"],"picked":"Bludgeon","floor":44.0},{"not_picked":["Flex","Uppercut"],"picked":"Shrug It Off+1","floor":45.0},{"not_picked":["Combust","Bloodletting"],"picked":"Clothesline+1","floor":47.0}],"player_experience":653763,"relics_obtained":[{"floor":7.0,"key":"Kunai"},{"floor":9.0,"key":"Shuriken"},{"floor":13.0,"key":"Juzu Bracelet"},{"floor":26.0,"key":"Regal Pillow"},{"floor":27.0,"key":"Bag of Preparation"},{"floor":29.0,"key":"Girya"},{"floor":31.0,"key":"Sundial"},{"floor":45.0,"key":"Art of War"}],"event_choices":[{"damage_healed":0.0,"max_hp_gain":0.0,"max_hp_loss":0.0,"gold_gain":0.0,"event_name":"WeMeetAgain","player_choice":"Gave Potion","floor":4.0,"gold_loss":0.0,"damage_taken":0.0,"relics_obtained":["Magic Flower"]},{"damage_healed":0.0,"max_hp_gain":0.0,"max_hp_loss":0.0,"gold_gain":0.0,"event_name":"Upgrade Shrine","player_choice":"Upgraded","floor":14.0,"gold_loss":0.0,"damage_taken":0.0,"cards_upgraded":["Perfected Strike"]},{"damage_healed":0.0,"max_hp_gain":0.0,"max_hp_loss":0.0,"gold_gain":0.0,"event_name":"Vampires","player_choice":"Ignored","floor":19.0,"gold_loss":0.0,"damage_taken":0.0},{"damage_healed":0.0,"max_hp_gain":0.0,"max_hp_loss":0.0,"gold_gain":0.0,"event_name":"Ghosts","player_choice":"Ignored","floor":21.0,"gold_loss":0.0,"damage_taken":0.0},{"damage_healed":0.0,"max_hp_gain":0.0,"max_hp_loss":0.0,"gold_gain":0.0,"event_name":"Mysterious Sphere","player_choice":"Ignored","floor":36.0,"gold_loss":0.0,"damage_taken":0.0},{"damage_healed":0.0,"max_hp_gain":0.0,"max_hp_loss":0.0,"gold_gain":0.0,"event_name":"SecretPortal","player_choice":"Ignored","floor":37.0,"gold_loss":0.0,"damage_taken":0.0},{"damage_healed":0.0,"max_hp_gain":0.0,"max_hp_loss":0.0,"gold_gain":0.0,"event_name":"Tomb of Lord Red Mask","player_choice":"Paid","floor":38.0,"gold_loss":140.0,"damage_taken":0.0,"relics_obtained":["Red Mask"]},{"damage_healed":0.0,"max_hp_gain":0.0,"max_hp_loss":0.0,"gold_gain":0.0,"event_name":"SensoryStone","player_choice":"Memory 1","floor":39.0,"gold_loss":0.0,"damage_taken":0.0}],"is_beta":false,"boss_relics":[{"not_picked":["Busted Crown","Eternal Feather"],"picked":"Fusion Hammer"},{"not_picked":["Empty Cage","Orrery"],"picked":"Snecko Eye"}],"items_purged_floors":[30],"is_endless":false,"potions_floor_spawned":[2,11,13,18,20,24,35,41,47],"killed_by":"Time Eater","ascension_level":20}