{"gold_per_floor":[111,129,129,142,142,142,173,173,173,188,221,234,251,268,268,339,339,298,298,298,311,311],"floor_reached":22,"playtime":1192,"items_purged":[],"score":396,"play_id":"f060d153-cd2c-4c5e-9204-717adf58fd62","local_time":"20190130014144","is_ascension_mode":true,"campfire_choices":[{"data":"Caltrops","floor":6.0,"key":"SMITH"},{"data":"Neutralize","floor":8.0,"key":"SMITH"},{"floor":15.0,"key":"REST"}],"neow_cost":"NONE","seed_source_timestamp":1752520720630118,"circlet_count":0,"master_deck":["AscendersBane","Defend_G","Defend_G","Defend_G","Defend_G","Defend_G","Strike_G","Survivor","Neutralize+1","Footwork+1","Caltrops+1","Footwork","Blur","Cloak And Dagger","Backflip","Cloak And Dagger","Dash","Distraction","Skewer","Acrobatics","After Image","Eviscerate+1","Expertise+1","Blade Dance+1","Dash","Writhe","Blur"],"special_seed":0,"relics":["Ring of the Snake","Darkstone Periapt","PreservedInsect","The Courier","Astrolabe","Nloth\u0027s Gift"],"potions_floor_usage":[22,22],"damage_taken":[{"damage":0.0,"enemies":"2 Louse","floor":1.0,"turns":4.0},{"damage":2.0,"enemies":"Jaw Worm","floor":2.0,"turns":7.0},{"damage":0.0,"enemies":"Cultist","floor":4.0,"turns":7.0},{"damage":12.0,"enemies":"Lagavulin","floor":7.0,"turns":14.0},{"damage":2.0,"enemies":"Exordium Wildlife","floor":10.0,"turns":7.0},{"damage":34.0,"enemies":"Gremlin Nob","floor":11.0,"turns":6.0},{"damage":3.0,"enemies":"Lots of Slimes","floor":12.0,"turns":5.0},{"damage":0.0,"enemies":"3 Louse","floor":13.0,"turns":4.0},{"damage":4.0,"enemies":"Exordium Thugs","floor":14.0,"turns":6.0},{"damage":16.0,"enemies":"Hexaghost","floor":16.0,"turns":16.0},{"damage":36,"enemies":"2 Thieves","floor":18,"turns":5},{"damage":4,"enemies":"Shell Parasite","floor":21,"turns":13},{"damage":27,"enemies":"3 Cultists","floor":22,"turns":4}],"seed_played":"-6926075237495819262","potions_obtained":[{"floor":4.0,"key":"FearPotion"},{"floor":10.0,"key":"GhostInAJar"},{"floor":11.0,"key":"EssenceOfSteel"},{"floor":12.0,"key":"GamblersBrew"},{"floor":16.0,"key":"Weak Potion"}],"is_trial":false,"path_per_floor":["M","M","?","M","?","R","E","R","T","M","E","M","M","M","R","B",null,"M","?","?","M","M"],"character_chosen":"THE_SILENT","items_purchased":[],"campfire_rested":1,"item_purchase_floors":[],"current_hp_per_floor":[59,57,57,57,57,57,45,45,45,43,9,6,6,2,21,5,51,15,21,21,17,0],"gold":311,"neow_bonus":"THREE_CARDS","is_prod":false,"is_daily":false,"chose_seed":false,"campfire_upgraded":2,"win_rate":0,"timestamp":1548808904,"path_taken":["M","M","?","M","?","R","E","R","T","M","E","?","M","M","R","BOSS","M","?","?","M","?"],"build_version":"2019-01-23","purchased_purges":0,"victory":false,"max_hp_per_floor":[66,66,66,66,66,66,66,66,66,66,66,66,66,66,66,66,66,66,72,72,72,72],"card_choices":[{"not_picked":["Masterful Stab","Finisher"],"picked":"Footwork","floor":0.0},{"not_picked":["Deflect","Underhanded Strike"],"picked":"Caltrops","floor":1.0},{"not_picked":["Outmaneuver","Infinite Blades"],"picked":"Footwork","floor":2.0},{"not_picked":["Quick Slash","Prepared"],"picked":"Cloak And Dagger","floor":4.0},{"not_picked":["Bane","Concentrate"],"picked":"Backflip","floor":7.0},{"not_picked":["Dagger Throw","Flying Knee"],"picked":"Cloak And Dagger","floor":10.0},{"not_picked":["Adrenaline","Deadly Poison"],"picked":"Dash","floor":11.0},{"not_picked":["Reflex","Outmaneuver"],"picked":"Distraction","floor":12.0},{"not_picked":["Dagger Throw","Catalyst"],"picked":"Skewer","floor":13.0},{"not_picked":["Underhanded Strike","Deflect"],"picked":"Acrobatics","floor":14.0},{"not_picked":["Tools of the Trade","Wraith Form v2"],"picked":"After Image","floor":16.0},{"not_picked":["Flying Knee","Outmaneuver"],"picked":"Dash","floor":18},{"not_picked":["Dagger Throw","Calculated Gamble"],"picked":"Blur","floor":21}],"player_experience":625986,"relics_obtained":[{"floor":7.0,"key":"Darkstone Periapt"},{"floor":9.0,"key":"PreservedInsect"},{"floor":11.0,"key":"The Courier"}],"event_choices":[{"damage_healed":0.0,"max_hp_gain":0.0,"max_hp_loss":0.0,"gold_gain":0.0,"cards_transformed":["Strike_G"],"event_name":"Living Wall","player_choice":"Change","floor":3.0,"gold_loss":0.0,"damage_taken":0.0,"cards_obtained":["Blur"]},{"damage_healed":0.0,"max_hp_gain":0.0,"max_hp_loss":0.0,"gold_gain":0.0,"event_name":"Accursed Blacksmith","player_choice":"Forge","floor":5.0,"gold_loss":0.0,"damage_taken":0.0,"cards_upgraded":["Footwork"]},{"damage_healed":0,"gold_gain":0,"player_choice":"Opened","damage_taken":0,"relics_obtained":["FossilizedHelix"],"max_hp_gain":0,"max_hp_loss":0,"event_name":"The Mausoleum","floor":19,"gold_loss":0,"cards_obtained":["Writhe"]},{"damage_healed":0,"gold_gain":0,"player_choice":"Traded Relic","damage_taken":0,"relics_obtained":["Nloth\u0027s Gift"],"max_hp_gain":0,"max_hp_loss":0,"event_name":"N\u0027loth","floor":20,"relics_lost":["FossilizedHelix"],"gold_loss":0}],"is_beta":false,"boss_relics":[{"not_picked":["White Beast Statue","WristBlade"],"picked":"Astrolabe"}],"items_purged_floors":[],"is_endless":false,"potions_floor_spawned":[4,10,11,12,13,16,21],"killed_by":"3 Cultists","ascension_level":20}