{"gold_per_floor":[116,116,136,152,172,172,200,212,212,212,212,235,255,275,275,275],"floor_reached":16,"playtime":547,"items_purged":[],"score":207,"play_id":"78900df5-e101-45b9-a777-1ca9076266d5","local_time":"20190829042230","is_ascension_mode":true,"campfire_choices":[{"data":"Armaments","floor":6.0,"key":"SMITH"},{"data":"Shockwave","floor":15,"key":"SMITH"}],"neow_cost":"NONE","seed_source_timestamp":1293617564780500,"circlet_count":0,"master_deck":["AscendersBane","Strike_R","Strike_R","Strike_R","Strike_R","Strike_R","Defend_R","Defend_R","Defend_R","Defend_R","Bash+1","Dark Embrace","Thunderclap","Perfected Strike+1","Twin Strike","Armaments+1","Shrug It Off","Shrug It Off","Injury","Shockwave+1","Perfected Strike","Anger"],"special_seed":0,"relics":["Burning Blood","PreservedInsect","Centennial Puzzle","Golden Idol"],"potions_floor_usage":[16],"damage_taken":[{"damage":15.0,"enemies":"Small Slimes","floor":1.0,"turns":4.0},{"damage":6.0,"enemies":"Cultist","floor":3.0,"turns":3.0},{"damage":0.0,"enemies":"2 Louse","floor":4.0,"turns":2.0},{"damage":7.0,"enemies":"Looter","floor":5.0,"turns":3.0},{"damage":27.0,"enemies":"Lagavulin","floor":7.0,"turns":6.0},{"damage":23.0,"enemies":"Exordium Thugs","floor":8.0,"turns":3.0},{"damage":9.0,"enemies":"Large Slime","floor":12.0,"turns":6.0},{"damage":19.0,"enemies":"Lots of Slimes","floor":13.0,"turns":6.0},{"damage":6,"enemies":"3 Louse","floor":14,"turns":3},{"damage":10,"enemies":"Hexaghost","floor":16,"turns":9}],"seed_played":"8456828796730116757","potions_obtained":[{"floor":1.0,"key":"Dexterity Potion"},{"floor":5.0,"key":"Strength Potion"},{"floor":8.0,"key":"Fire Potion"},{"floor":13,"key":"LiquidBronze"}],"is_trial":false,"path_per_floor":["M","?","M","M","M","R","E","M","T","?","?","M","M","M","R","B"],"character_chosen":"IRONCLAD","items_purchased":[],"campfire_rested":0,"item_purchase_floors":[],"current_hp_per_floor":[59,59,59,65,64,64,43,26,26,26,26,23,10,10,10,0],"gold":275,"neow_bonus":"ONE_RANDOM_RARE_CARD","is_prod":false,"is_daily":false,"chose_seed":false,"campfire_upgraded":2,"win_rate":0,"timestamp":1567045350,"path_taken":["M","?","?","M","M","R","E","M","T","?","?","M","?","M","R","BOSS"],"build_version":"2019-07-17","purchased_purges":0,"victory":false,"max_hp_per_floor":[75,75,75,75,75,75,75,75,75,75,75,75,75,75,75,75],"card_choices":[{"not_picked":["Dropkick","Clash"],"picked":"Thunderclap","floor":1.0},{"not_picked":["Havoc","Evolve"],"picked":"Perfected Strike","floor":3.0},{"not_picked":["Heavy Blade","Iron Wave"],"picked":"Twin Strike","floor":4.0},{"not_picked":["Cleave","Sentinel"],"picked":"Armaments","floor":5.0},{"not_picked":["Anger","Berserk"],"picked":"Shrug It Off","floor":7.0},{"not_picked":["Cleave","Dropkick"],"picked":"Shrug It Off","floor":8.0},{"not_picked":["Blood for Blood","Battle Trance"],"picked":"Shockwave","floor":12.0},{"not_picked":["Metallicize","Body Slam"],"picked":"Perfected Strike","floor":13},{"not_picked":["Flex","Heavy Blade"],"picked":"Anger","floor":14}],"player_experience":1976925,"relics_obtained":[{"floor":7.0,"key":"PreservedInsect"},{"floor":9.0,"key":"Centennial Puzzle"}],"event_choices":[{"damage_healed":0.0,"max_hp_gain":0.0,"max_hp_loss":0.0,"gold_gain":0.0,"event_name":"Accursed Blacksmith","player_choice":"Forge","floor":2.0,"gold_loss":0.0,"damage_taken":0.0,"cards_upgraded":["Bash"]},{"damage_healed":0.0,"max_hp_gain":0.0,"max_hp_loss":0.0,"gold_gain":0.0,"event_name":"Golden Idol","player_choice":"Take Wound","floor":10.0,"gold_loss":0.0,"damage_taken":0.0,"relics_obtained":["Golden Idol"],"cards_obtained":["Injury"]},{"damage_healed":0.0,"max_hp_gain":0.0,"max_hp_loss":0.0,"gold_gain":0.0,"event_name":"Upgrade Shrine","player_choice":"Upgraded","floor":11.0,"gold_loss":0.0,"damage_taken":0.0,"cards_upgraded":["Perfected Strike"]}],"is_beta":false,"boss_relics":[],"items_purged_floors":[],"is_endless":false,"potions_floor_spawned":[1,5,8,13],"killed_by":"Hexaghost","ascension_level":19}