{"gold_per_floor":[115,40,40,40,11,11,45,69,69,93,93,16,16,31,31,127,127,150,150],"floor_reached":19,"playtime":747,"items_purged":[],"score":330,"play_id":"6862a087-eefb-4fc1-878a-3104ed8d4638","local_time":"20190329180738","is_ascension_mode":true,"campfire_choices":[{"data":"Dualcast","floor":6.0,"key":"SMITH"},{"data":"Coolheaded","floor":11.0,"key":"SMITH"},{"data":"Defragment","floor":13.0,"key":"SMITH"},{"floor":15.0,"key":"REST"}],"neow_cost":"NONE","seed_source_timestamp":1064490845925608,"circlet_count":0,"master_deck":["AscendersBane","Strike_B","Strike_B","Strike_B","Defend_B","Defend_B","Defend_B","Defend_B+1","Zap+1","Dualcast+1","Gash","Ball Lightning","Coolheaded+1","Coolheaded","Defragment+1","Defragment","Fission","Defragment+1"],"special_seed":0,"relics":["Eternal Feather","Golden Idol","Incense Burner","Bag of Preparation","Cursed Key"],"potions_floor_usage":[],"damage_taken":[{"damage":4.0,"enemies":"Small Slimes","floor":1.0,"turns":4.0},{"damage":41.0,"enemies":"Lagavulin","floor":7.0,"turns":8.0},{"damage":4.0,"enemies":"Jaw Worm","floor":8.0,"turns":3.0},{"damage":0.0,"enemies":"2 Louse","floor":10.0,"turns":2.0},{"damage":2.0,"enemies":"Exordium Thugs","floor":14.0,"turns":4.0},{"damage":30.0,"enemies":"The Guardian","floor":16.0,"turns":10.0},{"damage":18.0,"enemies":"2 Thieves","floor":18.0,"turns":5.0},{"damage":33,"enemies":"Masked Bandits","floor":19,"turns":3}],"seed_played":"-6619215023201399597","potions_obtained":[{"floor":7.0,"key":"FearPotion"},{"floor":8.0,"key":"SpeedPotion"}],"is_trial":false,"path_per_floor":["M","?","?","?","$","R","E","M","T","M","R","$","R","M","R","B",null,"M","?"],"character_chosen":"DEFECT","items_purchased":["Ball Lightning","Defragment"],"campfire_rested":1,"item_purchase_floors":[5,12],"current_hp_per_floor":[60,60,60,41,41,47,6,2,2,2,8,8,17,15,43,13,51,33,0],"gold":150,"neow_bonus":"BOSS_RELIC","is_prod":false,"is_daily":false,"chose_seed":false,"campfire_upgraded":3,"win_rate":0,"timestamp":1553879258,"path_taken":["M","?","?","?","$","R","E","?","T","?","R","?","R","M","R","BOSS","M","?"],"build_version":"2019-01-23","purchased_purges":0,"victory":false,"max_hp_per_floor":[71,71,64,64,64,64,64,64,64,64,64,64,64,64,64,64,64,64,64],"card_choices":[{"not_picked":["Redo","Hologram"],"picked":"Gash","floor":1.0},{"not_picked":["Go for the Eyes","Beam Cell"],"picked":"Coolheaded","floor":7.0},{"not_picked":["Turbo","Blizzard","Reprogram"],"picked":"SKIP","floor":8.0},{"not_picked":["Beam Cell","Redo"],"picked":"Coolheaded","floor":10.0},{"not_picked":["Double Energy","Streamline"],"picked":"Defragment","floor":14.0},{"not_picked":["Biased Cognition","Rainbow"],"picked":"Fission","floor":16.0},{"not_picked":["Conserve Battery","FTL"],"picked":"Defragment+1","floor":18.0}],"player_experience":742536,"relics_obtained":[{"floor":7.0,"key":"Incense Burner"},{"floor":9.0,"key":"Bag of Preparation"}],"event_choices":[{"cards_removed":["Strike_B"],"damage_healed":0.0,"max_hp_gain":0.0,"max_hp_loss":0.0,"gold_gain":0.0,"event_name":"The Cleric","player_choice":"Card Removal","floor":2.0,"gold_loss":75.0,"damage_taken":0.0},{"damage_healed":0.0,"max_hp_gain":0.0,"max_hp_loss":7.0,"gold_gain":0.0,"event_name":"Golden Idol","player_choice":"Lose Max HP","floor":3.0,"gold_loss":0.0,"damage_taken":0.0,"relics_obtained":["Golden Idol"]},{"damage_healed":0.0,"max_hp_gain":0.0,"max_hp_loss":0.0,"gold_gain":0.0,"event_name":"Shining Light","player_choice":"Entered Light","floor":4.0,"gold_loss":0.0,"damage_taken":19.0,"cards_upgraded":["Zap","Defend_B"]},{"damage_healed":0,"gold_gain":0,"player_choice":"Fought Bandits","damage_taken":0,"max_hp_gain":0,"max_hp_loss":0,"event_name":"Masked Bandits","floor":19,"gold_loss":0}],"is_beta":false,"boss_relics":[{"not_picked":["Runic Dome","Fusion Hammer"],"picked":"Cursed Key"}],"items_purged_floors":[],"is_endless":false,"potions_floor_spawned":[7,8],"killed_by":"Masked Bandits","ascension_level":20}