{"gold_per_floor":[19,19,44,44,69,69,90,90,117,58,92,92,17,56,56,151,151,171,171],"floor_reached":19,"playtime":784,"items_purged":[],"score":333,"play_id":"e6af995c-83c8-4e0e-9e32-027f91346d41","local_time":"20190807212739","is_ascension_mode":true,"campfire_choices":[{"data":"Fiend Fire","floor":6,"key":"SMITH"},{"data":"Warcry","floor":8,"key":"SMITH"},{"floor":12,"key":"REST"},{"floor":15,"key":"REST"}],"neow_cost":"NO_GOLD","seed_source_timestamp":448011475404900,"circlet_count":0,"master_deck":["AscendersBane","Strike_R","Strike_R","Strike_R","Strike_R+1","Strike_R+1","Defend_R","Defend_R","Defend_R","Bash","Fiend Fire+1","Headbutt","Warcry+1","Clash","Rage","Exhume","Shrug It Off","Dark Embrace","Sentinel"],"special_seed":0,"relics":["Burning Blood","Golden Idol","Smiling Mask","Happy Flower","Whetstone","Runic Cube"],"potions_floor_usage":[11,11,16],"damage_taken":[{"damage":8.0,"enemies":"2 Louse","floor":1.0,"turns":2.0},{"damage":12.0,"enemies":"Small Slimes","floor":3.0,"turns":3.0},{"damage":7.0,"enemies":"Jaw Worm","floor":5.0,"turns":3.0},{"damage":15,"enemies":"3 Louse","floor":7,"turns":3},{"damage":30,"enemies":"Lagavulin","floor":11,"turns":5},{"damage":8,"enemies":"Gremlin Nob","floor":14,"turns":3},{"damage":28,"enemies":"The Guardian","floor":16,"turns":17},{"damage":34,"enemies":"Shell Parasite","floor":18,"turns":4},{"damage":30,"enemies":"3 Byrds","floor":19,"turns":6}],"seed_played":"-7427032840590942242","potions_obtained":[{"floor":3.0,"key":"AttackPotion"},{"floor":7,"key":"Regen Potion"},{"floor":14,"key":"EssenceOfSteel"}],"is_trial":false,"path_per_floor":["M","?","M","$","M","R","M","R","T","?","E","R","?","E","R","B",null,"M","M"],"character_chosen":"IRONCLAD","items_purchased":[],"campfire_rested":2,"item_purchase_floors":[],"current_hp_per_floor":[66,40,34,34,33,33,24,24,24,24,14,36,36,34,56,34,65,37,7],"gold":171,"neow_bonus":"THREE_RARE_CARDS","is_prod":false,"is_daily":false,"chose_seed":false,"campfire_upgraded":2,"win_rate":0,"timestamp":1565206059,"path_taken":["M","?","M","$","M","R","M","R","T","?","E","R","?","E","R","BOSS","M","M"],"build_version":"2019-07-17","purchased_purges":0,"victory":false,"max_hp_per_floor":[75,75,75,75,75,75,75,75,75,75,75,75,75,75,75,75,75,75,75],"card_choices":[{"not_picked":["Berserk","Exhume"],"picked":"Fiend Fire","floor":0.0},{"not_picked":["Thunderclap","Searing Blow"],"picked":"Headbutt","floor":1.0},{"not_picked":["Heavy Blade","True Grit"],"picked":"Warcry","floor":3.0},{"not_picked":["Warcry","Heavy Blade"],"picked":"Clash","floor":5},{"not_picked":["Dropkick","Heavy Blade"],"picked":"Rage","floor":7},{"not_picked":["Twin Strike","Heavy Blade"],"picked":"Exhume","floor":11},{"not_picked":["Pummel","Intimidate"],"picked":"Shrug It Off","floor":14},{"not_picked":["Limit Break","Offering"],"picked":"Dark Embrace","floor":16},{"not_picked":["Headbutt","Combust"],"picked":"Sentinel","floor":18}],"player_experience":1808572,"relics_obtained":[{"floor":9,"key":"Smiling Mask"},{"floor":11,"key":"Happy Flower"},{"floor":14,"key":"Whetstone"}],"event_choices":[{"damage_healed":0.0,"max_hp_gain":0.0,"max_hp_loss":0.0,"gold_gain":0.0,"event_name":"Golden Idol","player_choice":"Take Damage","floor":2.0,"gold_loss":0.0,"damage_taken":26.0,"relics_obtained":["Golden Idol"]},{"damage_healed":0,"gold_gain":0,"player_choice":"Left Gold","damage_taken":0,"max_hp_gain":0,"max_hp_loss":0,"event_name":"World of Goop","floor":10,"gold_loss":59},{"cards_removed":["Defend_R"],"damage_healed":0,"gold_gain":0,"player_choice":"Card Removal","damage_taken":0,"max_hp_gain":0,"max_hp_loss":0,"event_name":"The Cleric","floor":13,"gold_loss":75}],"is_beta":false,"boss_relics":[{"not_picked":["Fusion Hammer","Tiny House"],"picked":"Runic Cube"}],"items_purged_floors":[],"is_endless":false,"potions_floor_spawned":[3,7,14],"killed_by":"3 Byrds","ascension_level":18}