{"gold_per_floor":[19,37,47,47,47,47,72,72,95,95,113,133,58,85,85,85],"floor_reached":16,"playtime":397,"items_purged":["Regret"],"score":320,"play_id":"f0fab576-5c48-4309-b180-77d2f3e067fe","local_time":"20190518101012","is_ascension_mode":true,"campfire_choices":[{"data":"Blood for Blood","floor":6.0,"key":"SMITH"},{"data":"Spot Weakness","floor":8.0,"key":"SMITH"},{"floor":15.0,"key":"REST"}],"neow_cost":"NO_GOLD","seed_source_timestamp":52980811731259,"circlet_count":0,"master_deck":["AscendersBane","Strike_R","Strike_R","Strike_R","Strike_R","Defend_R","Defend_R","Defend_R","Bash","Heavy Blade","Pummel","Combust","Blood for Blood+1","True Grit+1","Spot Weakness+1","Battle Trance","Clothesline","Uppercut"],"special_seed":0,"relics":["Burning Blood","Red Skull","Darkstone Periapt","Calipers","Strawberry"],"potions_floor_usage":[],"damage_taken":[{"damage":9.0,"enemies":"Jaw Worm","floor":1.0,"turns":3.0},{"damage":12.0,"enemies":"Small Slimes","floor":2.0,"turns":3.0},{"damage":6.0,"enemies":"Cultist","floor":3.0,"turns":3.0},{"damage":11.0,"enemies":"Gremlin Nob","floor":7.0,"turns":3.0},{"damage":19.0,"enemies":"Lots of Slimes","floor":11.0,"turns":3.0},{"damage":11.0,"enemies":"Large Slime","floor":12.0,"turns":4.0},{"damage":10.0,"enemies":"Lagavulin","floor":14.0,"turns":3.0}],"seed_played":"-7922589790431326414","potions_obtained":[{"floor":2.0,"key":"Energy Potion"},{"floor":7.0,"key":"FearPotion"},{"floor":14.0,"key":"Ancient Potion"}],"is_trial":false,"path_per_floor":["M","M","M","?","?","R","E","R","T","?","M","M","$","E","R","B"],"character_chosen":"IRONCLAD","items_purchased":[],"campfire_rested":1,"item_purchase_floors":[],"current_hp_per_floor":[65,59,59,59,48,48,43,43,43,43,30,25,25,28,52,0],"gold":85,"neow_bonus":"TRANSFORM_TWO_CARDS","is_prod":false,"is_daily":false,"chose_seed":false,"campfire_upgraded":2,"win_rate":0,"timestamp":1558167012,"path_taken":["M","M","M","?","?","R","E","R","T","?","M","M","$","E","R","BOSS"],"build_version":"2019-01-23","purchased_purges":1,"victory":false,"max_hp_per_floor":[75,75,75,75,75,75,75,75,75,75,75,75,75,82,82,82],"card_choices":[{"not_picked":["Havoc","Pummel"],"picked":"Combust","floor":1.0},{"not_picked":["Anger","Dual Wield"],"picked":"Blood for Blood","floor":2.0},{"not_picked":["Cleave","Clash"],"picked":"True Grit","floor":3.0},{"not_picked":["Clash","Brutality"],"picked":"Spot Weakness","floor":7.0},{"not_picked":["Clash","Twin Strike"],"picked":"Battle Trance","floor":11.0},{"not_picked":["Havoc","Pommel Strike"],"picked":"Clothesline","floor":12.0},{"not_picked":["Intimidate","Twin Strike"],"picked":"Uppercut","floor":14.0}],"player_experience":790220,"relics_obtained":[{"floor":7.0,"key":"Calipers"},{"floor":14.0,"key":"Strawberry"}],"event_choices":[{"damage_healed":0.0,"max_hp_gain":0.0,"max_hp_loss":0.0,"gold_gain":0.0,"event_name":"Big Fish","player_choice":"Box","floor":4.0,"gold_loss":0.0,"damage_taken":0.0,"relics_obtained":["Red Skull"],"cards_obtained":["Regret"]},{"damage_healed":0.0,"max_hp_gain":0.0,"max_hp_loss":0.0,"gold_gain":0.0,"event_name":"Scrap Ooze","player_choice":"Success","floor":5.0,"gold_loss":0.0,"damage_taken":11.0,"relics_obtained":["Darkstone Periapt"]},{"damage_healed":0.0,"max_hp_gain":0.0,"max_hp_loss":0.0,"gold_gain":0.0,"event_name":"Upgrade Shrine","player_choice":"Upgraded","floor":10.0,"gold_loss":0.0,"damage_taken":0.0,"cards_upgraded":["True Grit"]}],"is_beta":false,"boss_relics":[],"items_purged_floors":[13],"is_endless":false,"potions_floor_spawned":[2,7,12,14],"killed_by":"The Guardian","ascension_level":20}