{"gold_per_floor":[362,376,376,395,158,187,187,215,215,215,225,12,12],"floor_reached":13,"playtime":613,"items_purged":["Strike_G","Strike_G"],"score":153,"play_id":"6421b127-cb88-467a-ba01-6694596640ae","local_time":"20190312003126","is_ascension_mode":true,"campfire_choices":[{"floor":7,"key":"REST"},{"floor":10,"key":"REST"}],"neow_cost":"PERCENT_DAMAGE","seed_source_timestamp":502546714036600,"circlet_count":0,"master_deck":["AscendersBane","Defend_G","Defend_G","Defend_G","Defend_G","Defend_G","Strike_G","Strike_G","Survivor","Neutralize","Deadly Poison","Bane","Bouncing Flask","Escape Plan","Noxious Fumes","Poisoned Stab","Tactician","Adrenaline","Backflip","Well Laid Plans","Terror"],"relics":["Ring of the Snake","Bronze Scales","Sundial","PreservedInsect"],"potions_floor_usage":[6,8,11],"damage_taken":[{"damage":9,"enemies":"Jaw Worm","floor":1,"turns":6},{"damage":2,"enemies":"2 Louse","floor":2,"turns":3},{"damage":3,"enemies":"Small Slimes","floor":4,"turns":3},{"damage":10,"enemies":"Lagavulin","floor":6,"turns":6},{"damage":21,"enemies":"3 Sentries","floor":8,"turns":7},{"damage":15,"enemies":"2 Fungi Beasts","floor":11,"turns":3},{"damage":25,"enemies":"Gremlin Gang","floor":13,"turns":1}],"seed_played":"5786266989372975675","potions_obtained":[{"floor":1,"key":"Block Potion"},{"floor":2,"key":"SteroidPotion"},{"floor":6,"key":"Dexterity Potion"}],"is_trial":false,"path_per_floor":["M","M","?","M","$","E","R","E","T","R","M","$","M"],"character_chosen":"THE_SILENT","items_purchased":["Escape Plan","Noxious Fumes","Poisoned Stab","Well Laid Plans","Terror"],"campfire_rested":2,"item_purchase_floors":[5,5,5,12,12],"current_hp_per_floor":[36,34,27,24,24,14,35,14,14,35,20,20,0],"gold":12,"neow_bonus":"TWO_FIFTY_GOLD","is_prod":false,"is_daily":false,"chose_seed":false,"campfire_upgraded":0,"win_rate":0,"timestamp":1552347086,"path_taken":["M","M","?","M","$","E","R","E","T","R","M","$","M"],"build_version":"2019-01-23","purchased_purges":2,"victory":false,"max_hp_per_floor":[70,70,70,70,70,70,70,70,70,70,70,70,70],"card_choices":[{"not_picked":["Expertise","PiercingWail"],"picked":"Deadly Poison","floor":1},{"not_picked":["Slice","Terror"],"picked":"Bane","floor":2},{"not_picked":["Tactician","Quick Slash"],"picked":"Bouncing Flask","floor":4},{"not_picked":["Prepared","Underhanded Strike"],"picked":"Tactician","floor":6},{"not_picked":["Deflect","Quick Slash"],"picked":"Adrenaline","floor":8},{"not_picked":["PiercingWail","Escape Plan"],"picked":"Backflip","floor":11}],"player_experience":978858,"relics_obtained":[{"floor":6,"key":"Bronze Scales"},{"floor":8,"key":"Sundial"},{"floor":9,"key":"PreservedInsect"}],"event_choices":[{"cards_removed":["Strike_G"],"damage_healed":0,"gold_gain":0,"player_choice":"Card Removal","damage_taken":7,"max_hp_gain":0,"max_hp_loss":0,"event_name":"Golden Wing","floor":3,"gold_loss":0}],"is_beta":false,"boss_relics":[],"items_purged_floors":[5,12],"is_endless":false,"potions_floor_spawned":[1,2,6],"killed_by":"Gremlin Gang","ascension_level":13}