{"gold_per_floor":[113,188,188,188,202,202,242,242,266,290,36,36,36,55,55,55],"floor_reached":16,"playtime":478,"items_purged":[],"score":234,"play_id":"b8560240-4820-45b5-a36d-e7304be6eedf","local_time":"20190725222247","is_ascension_mode":true,"campfire_choices":[{"data":"Skewer","floor":6,"key":"SMITH"},{"data":"1","floor":12,"key":"LIFT"},{"data":"Neutralize","floor":15,"key":"SMITH"}],"neow_cost":"NONE","seed_source_timestamp":85681333559600,"circlet_count":0,"master_deck":["AscendersBane","Strike_G+1","Strike_G","Strike_G","Strike_G","Strike_G","Defend_G","Defend_G","Defend_G","Defend_G","Defend_G","Survivor+1","Neutralize+1","Backflip","Skewer+1","Choke","Venomology","Deflect","Leg Sweep"],"relics":["Ring of the Snake","NeowsBlessing","Golden Idol","Girya","Omamori","PreservedInsect","PrismaticShard"],"potions_floor_usage":[14,16,16],"damage_taken":[{"damage":0,"enemies":"Jaw Worm","floor":1,"turns":1},{"damage":0,"enemies":"Small Slimes","floor":5,"turns":1},{"damage":0,"enemies":"Lagavulin","floor":7,"turns":1},{"damage":8,"enemies":"2 Louse","floor":10,"turns":2},{"damage":0,"enemies":"Exordium Thugs","floor":14,"turns":5},{"damage":51,"enemies":"Slime Boss","floor":16,"turns":8}],"seed_played":"2124796329791203018","potions_obtained":[{"floor":14,"key":"Strength Potion"}],"is_trial":false,"path_per_floor":["M","?","?","T","M","R","E","?","T","M","$","R","?","M","R","B"],"character_chosen":"THE_SILENT","items_purchased":["PrismaticShard","Deflect"],"campfire_rested":0,"item_purchase_floors":[11,11],"current_hp_per_floor":[59,48,48,48,48,48,48,30,30,22,22,22,42,42,42,0],"gold":55,"neow_bonus":"THREE_ENEMY_KILL","is_prod":false,"is_daily":false,"chose_seed":false,"campfire_upgraded":2,"win_rate":0,"timestamp":1564086167,"path_taken":["M","?","?","?","?","R","E","?","T","M","$","R","?","M","R","BOSS"],"build_version":"2019-07-17","purchased_purges":0,"victory":false,"max_hp_per_floor":[66,66,60,60,60,60,60,60,60,60,60,60,60,60,60,60],"card_choices":[{"not_picked":["Blade Dance","Escape Plan"],"picked":"Backflip","floor":1},{"not_picked":["Caltrops","Prepared"],"picked":"Skewer","floor":5},{"not_picked":["Cloak And Dagger","Underhanded Strike"],"picked":"Choke","floor":7},{"not_picked":["Sucker Punch","Acrobatics"],"picked":"Venomology","floor":10},{"not_picked":["Accuracy","Blade Dance"],"picked":"Leg Sweep","floor":14}],"player_experience":1758248,"relics_obtained":[{"floor":4,"key":"Girya"},{"floor":7,"key":"Omamori"},{"floor":9,"key":"PreservedInsect"}],"event_choices":[{"damage_healed":0,"gold_gain":75,"player_choice":"Gather Gold","damage_taken":11,"max_hp_gain":0,"max_hp_loss":0,"event_name":"World of Goop","floor":2,"gold_loss":0},{"damage_healed":0,"gold_gain":0,"player_choice":"Lose Max HP","damage_taken":0,"relics_obtained":["Golden Idol"],"max_hp_gain":0,"max_hp_loss":6,"event_name":"Golden Idol","floor":3,"gold_loss":0},{"damage_healed":0,"gold_gain":0,"player_choice":"Entered Light","damage_taken":18,"max_hp_gain":0,"max_hp_loss":0,"event_name":"Shining Light","floor":8,"gold_loss":0,"cards_upgraded":["Survivor","Strike_G"]},{"damage_healed":20,"gold_gain":0,"player_choice":"Banana","damage_taken":0,"max_hp_gain":0,"max_hp_loss":0,"event_name":"Big Fish","floor":13,"gold_loss":0}],"is_beta":false,"boss_relics":[],"items_purged_floors":[],"is_endless":false,"potions_floor_spawned":[14],"killed_by":"Slime Boss","ascension_level":18}