{"gold_per_floor":[112,262,69,69,84,84,113,127,127,127,141,91,91,126,126,202,202,214,228,228,47,67,84,84,84,138,138,149,24,34,34,34,109,109,124,149,165,165,165,165],"floor_reached":40,"playtime":1654,"items_purged":["Doubt","Regret","Shame"],"score":813,"play_id":"3e08fe52-970b-4a4e-8cd2-6b5298eb9870","local_time":"20190313214724","is_ascension_mode":true,"campfire_choices":[{"data":"Bash","floor":6.0,"key":"SMITH"},{"data":"Rage","floor":10.0,"key":"SMITH"},{"floor":15.0,"key":"REST"},{"floor":27.0,"key":"REST"},{"data":"Limit Break","floor":32.0,"key":"SMITH"}],"neow_cost":"NONE","seed_source_timestamp":2193845646706508,"circlet_count":0,"master_deck":["AscendersBane","Defend_R","Defend_R","Defend_R","Defend_R","Bash+1","Clothesline","Feel No Pain","Burning Pact","Spot Weakness","Rage+1","Clothesline","Demon Form","True Grit","Battle Trance","Reaper","Limit Break+1","Sword Boomerang","Shrug It Off","Shrug It Off","Havoc","Inflame","Dropkick","Bite","Bite","Bite","Bite","Bite","Sentinel","Shockwave","Reaper","Uppercut+1","Iron Wave","Magnetism"],"special_seed":0,"relics":["Burning Blood","Red Skull","Question Card","Lantern","Mango","Mercury Hourglass","Sozu","Darkstone Periapt","Bag of Marbles","PreservedInsect","Snecko Eye"],"potions_floor_usage":[40],"damage_taken":[{"damage":14.0,"enemies":"Jaw Worm","floor":1.0,"turns":4.0},{"damage":4.0,"enemies":"2 Louse","floor":5.0,"turns":4.0},{"damage":40.0,"enemies":"3 Sentries","floor":7.0,"turns":8.0},{"damage":3.0,"enemies":"Cultist","floor":8.0,"turns":3.0},{"damage":5.0,"enemies":"Blue Slaver","floor":11.0,"turns":4.0},{"damage":42.0,"enemies":"Gremlin Nob","floor":14.0,"turns":5.0},{"damage":22.0,"enemies":"Slime Boss","floor":16.0,"turns":8.0},{"damage":18.0,"enemies":"Chosen","floor":18.0,"turns":6.0},{"damage":39.0,"enemies":"Shell Parasite","floor":19.0,"turns":5.0},{"damage":34.0,"enemies":"Shelled Parasite and Fungi","floor":22.0,"turns":4.0},{"damage":10.0,"enemies":"Centurion and Healer","floor":23.0,"turns":5.0},{"damage":18.0,"enemies":"Snake Plant","floor":28.0,"turns":5.0},{"damage":28.0,"enemies":"Shelled Parasite and Fungi","floor":30.0,"turns":5.0},{"damage":38.0,"enemies":"Champ","floor":33.0,"turns":8.0},{"damage":24.0,"enemies":"3 Shapes","floor":35.0,"turns":4.0},{"damage":48.0,"enemies":"3 Darklings","floor":37.0,"turns":5.0},{"damage":93,"enemies":"Reptomancer","floor":40,"turns":3}],"seed_played":"-5315628699300954056","potions_obtained":[{"floor":5.0,"key":"BloodPotion"},{"floor":8.0,"key":"LiquidBronze"},{"floor":14.0,"key":"AttackPotion"}],"is_trial":false,"path_per_floor":["M","?","$","?","M","R","E","M","T","R","M","$","?","E","R","B",null,"M","M","T","$","M","M","?","?","T","R","M","$","M","$","R","B",null,"M","T","M","?","?","E"],"character_chosen":"IRONCLAD","items_purchased":["Feel No Pain","Burning Pact","True Grit","Shrug It Off","Havoc"],"campfire_rested":2,"item_purchase_floors":[3,3,12,21,21],"current_hp_per_floor":[60,60,60,60,62,62,28,31,45,45,46,46,46,18,44,41,77,65,32,32,32,11,27,33,33,33,52,48,48,38,38,38,22,55,66,66,53,53,53,0],"gold":165,"neow_bonus":"RANDOM_COMMON_RELIC","is_prod":false,"is_daily":false,"chose_seed":false,"campfire_upgraded":3,"win_rate":0,"timestamp":1552510044,"path_taken":["M","?","$","?","M","R","E","M","T","R","M","?","?","E","R","BOSS","M","M","?","$","M","M","?","?","T","R","?","$","M","?","R","BOSS","M","?","M","?","?","E"],"build_version":"2019-01-23","purchased_purges":3,"victory":false,"max_hp_per_floor":[75,75,75,75,75,75,75,75,89,89,89,89,89,89,89,89,89,89,89,89,89,89,89,95,66,66,66,66,66,66,66,66,66,66,66,66,66,66,66,66],"card_choices":[{"not_picked":["True Grit","Heavy Blade"],"picked":"Clothesline","floor":1.0},{"not_picked":["Warcry","Heavy Blade","Fire Breathing"],"picked":"Spot Weakness","floor":5.0},{"not_picked":["Second Wind","Warcry","Flex"],"picked":"Rage","floor":7.0},{"not_picked":["Warcry","Rampage","Body Slam"],"picked":"Clothesline","floor":8.0},{"not_picked":["Twin Strike","Headbutt","Anger"],"picked":"Demon Form","floor":11.0},{"not_picked":["Blood for Blood","Armaments","Bloodletting"],"picked":"Reaper","floor":14.0},{"not_picked":["Berserk","Exhume","Reaper"],"picked":"Limit Break","floor":16.0},{"not_picked":["Dropkick","Hemokinesis","Fire Breathing"],"picked":"Sword Boomerang","floor":18.0},{"not_picked":["Thunderclap","Seeing Red","Perfected Strike"],"picked":"Shrug It Off","floor":19.0},{"not_picked":["Pommel Strike","Infernal Blade","Shockwave"],"picked":"Inflame","floor":22.0},{"not_picked":["Heavy Blade","Flex","Armaments"],"picked":"Dropkick","floor":23.0},{"not_picked":["Headbutt","Cleave","Burning Pact"],"picked":"Sentinel","floor":28.0},{"not_picked":["Metallicize","Flex","Disarm"],"picked":"Shockwave","floor":30.0},{"not_picked":["Juggernaut","Limit Break","Dark Embrace"],"picked":"Reaper","floor":33.0},{"not_picked":["Armaments","Dropkick","Pommel Strike"],"picked":"Uppercut+1","floor":35.0},{"not_picked":["Cleave","Carnage+1","Rampage"],"picked":"Iron Wave","floor":37.0},{"not_picked":["Flash of Steel","Impatience","Swift Strike"],"picked":"Magnetism","floor":39.0}],"player_experience":698705,"relics_obtained":[{"floor":7.0,"key":"Lantern"},{"floor":9.0,"key":"Mango"},{"floor":14.0,"key":"Mercury Hourglass"},{"floor":20.0,"key":"Darkstone Periapt"},{"floor":26.0,"key":"PreservedInsect"}],"event_choices":[{"damage_healed":0.0,"max_hp_gain":0.0,"max_hp_loss":0.0,"gold_gain":150.0,"event_name":"Liars Game","player_choice":"AGREE","floor":2.0,"gold_loss":0.0,"damage_taken":0.0,"cards_obtained":["Doubt"]},{"damage_healed":0.0,"max_hp_gain":0.0,"max_hp_loss":0.0,"gold_gain":0.0,"event_name":"Big Fish","player_choice":"Box","floor":4.0,"gold_loss":0.0,"damage_taken":0.0,"relics_obtained":["Question Card"],"cards_obtained":["Regret"]},{"damage_healed":0.0,"max_hp_gain":0.0,"max_hp_loss":0.0,"gold_gain":0.0,"event_name":"Match and Keep!","player_choice":"1 cards matched","floor":13.0,"gold_loss":0.0,"damage_taken":0.0,"cards_obtained":["Battle Trance"]},{"damage_healed":0.0,"max_hp_gain":0.0,"max_hp_loss":0.0,"gold_gain":0.0,"event_name":"Addict","player_choice":"Stole Relic","floor":24.0,"gold_loss":0.0,"damage_taken":0.0,"relics_obtained":["Bag of Marbles"],"cards_obtained":["Shame"]},{"damage_healed":0.0,"max_hp_gain":0.0,"max_hp_loss":29.0,"gold_gain":0.0,"event_name":"Vampires","player_choice":"Became a vampire","floor":25.0,"gold_loss":0.0,"damage_taken":0.0,"cards_obtained":["Bite","Bite","Bite","Bite","Bite"]},{"damage_healed":0.0,"max_hp_gain":0.0,"max_hp_loss":0.0,"gold_gain":0.0,"event_name":"Mysterious Sphere","player_choice":"Ignored","floor":38.0,"gold_loss":0.0,"damage_taken":0.0},{"damage_healed":0.0,"max_hp_gain":0.0,"max_hp_loss":0.0,"gold_gain":0.0,"event_name":"SensoryStone","player_choice":"Memory 1","floor":39.0,"gold_loss":0.0,"damage_taken":0.0}],"is_beta":false,"boss_relics":[{"not_picked":["Black Blood","Runic Dome"],"picked":"Sozu"},{"not_picked":["White Beast Statue","Eternal Feather"],"picked":"Snecko Eye"}],"items_purged_floors":[3,21,29],"is_endless":false,"potions_floor_spawned":[5,8,14,18,19,30,35],"killed_by":"Reptomancer","ascension_level":20}