{"gold_per_floor":[115,12,12,30,30,64,64,99,122,147,159,159,190,190,190,267,267,287,287,304,318,336,336,349,80,110,142,154,168,168,193,193,267,267,278,331,344,81,128,128,128,141,141,166,185,185,185,215,227,239,251],"floor_reached":51,"playtime":2996,"items_purged":["Strike_B","Strike_B","Sweeping Beam"],"score":1496,"play_id":"4130e6f9-b3b8-42e4-a005-9c3b7c9d257a","local_time":"20190630143321","is_ascension_mode":true,"campfire_choices":[{"data":"Genetic Algorithm","floor":7.0,"key":"SMITH"},{"floor":12.0,"key":"REST"},{"data":"Steam","floor":15.0,"key":"SMITH"},{"data":"Reboot","floor":23.0,"key":"SMITH"},{"data":"Coolheaded","floor":30,"key":"SMITH"},{"floor":32,"key":"REST"},{"floor":40,"key":"REST"},{"floor":46,"key":"REST"},{"floor":49,"key":"REST"}],"neow_cost":"NONE","seed_source_timestamp":1451107451838147,"circlet_count":0,"master_deck":["AscendersBane","Strike_B+1","Defend_B","Defend_B","Defend_B","Defend_B","Ball Lightning","Streamline+1","Genetic Algorithm+1","Go for the Eyes","Reboot+1","Undo","Self Repair","Steam+1","Core Surge","Coolheaded+1","Electrodynamics","Double Energy+1","Cold Snap+1","Echo Form","Double Energy+1","Recycle+1","Hello World+1","Barrage+1","Capacitor","Cold Snap","Steam+1","All For One"],"special_seed":0,"relics":["Cracked Core","NeowsBlessing","Whetstone","Anchor","Bag of Marbles","StoneCalendar","Potion Belt","Kunai","Busted Crown","Tiny Chest","Bottled Tornado","Pantograph","Astrolabe","Strawberry","Torii","Pear","Blood Vial","Bottled Flame","MawBank"],"potions_floor_usage":[33,33,39,50],"damage_taken":[{"damage":0.0,"enemies":"2 Louse","floor":1.0,"turns":1.0},{"damage":0.0,"enemies":"Cultist","floor":4.0,"turns":1.0},{"damage":0.0,"enemies":"Lagavulin","floor":6.0,"turns":1.0},{"damage":34.0,"enemies":"3 Sentries","floor":8.0,"turns":5.0},{"damage":21.0,"enemies":"Lagavulin","floor":10.0,"turns":4.0},{"damage":0.0,"enemies":"Jaw Worm","floor":11.0,"turns":2.0},{"damage":17.0,"enemies":"3 Sentries","floor":13.0,"turns":7.0},{"damage":12.0,"enemies":"Hexaghost","floor":16.0,"turns":8.0},{"damage":18.0,"enemies":"3 Byrds","floor":18.0,"turns":5.0},{"damage":4.0,"enemies":"Shell Parasite","floor":20.0,"turns":6.0},{"damage":0.0,"enemies":"Centurion and Healer","floor":21.0,"turns":7.0},{"damage":0.0,"enemies":"Snake Plant","floor":22.0,"turns":5.0},{"damage":11.0,"enemies":"3 Cultists","floor":24.0,"turns":5.0},{"damage":6.0,"enemies":"Gremlin Leader","floor":27.0,"turns":7.0},{"damage":0.0,"enemies":"Centurion and Healer","floor":28.0,"turns":4.0},{"damage":7,"enemies":"Snake Plant","floor":29,"turns":3},{"damage":20,"enemies":"Slavers","floor":31,"turns":4},{"damage":39,"enemies":"Collector","floor":33,"turns":9},{"damage":0,"enemies":"3 Shapes","floor":35,"turns":3},{"damage":23,"enemies":"3 Darklings","floor":37,"turns":5},{"damage":23,"enemies":"2 Orb Walkers","floor":39,"turns":5},{"damage":18,"enemies":"Sphere and 2 Shapes","floor":42,"turns":5},{"damage":1,"enemies":"Giant Head","floor":44,"turns":8},{"damage":24,"enemies":"Transient","floor":45,"turns":6},{"damage":50,"enemies":"Reptomancer","floor":48,"turns":7},{"damage":75,"enemies":"Time Eater","floor":50,"turns":12},{"damage":58,"enemies":"Donu and Deca","floor":51,"turns":7}],"seed_played":"-7834630465172791100","potions_obtained":[{"floor":3.0,"key":"Strength Potion"},{"floor":3.0,"key":"Strength Potion"},{"floor":11.0,"key":"LiquidBronze"},{"floor":16.0,"key":"Regen Potion"},{"floor":20.0,"key":"LiquidBronze"},{"floor":21.0,"key":"SkillPotion"},{"floor":24.0,"key":"FairyPotion"},{"floor":31,"key":"Fire Potion"},{"floor":35,"key":"Swift Potion"},{"floor":44,"key":"SkillPotion"},{"floor":45,"key":"Ancient Potion"}],"is_trial":false,"path_per_floor":["M","$","?","M","$","E","R","E","T","E","M","R","E","T","R","B",null,"M","?","M","M","M","R","M","$","T","E","M","M","R","E","R","B",null,"M","T","M","$","?","R","T","M","T","E","M","R","?","E","R","B","B"],"character_chosen":"DEFECT","items_purchased":["Streamline","Electrodynamics","Capacitor","Cold Snap"],"campfire_rested":5,"item_purchase_floors":[2,25,38,38],"current_hp_per_floor":[64,64,64,64,64,64,64,30,30,9,9,30,20,20,20,15,57,46,36,39,46,53,53,49,49,49,50,57,57,57,37,58,48,65,71,78,62,62,46,69,79,68,68,76,61,87,84,41,66,16,0],"gold":251,"neow_bonus":"THREE_ENEMY_KILL","is_prod":false,"is_daily":false,"chose_seed":false,"campfire_upgraded":4,"win_rate":0,"timestamp":1561898001,"path_taken":["M","$","?","M","?","E","R","E","T","E","M","R","E","?","R","BOSS","M","?","M","?","M","R","?","?","T","E","M","M","R","E","R","BOSS","M","?","?","$","?","R","?","M","T","E","?","R","?","E","R","BOSS","BOSS"],"build_version":"2019-01-23","purchased_purges":3,"victory":false,"max_hp_per_floor":[71,71,71,71,71,71,71,71,71,71,71,71,71,71,71,71,71,71,71,71,71,71,71,71,71,71,71,71,71,71,71,71,71,71,71,78,78,78,78,78,88,88,88,88,88,88,84,84,84,84,84],"card_choices":[{"not_picked":["White Noise","Coolheaded"],"picked":"Ball Lightning","floor":1.0},{"not_picked":["Redo","Undo"],"picked":"Genetic Algorithm","floor":4.0},{"not_picked":["Compile Driver","Coolheaded"],"picked":"Go for the Eyes","floor":6.0},{"not_picked":["Recycle","Chaos"],"picked":"Reboot","floor":8.0},{"not_picked":["Coolheaded","Gash"],"picked":"Undo","floor":10.0},{"not_picked":["Hologram","Genetic Algorithm"],"picked":"Self Repair","floor":11.0},{"not_picked":["Auto Shields","Turbo"],"picked":"Steam","floor":13.0},{"not_picked":["Buffer","Multi-Cast"],"picked":"Core Surge","floor":16.0},{"not_picked":["Loop"],"picked":"SKIP","floor":18.0},{"not_picked":[],"picked":"Sweeping Beam","floor":20.0},{"not_picked":[],"picked":"Coolheaded","floor":21.0},{"not_picked":["Loop"],"picked":"SKIP","floor":22.0},{"not_picked":["Tempest"],"picked":"SKIP","floor":24.0},{"not_picked":[],"picked":"Double Energy+1","floor":27.0},{"not_picked":[],"picked":"Cold Snap+1","floor":28.0},{"not_picked":["Hologram"],"picked":"SKIP","floor":29},{"not_picked":["Force Field+1"],"picked":"SKIP","floor":31},{"not_picked":[],"picked":"Echo Form","floor":33},{"not_picked":["Sweeping Beam"],"picked":"SKIP","floor":35},{"not_picked":[],"picked":"Barrage+1","floor":37},{"not_picked":[],"picked":"Steam+1","floor":39},{"not_picked":["Redo"],"picked":"SKIP","floor":42},{"not_picked":["Darkness"],"picked":"SKIP","floor":44},{"not_picked":["Leap"],"picked":"SKIP","floor":45},{"not_picked":[],"picked":"All For One","floor":48}],"player_experience":858504,"relics_obtained":[{"floor":6.0,"key":"Whetstone"},{"floor":8.0,"key":"Anchor"},{"floor":9.0,"key":"Bag of Marbles"},{"floor":10.0,"key":"StoneCalendar"},{"floor":13.0,"key":"Potion Belt"},{"floor":14.0,"key":"Kunai"},{"floor":26.0,"key":"Tiny Chest"},{"floor":27.0,"key":"Bottled Tornado"},{"floor":31,"key":"Pantograph"},{"floor":36,"key":"Strawberry"},{"floor":39,"key":"Torii"},{"floor":41,"key":"Pear"},{"floor":43,"key":"Blood Vial"},{"floor":44,"key":"Bottled Flame"},{"floor":48,"key":"MawBank"}],"event_choices":[{"damage_healed":0.0,"max_hp_gain":0.0,"max_hp_loss":0.0,"gold_gain":0.0,"event_name":"Lab","player_choice":"Got Potions","floor":3.0,"gold_loss":0.0,"damage_taken":0.0},{"damage_healed":0.0,"max_hp_gain":0.0,"max_hp_loss":0.0,"gold_gain":0.0,"event_name":"Wheel of Change","player_choice":"Damaged","floor":19.0,"gold_loss":0.0,"damage_taken":10.0},{"damage_healed":0,"gold_gain":0,"player_choice":"Fight","damage_taken":0,"max_hp_gain":0,"max_hp_loss":0,"event_name":"Mysterious Sphere","floor":39,"gold_loss":0},{"damage_healed":0,"gold_gain":0,"player_choice":"Max HP","damage_taken":0,"max_hp_gain":0,"max_hp_loss":4,"event_name":"Winding Halls","floor":47,"gold_loss":0}],"is_beta":false,"boss_relics":[{"not_picked":["Empty Cage","Orrery"],"picked":"Busted Crown"},{"not_picked":["Velvet Choker","Lizard Tail"],"picked":"Astrolabe"}],"items_purged_floors":[2,25,38],"is_endless":false,"potions_floor_spawned":[4,11,16,20,21,24,27,31,35,44,45,48],"killed_by":"Donu and Deca","ascension_level":20}