{"gold_per_floor":[18,18,18,34,44,44,61,61,132,132,132,7,7,22,22,99,99,116,116,116,135,154,154,186,186,213,246,261,284,284,302,302,302],"floor_reached":33,"playtime":1055,"items_purged":["Strike_R"],"score":454,"play_id":"868baae1-3437-4f91-914b-afdeb090b136","local_time":"20190306214038","is_ascension_mode":true,"campfire_choices":[{"data":"Immolate","floor":6,"key":"SMITH"},{"data":"Bash","floor":8,"key":"SMITH"},{"data":"Clothesline","floor":10,"key":"SMITH"},{"data":"Shockwave","floor":13,"key":"SMITH"},{"data":"Disarm","floor":15,"key":"SMITH"},{"data":"True Grit","floor":23,"key":"SMITH"},{"data":"Spot Weakness","floor":25,"key":"SMITH"},{"floor":30,"key":"REST"},{"data":"Heavy Blade","floor":32,"key":"SMITH"}],"neow_cost":"NO_GOLD","seed_source_timestamp":59846343014400,"circlet_count":0,"master_deck":["AscendersBane","Strike_R+1","Strike_R+1","Strike_R+1","Defend_R+1","Defend_R+1","Defend_R+1","Defend_R+1","Bash+1","Immolate+1","Anger","Clothesline+1","Disarm+1","Anger","Shockwave+1","Shrug It Off+1","Offering","Evolve","Spot Weakness+1","True Grit+1","Flame Barrier+1","Anger+1","Wild Strike+1","Heavy Blade+1"],"relics":["Burning Blood","Centennial Puzzle","Meat on the Bone","The Courier","Gambling Chip","Regal Pillow","War Paint","Blood Vial"],"potions_floor_usage":[16,21,27,27,33],"damage_taken":[{"damage":0,"enemies":"Small Slimes","floor":1,"turns":2},{"damage":4,"enemies":"Jaw Worm","floor":4,"turns":3},{"damage":0,"enemies":"2 Louse","floor":5,"turns":1},{"damage":5,"enemies":"2 Fungi Beasts","floor":7,"turns":2},{"damage":5,"enemies":"Gremlin Gang","floor":14,"turns":2},{"damage":15,"enemies":"Hexaghost","floor":16,"turns":9},{"damage":6,"enemies":"3 Byrds","floor":18,"turns":3},{"damage":31,"enemies":"2 Thieves","floor":21,"turns":4},{"damage":25,"enemies":"Snake Plant","floor":22,"turns":4},{"damage":19,"enemies":"Book of Stabbing","floor":24,"turns":5},{"damage":25,"enemies":"Slavers","floor":27,"turns":2},{"damage":12,"enemies":"Cultist and Chosen","floor":28,"turns":3},{"damage":6,"enemies":"Centurion and Healer","floor":31,"turns":4},{"damage":93,"enemies":"Champ","floor":33,"turns":12}],"seed_played":"-5186351632813160495","potions_obtained":[{"floor":7,"key":"LiquidBronze"},{"floor":16,"key":"SteroidPotion"},{"floor":22,"key":"GamblersBrew"},{"floor":24,"key":"Fire Potion"},{"floor":31,"key":"Swift Potion"}],"is_trial":false,"path_per_floor":["M","?","T","M","M","R","M","R","T","R","?","$","R","M","R","B",null,"M","?","?","M","M","R","E","R","T","E","M","T","R","M","R","B"],"character_chosen":"IRONCLAD","items_purchased":["Shockwave"],"campfire_rested":1,"item_purchase_floors":[12],"current_hp_per_floor":[78,71,71,73,79,79,80,80,80,80,85,85,85,85,85,76,83,83,83,83,58,51,51,50,50,50,43,49,49,85,85,85,0],"gold":302,"neow_bonus":"THREE_RARE_CARDS","is_prod":false,"is_daily":false,"chose_seed":false,"campfire_upgraded":8,"win_rate":0,"timestamp":1551904838,"path_taken":["M","?","?","M","M","R","M","R","T","R","?","$","R","M","R","BOSS","M","?","?","?","M","R","E","R","T","E","M","?","R","?","R","BOSS"],"build_version":"2019-01-23","purchased_purges":1,"victory":false,"max_hp_per_floor":[80,80,80,80,80,80,80,80,80,80,85,85,85,85,85,85,85,85,85,85,85,85,85,85,85,85,85,85,85,85,85,85,85],"card_choices":[{"not_picked":["Demon Form","Limit Break"],"picked":"Immolate","floor":0},{"not_picked":["Pommel Strike","Clothesline"],"picked":"Anger","floor":1},{"not_picked":["Infernal Blade","Sever Soul"],"picked":"Clothesline","floor":4},{"not_picked":["Warcry","Flex"],"picked":"Disarm","floor":5},{"not_picked":["Feed","Havoc"],"picked":"Anger","floor":7},{"not_picked":["Sword Boomerang","Clash"],"picked":"Shrug It Off","floor":14},{"not_picked":["Brutality","Dark Embrace"],"picked":"Offering","floor":16},{"not_picked":["Intimidate","Entrench"],"picked":"Evolve","floor":18},{"not_picked":["Body Slam","Rage"],"picked":"Spot Weakness","floor":21},{"not_picked":["Sword Boomerang","Heavy Blade"],"picked":"True Grit","floor":22},{"not_picked":["Carnage+1","Body Slam+1"],"picked":"Flame Barrier","floor":24},{"not_picked":["Combust","Flame Barrier"],"picked":"Anger+1","floor":27},{"not_picked":["Combust","Flex"],"picked":"Wild Strike+1","floor":28},{"not_picked":["Clash","Anger"],"picked":"Heavy Blade","floor":31}],"player_experience":953549,"relics_obtained":[{"floor":3,"key":"Meat on the Bone"},{"floor":9,"key":"The Courier"},{"floor":24,"key":"Gambling Chip"},{"floor":26,"key":"Regal Pillow"},{"floor":27,"key":"War Paint"},{"floor":29,"key":"Blood Vial"}],"event_choices":[{"damage_healed":0,"gold_gain":0,"player_choice":"Success","damage_taken":7,"relics_obtained":["Centennial Puzzle"],"max_hp_gain":0,"max_hp_loss":0,"event_name":"Scrap Ooze","floor":2,"gold_loss":0},{"damage_healed":0,"gold_gain":0,"player_choice":"Donut","damage_taken":0,"max_hp_gain":5,"max_hp_loss":0,"event_name":"Big Fish","floor":11,"gold_loss":0},{"damage_healed":0,"gold_gain":0,"player_choice":"Simplicity","damage_taken":0,"max_hp_gain":0,"max_hp_loss":0,"event_name":"Back to Basics","floor":19,"gold_loss":0,"cards_upgraded":["Strike_R","Strike_R","Strike_R","Strike_R","Defend_R","Defend_R","Defend_R","Defend_R"]},{"cards_removed":["Strike_R"],"damage_healed":0,"gold_gain":0,"player_choice":"Purged","damage_taken":0,"max_hp_gain":0,"max_hp_loss":0,"event_name":"Purifier","floor":20,"gold_loss":0}],"is_beta":false,"boss_relics":[{"not_picked":["Fusion Hammer","Runic Dome","Calling Bell"]}],"items_purged_floors":[12],"is_endless":false,"potions_floor_spawned":[7,16,22,24,31],"killed_by":"Champ","ascension_level":13}