{"gold_per_floor":[110,185,201,218,218,218,246,246,246,246,266,266,294,312,312,415,415,431,20,40,40,40,40,65,65],"floor_reached":25,"playtime":754,"items_purged":["Strike_G"],"score":366,"play_id":"dfb093f6-3ab2-4a1d-bc94-7acdc489c791","local_time":"20190225174834","is_ascension_mode":true,"campfire_choices":[{"data":"Neutralize","floor":6.0,"key":"SMITH"},{"data":"Glass Knife","floor":8,"key":"SMITH"},{"data":"Finisher","floor":12,"key":"SMITH"},{"floor":15,"key":"REST"},{"data":"Envenom","floor":23,"key":"SMITH"}],"neow_cost":"NONE","seed_source_timestamp":482619903963900,"circlet_count":0,"master_deck":["AscendersBane","Defend_G","Defend_G","Defend_G","Defend_G","Defend_G","Strike_G","Strike_G","Strike_G","Strike_G","Survivor","Neutralize+1","Deflect","Blur","Dagger Spray","Finisher+1","Skewer+1","Glass Knife+1","Dash+1","Backstab","Flying Knee","Sucker Punch","Envenom+1","After Image","Stack"],"special_seed":0,"relics":["Orrery","Bottled Flame","Pantograph","Singing Bowl","Busted Crown","PrismaticShard","Kunai"],"potions_floor_usage":[16,16,18,20],"damage_taken":[{"damage":2.0,"enemies":"Jaw Worm","floor":1.0,"turns":5.0},{"damage":0.0,"enemies":"Cultist","floor":3.0,"turns":4.0},{"damage":0.0,"enemies":"Small Slimes","floor":4.0,"turns":3.0},{"damage":8.0,"enemies":"Gremlin Nob","floor":7.0,"turns":4.0},{"damage":11,"enemies":"Exordium Thugs","floor":11,"turns":4},{"damage":9,"enemies":"Lagavulin","floor":13,"turns":6},{"damage":9,"enemies":"Red Slaver","floor":14,"turns":2},{"damage":26,"enemies":"The Guardian","floor":16,"turns":9},{"damage":1,"enemies":"Spheric Guardian","floor":18,"turns":3},{"damage":0,"enemies":"Shell Parasite","floor":20,"turns":4},{"damage":54,"enemies":"Book of Stabbing","floor":24,"turns":7},{"damage":9,"enemies":"Snake Plant","floor":25,"turns":2}],"seed_played":"-4582669835420337280","potions_obtained":[{"floor":13,"key":"LiquidBronze"},{"floor":14,"key":"Swift Potion"},{"floor":16,"key":"GamblersBrew"},{"floor":18,"key":"AttackPotion"}],"is_trial":false,"path_per_floor":["M","?","M","M","?","R","E","R","T","?","M","R","E","M","R","B",null,"M","$","M","$","?","R","E","M"],"character_chosen":"THE_SILENT","items_purchased":["After Image","PrismaticShard"],"campfire_rested":1,"item_purchase_floors":[19,19],"current_hp_per_floor":[61,54,54,54,54,54,46,46,46,46,35,35,28,19,40,39,64,65,65,67,67,60,60,6,0],"gold":65,"neow_bonus":"BOSS_RELIC","is_prod":false,"is_daily":false,"chose_seed":false,"campfire_upgraded":4,"win_rate":0,"timestamp":1551113314,"path_taken":["M","?","?","M","?","R","E","R","T","?","?","R","E","M","R","BOSS","M","$","M","?","?","R","E","?"],"build_version":"2019-01-23","purchased_purges":1,"victory":false,"max_hp_per_floor":[70,70,70,70,70,70,70,70,70,70,70,70,72,72,72,72,72,74,74,76,76,76,76,76,76],"card_choices":[{"not_picked":["Dagger Throw","Dodge and Roll"],"picked":"Deflect","floor":0.0},{"not_picked":["Backflip","Terror"],"picked":"Blur","floor":0.0},{"not_picked":["Setup","Quick Slash"],"picked":"Dagger Spray","floor":0.0},{"not_picked":["Calculated Gamble","Blade Dance"],"picked":"Finisher","floor":0.0},{"not_picked":["Blur","All Out Attack"],"picked":"Skewer","floor":0.0},{"not_picked":["Underhanded Strike","Blade Dance"],"picked":"Glass Knife","floor":1.0},{"not_picked":["Bane","Flying Knee"],"picked":"Dash","floor":3.0},{"not_picked":["Dagger Throw","Terror"],"picked":"Backstab","floor":4.0},{"not_picked":["PiercingWail","Slice"],"picked":"Flying Knee","floor":7},{"not_picked":["Bane","Reflex","Skewer"],"picked":"SKIP","floor":11},{"not_picked":["Bane","Outmaneuver","Blur"],"picked":"Singing Bowl","floor":13},{"not_picked":["Dagger Throw","Flechettes"],"picked":"Sucker Punch","floor":14},{"not_picked":["Unload","Wraith Form v2"],"picked":"Envenom","floor":16},{"not_picked":["Poisoned Stab"],"picked":"Singing Bowl","floor":18},{"not_picked":["Skewer+1"],"picked":"Singing Bowl","floor":20},{"not_picked":[],"picked":"Stack","floor":24}],"player_experience":853098,"relics_obtained":[{"floor":7,"key":"Bottled Flame"},{"floor":9,"key":"Pantograph"},{"floor":13,"key":"Singing Bowl"},{"floor":24,"key":"Kunai"}],"event_choices":[{"damage_healed":0.0,"max_hp_gain":0.0,"max_hp_loss":0.0,"gold_gain":75.0,"event_name":"FaceTrader","player_choice":"Touch","floor":2.0,"gold_loss":0.0,"damage_taken":7.0},{"damage_healed":0.0,"max_hp_gain":0.0,"max_hp_loss":0.0,"gold_gain":0.0,"event_name":"Living Wall","player_choice":"Grow","floor":5.0,"gold_loss":0.0,"damage_taken":0.0,"cards_upgraded":["Skewer"]},{"damage_healed":0,"gold_gain":0,"player_choice":"Upgraded","damage_taken":0,"max_hp_gain":0,"max_hp_loss":0,"event_name":"Upgrade Shrine","floor":10,"gold_loss":0,"cards_upgraded":["Dash"]},{"damage_healed":0,"gold_gain":0,"player_choice":"","damage_taken":7,"max_hp_gain":0,"max_hp_loss":0,"event_name":"Knowing Skull","floor":22,"potions_obtained":[],"gold_loss":0,"cards_obtained":[]}],"is_beta":false,"boss_relics":[{"not_picked":["Lizard Tail","Coffee Dripper"],"picked":"Busted Crown"}],"items_purged_floors":[19],"is_endless":false,"potions_floor_spawned":[13,14,16,18],"killed_by":"Snake Plant","ascension_level":12}