{"gold_per_floor":[109,34,109,119,24,55,55,84,84,119,137,137,137,165,165,239,239,253,168,182,107,157,157,177,191,191,66,77,77,104,104,104,182,182,196,213,213,262,262,262,32,44,95,95,95,195,213,228,228,228,228],"floor_reached":51,"playtime":2604,"items_purged":["Strike_R","Strike_R"],"score":1357,"play_id":"952c40e5-2e65-45cc-a2ac-f191905d72cc","local_time":"20190530213152","is_ascension_mode":true,"campfire_choices":[{"data":"Uppercut","floor":7,"key":"SMITH"},{"data":"Disarm","floor":13,"key":"SMITH"},{"data":"Carnage","floor":15,"key":"SMITH"},{"data":"Whirlwind","floor":23,"key":"SMITH"},{"data":"Sword Boomerang","floor":29,"key":"SMITH"},{"floor":32,"key":"REST"},{"data":"1","floor":40,"key":"LIFT"},{"data":"2","floor":45,"key":"LIFT"},{"data":"Heavy Blade","floor":49,"key":"SMITH"}],"neow_cost":"NONE","seed_source_timestamp":77709394104126,"circlet_count":0,"master_deck":["AscendersBane","Strike_R","Strike_R+1","Defend_R","Defend_R","Defend_R","Defend_R","Bash+1","Shrug It Off","Clothesline","Uppercut+1","Carnage+1","Sword Boomerang+1","Disarm+1","Whirlwind+1","Flame Barrier","Shrug It Off","Impervious","Heavy Blade+1","Anger+1"],"relics":["Burning Blood","NeowsBlessing","Singing Bowl","Shuriken","Pantograph","Red Skull","Letter Opener","Velvet Choker","Nunchaku","Blue Candle","Bag of Marbles","Nilry\u0027s Codex","Busted Crown","Girya","Vajra","Whetstone","Prayer Wheel"],"potions_floor_usage":[8,10,16,30,33,46,47,50,50],"damage_taken":[{"damage":0,"enemies":"Small Slimes","floor":1,"turns":1},{"damage":0,"enemies":"2 Louse","floor":4,"turns":1},{"damage":0,"enemies":"Gremlin Nob","floor":6,"turns":1},{"damage":27,"enemies":"Lagavulin","floor":8,"turns":6},{"damage":30,"enemies":"3 Sentries","floor":10,"turns":8},{"damage":0,"enemies":"Jaw Worm","floor":11,"turns":3},{"damage":30,"enemies":"Lagavulin","floor":14,"turns":5},{"damage":34,"enemies":"Hexaghost","floor":16,"turns":11},{"damage":29,"enemies":"3 Byrds","floor":18,"turns":7},{"damage":16,"enemies":"Shell Parasite","floor":20,"turns":5},{"damage":15,"enemies":"Snake Plant","floor":24,"turns":3},{"damage":9,"enemies":"Cultist and Chosen","floor":25,"turns":5},{"damage":7,"enemies":"Chosen and Byrds","floor":28,"turns":5},{"damage":6,"enemies":"Book of Stabbing","floor":30,"turns":4},{"damage":70,"enemies":"Champ","floor":33,"turns":10},{"damage":10,"enemies":"Orb Walker","floor":35,"turns":3},{"damage":12,"enemies":"3 Darklings","floor":36,"turns":5},{"damage":59,"enemies":"2 Orb Walkers","floor":38,"turns":5},{"damage":0,"enemies":"Sphere and 2 Shapes","floor":42,"turns":5},{"damage":0,"enemies":"Mind Bloom Boss Battle","floor":46,"turns":7},{"damage":2,"enemies":"Maw","floor":47,"turns":5},{"damage":0,"enemies":"Jaw Worm Horde","floor":48,"turns":1},{"damage":56,"enemies":"Awakened One","floor":50,"turns":9},{"damage":82,"enemies":"Donu and Deca","floor":51,"turns":6}],"seed_played":"-4052576797773209327","potions_obtained":[{"floor":1,"key":"Block Potion"},{"floor":10,"key":"SpeedPotion"},{"floor":11,"key":"Energy Potion"},{"floor":18,"key":"PowerPotion"},{"floor":35,"key":"Explosive Potion"},{"floor":39,"key":"Explosive Potion"},{"floor":42,"key":"Regen Potion"},{"floor":46,"key":"Ancient Potion"},{"floor":47,"key":"SteroidPotion"}],"is_trial":false,"path_per_floor":["M","?","?","M","$","E","R","E","T","E","M","?","R","E","R","B",null,"M","?","M","$","?","R","M","M","T","$","M","R","E","?","R","B",null,"M","M","?","?","?","R","$","M","T","?","R","?","M","M","R","B","B"],"character_chosen":"IRONCLAD","items_purchased":["Uppercut","Explosive Potion","Shrug It Off","Vajra","Heavy Blade"],"campfire_rested":1,"item_purchase_floors":[5,5,27,41,41],"current_hp_per_floor":[74,74,63,69,69,75,75,54,54,32,38,43,43,19,19,16,66,59,59,51,51,51,51,42,46,46,46,50,50,50,29,56,19,74,72,71,71,20,20,20,20,28,28,28,28,61,81,91,91,53,0],"gold":228,"neow_bonus":"THREE_ENEMY_KILL","is_prod":false,"is_daily":false,"chose_seed":false,"campfire_upgraded":6,"win_rate":0,"timestamp":1559248312,"path_taken":["M","?","?","M","$","E","R","E","T","E","M","?","R","E","R","BOSS","M","?","M","$","?","R","M","M","T","?","M","R","E","?","R","BOSS","M","M","?","?","?","R","$","?","T","?","R","?","M","M","R","BOSS","BOSS"],"build_version":"2019-01-23","purchased_purges":2,"victory":false,"max_hp_per_floor":[75,75,75,75,75,75,75,75,75,77,77,82,82,82,82,82,82,84,84,86,86,86,86,86,88,88,88,90,90,90,90,90,92,92,94,96,96,98,98,98,98,100,100,95,95,97,99,103,103,103,103],"card_choices":[{"not_picked":["Burning Pact","Warcry"],"picked":"Shrug It Off","floor":1},{"not_picked":["True Grit","Anger"],"picked":"Clothesline","floor":4},{"not_picked":["Entrench","Thunderclap"],"picked":"Carnage","floor":6},{"not_picked":["Perfected Strike","Headbutt"],"picked":"Sword Boomerang","floor":8},{"not_picked":["Fire Breathing","Sword Boomerang","Flex"],"picked":"Singing Bowl","floor":10},{"not_picked":["Carnage","Exhume"],"picked":"Disarm","floor":11},{"not_picked":["Dropkick","Hemokinesis"],"picked":"Whirlwind","floor":14},{"not_picked":["Demon Form","Double Tap"],"picked":"Reaper","floor":16},{"not_picked":["Flex","Pommel Strike","Twin Strike"],"picked":"Singing Bowl","floor":18},{"not_picked":["Pommel Strike","Iron Wave","Sword Boomerang"],"picked":"Singing Bowl","floor":20},{"not_picked":["Inflame","Iron Wave+1"],"picked":"Flame Barrier","floor":24},{"not_picked":["Uppercut","Second Wind","Corruption"],"picked":"Singing Bowl","floor":25},{"not_picked":["Dark Embrace","Wild Strike","Clothesline+1"],"picked":"Singing Bowl","floor":28},{"not_picked":["Body Slam","Blood for Blood"],"picked":"Impervious","floor":30},{"not_picked":["Brutality","Exhume","Berserk"],"picked":"Singing Bowl","floor":33},{"not_picked":["Thunderclap"],"picked":"Singing Bowl","floor":35},{"not_picked":["Clash"],"picked":"Singing Bowl","floor":36},{"not_picked":["Body Slam+1"],"picked":"Singing Bowl","floor":38},{"not_picked":["Thunderclap+1"],"picked":"Singing Bowl","floor":42},{"not_picked":["Reaper"],"picked":"Singing Bowl","floor":46},{"not_picked":["Body Slam"],"picked":"Singing Bowl","floor":47},{"not_picked":[],"picked":"Anger+1","floor":47},{"not_picked":["Perfected Strike+1"],"picked":"Singing Bowl","floor":48},{"not_picked":["Wild Strike"],"picked":"Singing Bowl","floor":48}],"player_experience":1061554,"relics_obtained":[{"floor":6,"key":"Singing Bowl"},{"floor":8,"key":"Shuriken"},{"floor":9,"key":"Pantograph"},{"floor":10,"key":"Red Skull"},{"floor":14,"key":"Letter Opener"},{"floor":26,"key":"Blue Candle"},{"floor":30,"key":"Bag of Marbles"},{"floor":31,"key":"Nilry\u0027s Codex"},{"floor":38,"key":"Girya"},{"floor":43,"key":"Whetstone"},{"floor":46,"key":"Prayer Wheel"}],"event_choices":[{"cards_removed":["Strike_R"],"damage_healed":0,"gold_gain":0,"player_choice":"Card Removal","damage_taken":0,"max_hp_gain":0,"max_hp_loss":0,"event_name":"The Cleric","floor":2,"gold_loss":75},{"damage_healed":0,"gold_gain":75,"player_choice":"Gather Gold","damage_taken":11,"max_hp_gain":0,"max_hp_loss":0,"event_name":"World of Goop","floor":3,"gold_loss":0},{"damage_healed":0,"gold_gain":0,"player_choice":"Donut","damage_taken":0,"max_hp_gain":5,"max_hp_loss":0,"event_name":"Big Fish","floor":12,"gold_loss":0},{"damage_healed":0,"gold_gain":0,"player_choice":"Obtained Relic","damage_taken":0,"relics_obtained":["Nunchaku"],"max_hp_gain":0,"max_hp_loss":0,"event_name":"Addict","floor":19,"gold_loss":85},{"damage_healed":0,"gold_gain":50,"player_choice":"Stole From Cult","damage_taken":0,"max_hp_gain":0,"max_hp_loss":0,"event_name":"Nest","floor":22,"gold_loss":0},{"damage_healed":0,"gold_gain":0,"player_choice":"Obtained Book","damage_taken":21,"max_hp_gain":0,"max_hp_loss":0,"event_name":"Cursed Tome","floor":31,"gold_loss":0},{"cards_removed":["Reaper"],"damage_healed":0,"gold_gain":0,"player_choice":"Removed Attack","damage_taken":0,"max_hp_gain":0,"max_hp_loss":0,"event_name":"Falling","floor":37,"gold_loss":0},{"damage_healed":0,"gold_gain":0,"player_choice":"Fight","damage_taken":0,"max_hp_gain":0,"max_hp_loss":0,"event_name":"Mysterious Sphere","floor":38,"gold_loss":0},{"damage_healed":0,"gold_gain":0,"player_choice":"Got Potions","damage_taken":0,"max_hp_gain":0,"max_hp_loss":0,"event_name":"Lab","floor":39,"gold_loss":0},{"damage_healed":0,"gold_gain":0,"player_choice":"Max HP","damage_taken":0,"max_hp_gain":0,"max_hp_loss":5,"event_name":"Winding Halls","floor":44,"gold_loss":0},{"damage_healed":0,"gold_gain":0,"player_choice":"Fight","damage_taken":0,"max_hp_gain":0,"max_hp_loss":0,"event_name":"MindBloom","floor":46,"gold_loss":0}],"is_beta":false,"boss_relics":[{"not_picked":["Runic Pyramid","Fusion Hammer"],"picked":"Velvet Choker"},{"not_picked":["Astrolabe","Black Star"],"picked":"Busted Crown"}],"items_purged_floors":[21,27],"is_endless":false,"potions_floor_spawned":[1,6,10,11,18,20,28,35,42,46,47],"killed_by":"Donu and Deca","ascension_level":20}