{"gold_per_floor":[142,142,153,78,97,122,122,122,149,165,185,185,0,0,0,0],"floor_reached":16,"playtime":393,"items_purged":["Normality","Doubt"],"score":200,"play_id":"1cbf9c94-eb11-4b97-81d3-3a251551a9a9","local_time":"20190403030854","is_ascension_mode":true,"campfire_choices":[{"floor":8.0,"key":"REST"},{"floor":15,"key":"REST"}],"neow_cost":"NONE","seed_source_timestamp":1439310391042378,"circlet_count":0,"master_deck":["AscendersBane","Strike_B","Strike_B","Strike_B","Strike_B","Defend_B","Defend_B","Defend_B","Defend_B","Zap","Dualcast","Doubt","Lockon","Scrape","Streamline","Streamline","Conserve Battery","Gash","Gash","Conserve Battery","Electrodynamics+1"],"special_seed":0,"relics":["Calling Bell","Tiny Chest","Mercury Hourglass","Ice Cream","Frozen Egg 2","Blue Candle","DataDisk"],"potions_floor_usage":[16],"damage_taken":[{"damage":2.0,"enemies":"Cultist","floor":1.0,"turns":4.0},{"damage":0.0,"enemies":"2 Louse","floor":3.0,"turns":2.0},{"damage":4.0,"enemies":"Small Slimes","floor":5.0,"turns":3.0},{"damage":56.0,"enemies":"Gremlin Nob","floor":6.0,"turns":5.0},{"damage":4.0,"enemies":"2 Fungi Beasts","floor":10.0,"turns":2.0},{"damage":7.0,"enemies":"Exordium Thugs","floor":11.0,"turns":4.0},{"damage":35,"enemies":"The Guardian","floor":16,"turns":8}],"seed_played":"-1646456909644947757","potions_obtained":[{"floor":6.0,"key":"Energy Potion"},{"floor":11.0,"key":"SpeedPotion"}],"is_trial":false,"path_per_floor":["M","T","M","$","M","E","?","R","T","M","M","?","$","?","R","B"],"character_chosen":"DEFECT","items_purchased":["Gash","Conserve Battery"],"campfire_rested":2,"item_purchase_floors":[13,13],"current_hp_per_floor":[62,62,62,62,58,2,2,23,23,19,12,12,12,12,33,0],"gold":0,"neow_bonus":"BOSS_RELIC","is_prod":false,"is_daily":false,"chose_seed":false,"campfire_upgraded":0,"win_rate":0,"timestamp":1554253734,"path_taken":["M","?","M","$","?","E","?","R","T","M","M","?","$","?","R","BOSS"],"build_version":"2019-01-23","purchased_purges":2,"victory":false,"max_hp_per_floor":[71,71,71,71,71,71,71,71,71,71,71,71,71,71,71,71],"card_choices":[{"not_picked":["Go for the Eyes","Capacitor"],"picked":"Lockon","floor":1.0},{"not_picked":["Coolheaded","Force Field"],"picked":"Scrape","floor":3.0},{"not_picked":["Aggregate","Chill"],"picked":"Streamline","floor":5.0},{"not_picked":["Conserve Battery","Stack"],"picked":"Streamline","floor":6.0},{"not_picked":["Turbo","Leap"],"picked":"Conserve Battery","floor":10.0},{"not_picked":["Compile Driver","Meteor Strike"],"picked":"Gash","floor":11.0}],"player_experience":752639,"relics_obtained":[{"floor":0.0,"key":"Tiny Chest"},{"floor":0.0,"key":"Mercury Hourglass"},{"floor":0.0,"key":"Ice Cream"},{"floor":2.0,"key":"Frozen Egg 2"},{"floor":6.0,"key":"Blue Candle"},{"floor":9.0,"key":"DataDisk"}],"event_choices":[{"damage_healed":0.0,"max_hp_gain":0.0,"max_hp_loss":0.0,"gold_gain":0.0,"event_name":"Scrap Ooze","player_choice":"Fled","floor":7.0,"gold_loss":0.0,"damage_taken":0.0},{"damage_healed":0.0,"max_hp_gain":0.0,"max_hp_loss":0.0,"gold_gain":0.0,"event_name":"Shining Light","player_choice":"Ignored","floor":12.0,"gold_loss":0.0,"damage_taken":0.0},{"damage_healed":0,"gold_gain":0,"player_choice":"1 cards matched","damage_taken":0,"max_hp_gain":0,"max_hp_loss":0,"event_name":"Match and Keep!","floor":14,"gold_loss":0,"cards_obtained":["Electrodynamics"]}],"is_beta":false,"boss_relics":[],"items_purged_floors":[4,13],"is_endless":false,"potions_floor_spawned":[6,11],"killed_by":"The Guardian","ascension_level":20}