{"gold_per_floor":[211,211,211,232,252,288,75,91,117,141,141,174,174,174,174,174],"floor_reached":16,"playtime":511,"items_purged":["Strike_R"],"score":211,"play_id":"e588c345-7beb-48f8-8814-39511d5b026c","local_time":"20181103212627","is_ascension_mode":true,"campfire_choices":[{"floor":11,"key":"REST"},{"floor":13,"key":"REST"},{"data":"Bash","floor":15,"key":"SMITH"}],"neow_cost":"NONE","seed_source_timestamp":564536588824840,"circlet_count":0,"master_deck":["AscendersBane","Strike_R","Strike_R+1","Strike_R","Strike_R","Defend_R","Defend_R","Defend_R+1","Defend_R","Bash+1","Feel No Pain","Headbutt","Pommel Strike","Anger","Shrug It Off","Spot Weakness"],"relics":["Burning Blood","Golden Idol","Strawberry","Anchor","PreservedInsect","Bag of Preparation","Meat on the Bone"],"potions_floor_usage":[6,16],"damage_taken":[{"damage":4,"enemies":"2 Louse","floor":1,"turns":4},{"damage":2,"enemies":"Jaw Worm","floor":4,"turns":5},{"damage":10,"enemies":"Small Slimes","floor":5,"turns":3},{"damage":8,"enemies":"Gremlin Nob","floor":6,"turns":3},{"damage":15,"enemies":"Exordium Thugs","floor":8,"turns":5},{"damage":24,"enemies":"Lagavulin","floor":12,"turns":5},{"damage":47,"enemies":"Hexaghost","floor":16,"turns":7}],"seed_played":"-3718312550126297444","potions_obtained":[{"floor":1,"key":"Fire Potion"},{"floor":4,"key":"SteroidPotion"}],"is_trial":false,"path_per_floor":["M","?","?","M","M","E","$","M","T","T","R","E","R","?","R","B"],"character_chosen":"IRONCLAD","items_purchased":["LiquidBronze","Shrug It Off"],"campfire_rested":2,"item_purchase_floors":[7,7],"current_hp_per_floor":[70,47,21,25,21,26,26,17,17,17,41,23,47,47,47,0],"gold":174,"neow_bonus":"HUNDRED_GOLD","is_prod":false,"is_daily":false,"chose_seed":false,"campfire_upgraded":1,"win_rate":0,"timestamp":1541280387,"path_taken":["M","?","?","M","M","E","$","M","T","?","R","E","R","?","R","BOSS"],"build_version":"2018-11-01","purchased_purges":1,"victory":false,"max_hp_per_floor":[75,75,75,75,75,82,82,82,82,82,82,82,82,82,82,82],"card_choices":[{"not_picked":["Rupture","True Grit"],"picked":"Feel No Pain","floor":1},{"not_picked":["Sentinel","Body Slam"],"picked":"Headbutt","floor":4},{"not_picked":["Twin Strike","Perfected Strike"],"picked":"Pommel Strike","floor":5},{"not_picked":["Combust","Sentinel"],"picked":"Anger","floor":6},{"not_picked":["True Grit","Clash"],"picked":"Spot Weakness","floor":8},{"not_picked":["Seeing Red","Perfected Strike","Flex"],"picked":"SKIP","floor":12}],"player_experience":965959,"relics_obtained":[{"floor":6,"key":"Strawberry"},{"floor":9,"key":"Anchor"},{"floor":10,"key":"PreservedInsect"},{"floor":12,"key":"Bag of Preparation"}],"event_choices":[{"damage_healed":0,"gold_gain":0,"player_choice":"Entered Light","damage_taken":23,"max_hp_gain":0,"max_hp_loss":0,"event_name":"Shining Light","floor":2,"gold_loss":0,"cards_upgraded":["Strike_R","Defend_R"]},{"damage_healed":0,"gold_gain":0,"player_choice":"Take Damage","damage_taken":26,"relics_obtained":["Golden Idol"],"max_hp_gain":0,"max_hp_loss":0,"event_name":"Golden Idol","floor":3,"gold_loss":0},{"damage_healed":0,"gold_gain":0,"player_choice":"Searched \u00271\u0027 times","damage_taken":0,"relics_obtained":["Meat on the Bone"],"max_hp_gain":0,"max_hp_loss":0,"event_name":"Dead Adventurer","floor":14,"gold_loss":0}],"is_beta":false,"boss_relics":[],"items_purged_floors":[7],"is_endless":false,"potions_floor_spawned":[1,4,5,8],"killed_by":"Hexaghost","ascension_level":19}