{"gold_per_floor":[112,112,158,171,181,181,213,223,249,267,297,317,337,349,349,423,423,437,189,189,205,105,105,125,125,148,148,23,23,23,23,23,96,96,106,5,24,35,35],"floor_reached":39,"playtime":1947,"items_purged":["Strike_B","Strike_B","Strike_B"],"score":786,"play_id":"c2c5dc30-4b68-49d4-9fd6-14d13a20e85f","local_time":"20190323145930","is_ascension_mode":true,"campfire_choices":[{"floor":6.0,"key":"REST"},{"floor":15.0,"key":"REST"},{"data":"Defragment","floor":23.0,"key":"SMITH"},{"data":"Barrage","floor":25.0,"key":"SMITH"},{"data":"Capacitor","floor":27.0,"key":"SMITH"},{"data":"Coolheaded","floor":29.0,"key":"SMITH"},{"data":"Go for the Eyes","floor":32.0,"key":"SMITH"}],"neow_cost":"NONE","seed_source_timestamp":0,"circlet_count":0,"master_deck":["AscendersBane","Strike_B+1","Defend_B+1","Defend_B+1","Defend_B+1","Defend_B+1","Zap","Dualcast","Hello World","Coolheaded+1","Rebound","Glacier","Capacitor+1","Defragment+1","Conserve Battery","Cold Snap","Cold Snap","Go for the Eyes+1","Ball Lightning","Core Surge","Capacitor","BootSequence","Ball Lightning","Barrage+1","All For One","Meteor Strike","Loop","Mind Blast","Sunder","Scrape"],"special_seed":0,"relics":["Cracked Core","NeowsBlessing","Smiling Mask","Orichalcum","Kunai","Dream Catcher","Oddly Smooth Stone","Snecko Eye","Strawberry","Nuclear Battery"],"potions_floor_usage":[38],"damage_taken":[{"damage":0.0,"enemies":"Jaw Worm","floor":1.0,"turns":1.0},{"damage":0.0,"enemies":"Cultist","floor":4.0,"turns":1.0},{"damage":0.0,"enemies":"Small Slimes","floor":5.0,"turns":1.0},{"damage":30.0,"enemies":"Gremlin Nob","floor":7.0,"turns":5.0},{"damage":1.0,"enemies":"2 Fungi Beasts","floor":8.0,"turns":4.0},{"damage":8.0,"enemies":"Exordium Wildlife","floor":10.0,"turns":7.0},{"damage":15.0,"enemies":"3 Sentries","floor":11.0,"turns":8.0},{"damage":2.0,"enemies":"Looter","floor":12.0,"turns":4.0},{"damage":0.0,"enemies":"3 Louse","floor":13.0,"turns":3.0},{"damage":2.0,"enemies":"Large Slime","floor":14.0,"turns":6.0},{"damage":2.0,"enemies":"Hexaghost","floor":16.0,"turns":9.0},{"damage":0.0,"enemies":"Chosen","floor":18.0,"turns":6.0},{"damage":1.0,"enemies":"Shell Parasite","floor":21.0,"turns":8.0},{"damage":3.0,"enemies":"Chosen and Byrds","floor":24.0,"turns":5.0},{"damage":68.0,"enemies":"Collector","floor":33.0,"turns":14.0},{"damage":22.0,"enemies":"3 Darklings","floor":35.0,"turns":5.0},{"damage":11,"enemies":"3 Shapes","floor":37,"turns":5},{"damage":18,"enemies":"3 Darklings","floor":38,"turns":4},{"damage":16,"enemies":"Transient","floor":39,"turns":2}],"seed_played":"4668672581181271533","potions_obtained":[{"floor":1.0,"key":"SkillPotion"},{"floor":5.0,"key":"PowerPotion"},{"floor":12.0,"key":"Fire Potion"},{"floor":14.0,"key":"Regen Potion"},{"floor":16.0,"key":"FearPotion"}],"is_trial":false,"path_per_floor":["M","?","T","M","M","R","E","M","T","M","E","M","M","M","R","B",null,"M","$","T","M","$","R","M","R","T","R","$","R","?","?","R","B",null,"M","$","M","M","M"],"character_chosen":"DEFECT","items_purchased":["Capacitor","Fruit Juice","Ball Lightning","All For One","Mind Blast"],"campfire_rested":2,"item_purchase_floors":[19,19,22,28,36],"current_hp_per_floor":[64,38,38,38,38,59,29,28,28,20,5,3,3,1,22,20,58,58,58,58,57,57,57,54,54,61,61,61,61,61,61,61,8,61,39,39,28,15,0],"gold":35,"neow_bonus":"THREE_ENEMY_KILL","is_prod":false,"is_daily":false,"chose_seed":false,"campfire_upgraded":5,"win_rate":0,"timestamp":1553349570,"path_taken":["M","?","?","M","?","R","E","M","T","M","E","M","M","M","R","BOSS","M","$","?","M","$","R","M","R","T","R","$","R","?","?","R","BOSS","M","$","M","M","M"],"build_version":"2019-01-23","purchased_purges":3,"victory":false,"max_hp_per_floor":[71,71,71,71,71,71,71,71,71,71,71,71,71,71,71,71,71,71,71,71,71,71,71,71,71,78,78,78,78,78,78,78,78,78,78,78,78,83,83],"card_choices":[{"not_picked":["BootSequence","Beam Cell"],"picked":"Hello World","floor":1.0},{"not_picked":["Steam","Go for the Eyes"],"picked":"Coolheaded","floor":4.0},{"not_picked":["Hologram","Recycle"],"picked":"Rebound","floor":5.0},{"not_picked":["Streamline","Coolheaded"],"picked":"Glacier","floor":7.0},{"not_picked":["Redo","Steam"],"picked":"Capacitor","floor":8.0},{"not_picked":["Turbo","Rainbow"],"picked":"Defragment","floor":10.0},{"not_picked":["Loop","Tempest"],"picked":"Conserve Battery","floor":11.0},{"not_picked":["Go for the Eyes","Self Repair"],"picked":"Cold Snap","floor":12.0},{"not_picked":["Beam Cell","Capacitor"],"picked":"Cold Snap","floor":13.0},{"not_picked":["Barrage","Streamline"],"picked":"Go for the Eyes","floor":14.0},{"not_picked":["Streamline","Darkness"],"picked":"Ball Lightning","floor":15.0},{"not_picked":["Buffer","Meteor Strike"],"picked":"Core Surge","floor":16.0},{"not_picked":["Redo","Streamline","Gash"],"picked":"SKIP","floor":18.0},{"not_picked":["Stack","Steam Power"],"picked":"BootSequence","floor":21.0},{"not_picked":["Rebound","Fusion"],"picked":"Barrage","floor":24.0},{"not_picked":["Machine Learning","Hyperbeam"],"picked":"Meteor Strike","floor":33.0},{"not_picked":["Steam","Streamline"],"picked":"Loop","floor":35.0},{"not_picked":["Sweeping Beam","Conserve Battery"],"picked":"Sunder","floor":37},{"not_picked":["Conserve Battery","Double Energy+1"],"picked":"Scrape","floor":38}],"player_experience":731981,"relics_obtained":[{"floor":3.0,"key":"Orichalcum"},{"floor":7.0,"key":"Kunai"},{"floor":9.0,"key":"Dream Catcher"},{"floor":11.0,"key":"Oddly Smooth Stone"},{"floor":26.0,"key":"Strawberry"}],"event_choices":[{"damage_healed":0.0,"max_hp_gain":0.0,"max_hp_loss":0.0,"gold_gain":0.0,"event_name":"Scrap Ooze","player_choice":"Success","floor":2.0,"gold_loss":0.0,"damage_taken":26.0,"relics_obtained":["Smiling Mask"]},{"damage_healed":0.0,"max_hp_gain":0.0,"max_hp_loss":0.0,"gold_gain":0.0,"event_name":"Back to Basics","player_choice":"Simplicity","floor":30.0,"gold_loss":0.0,"damage_taken":0.0,"cards_upgraded":["Strike_B","Defend_B","Defend_B","Defend_B","Defend_B"]},{"damage_healed":0.0,"max_hp_gain":0.0,"max_hp_loss":0.0,"gold_gain":0.0,"event_name":"Vampires","player_choice":"Ignored","floor":31.0,"gold_loss":0.0,"damage_taken":0.0}],"is_beta":false,"boss_relics":[{"not_picked":["Lizard Tail","Cursed Key"],"picked":"Snecko Eye"},{"not_picked":["Coffee Dripper","Runic Dome"],"picked":"Nuclear Battery"}],"items_purged_floors":[19,22,28],"is_endless":false,"potions_floor_spawned":[1,5,8,12,14,16,21],"killed_by":"Transient","ascension_level":20}