{"gold_per_floor":[20,37,187,206,206,240,240,270,317,317,332,40,40,70,70,141,141,116,135,135],"floor_reached":20,"playtime":858,"items_purged":["Strike_R"],"score":346,"play_id":"68064e60-4790-48ac-b3f7-8ec36764b7ce","local_time":"20190520011628","is_ascension_mode":true,"campfire_choices":[{"data":"Bash","floor":7,"key":"SMITH"},{"data":"Heavy Blade","floor":10,"key":"SMITH"},{"data":"Apotheosis","floor":13,"key":"SMITH"},{"data":"Mayhem","floor":15,"key":"SMITH"}],"neow_cost":"NO_GOLD","seed_source_timestamp":525544815587700,"circlet_count":0,"master_deck":["AscendersBane","Strike_R","Strike_R","Strike_R","Strike_R","Defend_R","Defend_R","Defend_R","Defend_R","Bash+1","Mayhem+1","Panacea","Heavy Blade+1","Metallicize","True Grit","Feel No Pain","Feed","Anger","Apotheosis+1","Body Slam","Clash+1","Inflame"],"relics":["Burning Blood","Blue Candle","Regal Pillow","Dream Catcher","Happy Flower","Mark of Pain"],"potions_floor_usage":[6,11,14,14,16,19],"damage_taken":[{"damage":11,"enemies":"Cultist","floor":1,"turns":4},{"damage":4,"enemies":"Small Slimes","floor":2,"turns":3},{"damage":12,"enemies":"Jaw Worm","floor":4,"turns":2},{"damage":12,"enemies":"Lagavulin","floor":6,"turns":7},{"damage":20,"enemies":"3 Sentries","floor":8,"turns":11},{"damage":4,"enemies":"Red Slaver","floor":11,"turns":4},{"damage":5,"enemies":"Lagavulin","floor":14,"turns":7},{"damage":32,"enemies":"The Guardian","floor":16,"turns":10},{"damage":28,"enemies":"2 Thieves","floor":18,"turns":5},{"damage":35,"enemies":"Chosen","floor":19,"turns":5},{"damage":25,"enemies":"Snecko","floor":20,"turns":5}],"seed_played":"4172871744346014337","potions_obtained":[{"floor":1,"key":"Swift Potion"},{"floor":8,"key":"AttackPotion"},{"floor":11,"key":"EntropicBrew"},{"floor":14,"key":"FairyPotion"},{"floor":16,"key":"Strength Potion"}],"is_trial":false,"path_per_floor":["M","M","?","M","?","E","R","E","T","R","M","$","R","E","R","B",null,"M","M","M"],"character_chosen":"IRONCLAD","items_purchased":["Apotheosis"],"campfire_rested":0,"item_purchase_floors":[12],"current_hp_per_floor":[63,65,65,59,52,46,46,32,32,32,37,37,37,38,38,12,62,40,11,0],"gold":135,"neow_bonus":"RANDOM_COLORLESS_2","is_prod":false,"is_daily":false,"chose_seed":false,"campfire_upgraded":4,"win_rate":0,"timestamp":1558307788,"path_taken":["M","M","?","M","?","E","R","E","T","R","M","?","R","E","R","BOSS","M","M","M"],"build_version":"2019-01-23","purchased_purges":1,"victory":false,"max_hp_per_floor":[75,75,75,75,75,75,75,75,75,75,78,78,78,78,78,78,78,78,78,78],"card_choices":[{"not_picked":["Combust","Infernal Blade"],"picked":"Heavy Blade","floor":1},{"not_picked":["True Grit","Pommel Strike"],"picked":"Metallicize","floor":2},{"not_picked":["Sword Boomerang","Pommel Strike"],"picked":"True Grit","floor":4},{"not_picked":["Headbutt","Hemokinesis"],"picked":"Feel No Pain","floor":6},{"not_picked":["Entrench","Cleave"],"picked":"Feed","floor":8},{"not_picked":["Rampage","Iron Wave"],"picked":"Anger","floor":11},{"not_picked":["Clash","Infernal Blade"],"picked":"Body Slam","floor":14},{"not_picked":["Reckless Charge","Warcry"],"picked":"Clash+1","floor":18},{"not_picked":["Hemokinesis","Metallicize"],"picked":"Inflame","floor":19}],"player_experience":1161186,"relics_obtained":[{"floor":6,"key":"Blue Candle"},{"floor":8,"key":"Regal Pillow"},{"floor":9,"key":"Dream Catcher"},{"floor":14,"key":"Happy Flower"}],"event_choices":[{"damage_healed":0,"gold_gain":150,"player_choice":"AGREE","damage_taken":0,"max_hp_gain":0,"max_hp_loss":0,"event_name":"Liars Game","floor":3,"gold_loss":0,"cards_obtained":["Doubt"]},{"cards_removed":["Doubt"],"damage_healed":0,"gold_gain":0,"player_choice":"Card Removal","damage_taken":7,"max_hp_gain":0,"max_hp_loss":0,"event_name":"Golden Wing","floor":5,"gold_loss":0}],"is_beta":false,"boss_relics":[{"not_picked":["Eternal Feather","Velvet Choker"],"picked":"Mark of Pain"}],"items_purged_floors":[12],"is_endless":false,"potions_floor_spawned":[1,8,11,14,16,18],"killed_by":"Snecko","ascension_level":16}