{"gold_per_floor":[119,51,126,126,139,170,170,185,185,185],"floor_reached":10,"playtime":449,"items_purged":[],"score":76,"play_id":"4e099c53-2801-4e1d-a9e7-0773395b5434","local_time":"20181204151331","is_ascension_mode":true,"campfire_choices":[{"data":"Leap","floor":7,"key":"SMITH"}],"neow_cost":"NONE","seed_source_timestamp":16112137150180,"circlet_count":0,"master_deck":["Strike_B","Strike_B","Strike_B","Defend_B","Defend_B","Defend_B","Defend_B","Zap","Dualcast","Leap+1","Ball Lightning","Thunder Strike","Force Field","Stack","Leap"],"relics":["Runic Dome","Gremlin Horn","Pantograph"],"potions_floor_usage":[],"damage_taken":[{"damage":0,"enemies":"Cultist","floor":1,"turns":3},{"damage":7,"enemies":"Jaw Worm","floor":5,"turns":3},{"damage":27,"enemies":"Lagavulin","floor":6,"turns":6},{"damage":2,"enemies":"Small Slimes","floor":8,"turns":3},{"damage":49,"enemies":"Gremlin Gang","floor":10,"turns":3}],"seed_played":"-6456338342882915103","potions_obtained":[{"floor":1,"key":"Strength Potion"},{"floor":6,"key":"GamblersBrew"},{"floor":8,"key":"Dexterity Potion"}],"is_trial":false,"path_per_floor":["M","$","?","?","M","E","R","M","T","M"],"character_chosen":"DEFECT","items_purchased":["Leap","Ball Lightning"],"campfire_rested":0,"item_purchase_floors":[2,2],"current_hp_per_floor":[75,75,64,64,57,30,30,28,28,0],"gold":185,"neow_bonus":"BOSS_RELIC","is_prod":false,"is_daily":false,"chose_seed":false,"campfire_upgraded":1,"win_rate":0,"timestamp":1543904011,"path_taken":["M","?","?","?","?","E","R","M","T","M"],"build_version":"2018-11-15","purchased_purges":0,"victory":false,"max_hp_per_floor":[75,75,75,75,75,75,75,75,75,75],"card_choices":[{"not_picked":["Compile Driver","Gash","Steam"],"picked":"SKIP","floor":1},{"not_picked":["Turbo","Rip and Tear"],"picked":"Force Field","floor":5},{"not_picked":["Gash","Redo"],"picked":"Stack","floor":6},{"not_picked":["Steam","Barrage"],"picked":"Leap","floor":8}],"player_experience":143666,"relics_obtained":[{"floor":6,"key":"Gremlin Horn"},{"floor":9,"key":"Pantograph"}],"event_choices":[{"damage_healed":0,"gold_gain":75,"player_choice":"Gather Gold","damage_taken":11,"max_hp_gain":0,"max_hp_loss":0,"event_name":"World of Goop","floor":3,"gold_loss":0},{"damage_healed":0,"gold_gain":0,"cards_transformed":["Strike_B"],"player_choice":"Transformed","damage_taken":0,"max_hp_gain":0,"max_hp_loss":0,"event_name":"Transmorgrifier","floor":4,"gold_loss":0,"cards_obtained":["Thunder Strike"]}],"is_beta":false,"boss_relics":[],"items_purged_floors":[],"is_endless":false,"potions_floor_spawned":[1,6,8],"killed_by":"Gremlin Gang","ascension_level":3}