{"gold_per_floor":[114,114,128,149,149,190,211,224,224,248,266,291,216,234,234,353,353,368,391,306,306,320,320,358,358,358,358,382,423,444,444,444,567,567,583,243,243,267,288,321,446,446,473,491,541,541,554,589,589,589,589,589,119,160,160],"floor_reached":56,"playtime":3820,"items_purged":["Strike_R","Strike_R"],"score":1253,"play_id":"c3bb566e-7877-4463-9728-300c25314295","local_time":"20190325001508","is_ascension_mode":false,"campfire_choices":[{"floor":15.0,"key":"REST"},{"data":"Rage","floor":23.0,"key":"SMITH"},{"data":"Juggernaut","floor":25.0,"key":"SMITH"},{"floor":27.0,"key":"RECALL"},{"floor":32.0,"key":"REST"},{"floor":42.0,"key":"REST"},{"floor":46.0,"key":"REST"},{"floor":49.0,"key":"REST"},{"floor":52.0,"key":"REST"}],"neow_cost":"NONE","seed_source_timestamp":426479171556109,"circlet_count":0,"master_deck":["Strike_R","Strike_R","Defend_R","Defend_R","Defend_R","Defend_R","Bash","Shockwave+1","Headbutt+1","Pommel Strike+1","Rage+1","Anger+1","Body Slam+1","Uppercut+1","Fiend Fire+1","Juggernaut+1","Armaments","Whirlwind+1","Pommel Strike+1","Iron Wave+1","True Grit+1","Shrug It Off","Dropkick+1","Barricade+1","Headbutt+1","Flash of Steel+1","Madness","Madness","Armaments","Clash+1","Feel No Pain+1","Power Through","Impervious","Power Through+1","Shrug It Off+1","Flex+1","Body Slam+1","Pommel Strike+1","Reckless Charge+1"],"special_seed":0,"relics":["Black Blood","Golden Idol","Molten Egg 2","Strawberry","Bag of Preparation","Self Forming Clay","Frozen Egg 2","Fusion Hammer","Pen Nib","Centennial Puzzle","Unceasing Top","Happy Flower","Lantern","Dream Catcher","Thread and Needle","Sundial"],"potions_floor_usage":[55,55,55],"damage_taken":[{"damage":2.0,"enemies":"2 Louse","floor":1.0,"turns":4.0},{"damage":3.0,"enemies":"Small Slimes","floor":3.0,"turns":5.0},{"damage":1.0,"enemies":"Cultist","floor":4.0,"turns":3.0},{"damage":44.0,"enemies":"3 Sentries","floor":6.0,"turns":12.0},{"damage":5.0,"enemies":"Blue Slaver","floor":7.0,"turns":4.0},{"damage":0.0,"enemies":"Large Slime","floor":8.0,"turns":4.0},{"damage":0.0,"enemies":"Looter","floor":10.0,"turns":3.0},{"damage":0.0,"enemies":"2 Fungi Beasts","floor":11.0,"turns":3.0},{"damage":11.0,"enemies":"Exordium Wildlife","floor":12.0,"turns":4.0},{"damage":13.0,"enemies":"Exordium Thugs","floor":14.0,"turns":3.0},{"damage":32.0,"enemies":"Slime Boss","floor":16.0,"turns":6.0},{"damage":1.0,"enemies":"Chosen","floor":18.0,"turns":4.0},{"damage":9.0,"enemies":"Spheric Guardian","floor":19.0,"turns":4.0},{"damage":0.0,"enemies":"Centurion and Healer","floor":22.0,"turns":4.0},{"damage":33.0,"enemies":"Gremlin Leader","floor":24.0,"turns":5.0},{"damage":1.0,"enemies":"Snecko","floor":28.0,"turns":4.0},{"damage":28.0,"enemies":"Slavers","floor":29.0,"turns":5.0},{"damage":7.0,"enemies":"Chosen and Byrds","floor":30.0,"turns":4.0},{"damage":72.0,"enemies":"Automaton","floor":33.0,"turns":10.0},{"damage":6.0,"enemies":"3 Darklings","floor":35.0,"turns":3.0},{"damage":5.0,"enemies":"3 Shapes","floor":38.0,"turns":3.0},{"damage":16.0,"enemies":"Maw","floor":39.0,"turns":7.0},{"damage":31.0,"enemies":"Giant Head","floor":40.0,"turns":8.0},{"damage":2.0,"enemies":"Mind Bloom Boss Battle","floor":41.0,"turns":6.0},{"damage":1.0,"enemies":"Sphere and 2 Shapes","floor":44.0,"turns":5.0},{"damage":11.0,"enemies":"Jaw Worm Horde","floor":47.0,"turns":3.0},{"damage":22.0,"enemies":"Nemesis","floor":48.0,"turns":7.0},{"damage":58.0,"enemies":"Time Eater","floor":50.0,"turns":10.0},{"damage":29.0,"enemies":"Shield and Spear","floor":54.0,"turns":5.0},{"damage":49,"enemies":"The Heart","floor":55,"turns":8}],"seed_played":"9111380836213276147","potions_obtained":[{"floor":1.0,"key":"Explosive Potion"},{"floor":3.0,"key":"Energy Potion"},{"floor":7.0,"key":"Poison Potion"},{"floor":10.0,"key":"EssenceOfSteel"},{"floor":19.0,"key":"FearPotion"},{"floor":30.0,"key":"FearPotion"},{"floor":44.0,"key":"SkillPotion"},{"floor":48.0,"key":"GamblersBrew"}],"is_trial":false,"path_per_floor":["M","?","M","M","?","E","M","M","T","M","M","M","$","M","R","B",null,"M","M","?","?","M","R","E","R","T","R","M","E","M","?","R","B",null,"M","$","?","M","M","E","?","R","T","M","T","R","M","E","R","B",null,"R","$","E","B",null],"character_chosen":"IRONCLAD","items_purchased":["Flash of Steel+1","Pen Nib","Body Slam+1","Pommel Strike+1","Thread and Needle","LiquidBronze"],"campfire_rested":6,"item_purchase_floors":[36,36,53,53,53,53],"current_hp_per_floor":[80,60,63,68,68,30,31,37,44,50,56,51,51,44,70,44,87,87,87,87,87,87,87,64,64,64,64,73,55,58,58,84,22,87,87,87,76,81,75,54,62,87,87,87,87,87,86,74,87,39,87,87,87,68,29],"gold":160,"neow_bonus":"REMOVE_CARD","is_prod":false,"is_daily":false,"chose_seed":false,"campfire_upgraded":2,"win_rate":0,"timestamp":1553469308,"path_taken":["M","?","M","M","?","E","M","M","T","M","?","M","$","M","R","BOSS","M","M","?","?","M","R","E","R","T","R","M","E","M","?","R","BOSS","M","$","?","M","M","E","?","R","T","?","?","R","M","E","R","BOSS","R","$","E","BOSS"],"build_version":"2019-01-23","purchased_purges":2,"victory":true,"max_hp_per_floor":[80,80,80,80,80,80,80,80,87,87,87,87,87,87,87,87,87,87,87,87,87,87,87,87,87,87,87,87,87,87,87,87,87,87,87,87,87,87,87,87,87,87,87,87,87,87,87,87,87,87,87,87,87,87,87],"card_choices":[{"not_picked":["Perfected Strike","Evolve"],"picked":"Shockwave","floor":1.0},{"not_picked":["Shockwave","Heavy Blade","Bloodletting"],"picked":"SKIP","floor":3.0},{"not_picked":["Sword Boomerang","Shockwave","Heavy Blade"],"picked":"SKIP","floor":4.0},{"not_picked":["Clash","Cleave"],"picked":"Headbutt","floor":6.0},{"not_picked":["True Grit","Immolate+1"],"picked":"Pommel Strike+1","floor":7.0},{"not_picked":["Rupture","Cleave+1"],"picked":"Rage","floor":8.0},{"not_picked":["Flex","Cleave+1"],"picked":"Anger+1","floor":10.0},{"not_picked":["Bloodletting","Perfected Strike+1"],"picked":"Body Slam+1","floor":11.0},{"not_picked":["Havoc","Evolve"],"picked":"Uppercut+1","floor":12.0},{"not_picked":["Entrench","Sword Boomerang+1"],"picked":"Fiend Fire+1","floor":14.0},{"not_picked":["Immolate+1","Dark Embrace"],"picked":"Juggernaut","floor":16.0},{"not_picked":["Searing Blow+1","Bloodletting+1"],"picked":"Armaments","floor":18.0},{"not_picked":["Cleave+1","Thunderclap+1"],"picked":"Whirlwind+1","floor":19.0},{"not_picked":["Body Slam+1","Perfected Strike+1"],"picked":"Pommel Strike+1","floor":22.0},{"not_picked":["Berserk","Sever Soul+1"],"picked":"Iron Wave+1","floor":24.0},{"not_picked":["Fire Breathing","Anger+1"],"picked":"True Grit+1","floor":28.0},{"not_picked":["Pommel Strike+1","Clothesline+1"],"picked":"Shrug It Off","floor":29.0},{"not_picked":["Thunderclap+1","Cleave+1"],"picked":"Dropkick+1","floor":30.0},{"not_picked":["Double Tap","Berserk+1"],"picked":"Barricade+1","floor":33.0},{"not_picked":["Cleave+1","Rampage+1"],"picked":"Headbutt+1","floor":35.0},{"not_picked":["Shockwave","Burning Pact+1"],"picked":"Armaments","floor":38.0},{"not_picked":["Pommel Strike+1","True Grit"],"picked":"Clash+1","floor":39.0},{"not_picked":["Bloodletting","Cleave+1"],"picked":"Feel No Pain+1","floor":40.0},{"not_picked":["Headbutt+1","Infernal Blade"],"picked":"Power Through","floor":41.0},{"not_picked":["Sword Boomerang+1","Rampage+1"],"picked":"Impervious","floor":44.0},{"not_picked":["Cleave+1","Clothesline+1"],"picked":"Power Through+1","floor":47.0},{"not_picked":["Havoc","Sword Boomerang+1"],"picked":"Shrug It Off+1","floor":48.0},{"not_picked":["Searing Blow+1","Carnage+1"],"picked":"Flex+1","floor":49.0},{"not_picked":["Iron Wave+1","Twin Strike+1"],"picked":"Reckless Charge+1","floor":54.0}],"player_experience":402045,"relics_obtained":[{"floor":6.0,"key":"Molten Egg 2"},{"floor":9.0,"key":"Strawberry"},{"floor":24.0,"key":"Self Forming Clay"},{"floor":29.0,"key":"Frozen Egg 2"},{"floor":40.0,"key":"Centennial Puzzle"},{"floor":41.0,"key":"Unceasing Top"},{"floor":43.0,"key":"Happy Flower"},{"floor":45.0,"key":"Lantern"},{"floor":48.0,"key":"Dream Catcher"},{"floor":54.0,"key":"Sundial"}],"event_choices":[{"damage_healed":0.0,"max_hp_gain":0.0,"max_hp_loss":0.0,"gold_gain":0.0,"event_name":"Golden Idol","player_choice":"Take Damage","floor":2.0,"gold_loss":0.0,"damage_taken":20.0,"relics_obtained":["Golden Idol"]},{"damage_healed":0.0,"max_hp_gain":0.0,"max_hp_loss":0.0,"gold_gain":0.0,"event_name":"Upgrade Shrine","player_choice":"Upgraded","floor":5.0,"gold_loss":0.0,"damage_taken":0.0,"cards_upgraded":["Shockwave"]},{"damage_healed":0.0,"max_hp_gain":0.0,"max_hp_loss":0.0,"gold_gain":0.0,"event_name":"Addict","player_choice":"Obtained Relic","floor":20.0,"gold_loss":85.0,"damage_taken":0.0,"relics_obtained":["Bag of Preparation"]},{"damage_healed":0.0,"max_hp_gain":0.0,"max_hp_loss":0.0,"gold_gain":0.0,"event_name":"Vampires","player_choice":"Ignored","floor":21.0,"gold_loss":0.0,"damage_taken":0.0},{"damage_healed":0.0,"max_hp_gain":0.0,"max_hp_loss":0.0,"gold_gain":0.0,"event_name":"Ghosts","player_choice":"Ignored","floor":31.0,"gold_loss":0.0,"damage_taken":0.0},{"damage_healed":0.0,"max_hp_gain":0.0,"max_hp_loss":0.0,"gold_gain":0.0,"event_name":"Winding Halls","player_choice":"Embrace Madness","floor":37.0,"gold_loss":0.0,"damage_taken":11.0,"cards_obtained":["Madness","Madness"]},{"damage_healed":0.0,"max_hp_gain":0.0,"max_hp_loss":0.0,"gold_gain":0.0,"event_name":"MindBloom","player_choice":"Fight","floor":41.0,"gold_loss":0.0,"damage_taken":0.0}],"is_beta":false,"boss_relics":[{"not_picked":["Busted Crown","Calling Bell"],"picked":"Black Blood"},{"not_picked":["Tiny House","Runic Pyramid"],"picked":"Fusion Hammer"}],"items_purged_floors":[13,36],"is_endless":false,"potions_floor_spawned":[1,3,7,10,14,19,30,44,48],"ascension_level":0}