{"gold_per_floor":[113,127,18,18,34,63,80,80,105,135,135,310,345,362,362,458,458,458,27,27,27,27,27,27,27,27,27,27,27,27,27,27,27,27,27,27,27,27,27,27,27,27,27,27,27,27,27,27,27,27],"floor_reached":50,"playtime":3830,"items_purged":["Defend_G","Doubt"],"score":573,"play_id":"f8aaccee-1f78-40c6-b7b1-ca8a04df3ffc","local_time":"20190224002712","is_ascension_mode":true,"campfire_choices":[{"data":"Survivor","floor":8,"key":"SMITH"},{"data":"Defend_G","floor":11,"key":"SMITH"},{"data":"Calculated Gamble","floor":15,"key":"SMITH"},{"data":"Expertise","floor":23,"key":"SMITH"},{"data":"Distraction","floor":25,"key":"SMITH"},{"floor":32,"key":"REST"},{"floor":40,"key":"REST"},{"floor":42,"key":"REST"},{"data":"Well Laid Plans","floor":45,"key":"SMITH"},{"data":"Deflect","floor":49,"key":"SMITH"}],"neow_cost":"NONE","seed_source_timestamp":7755822456370,"circlet_count":0,"master_deck":["Defend_G","Defend_G","Defend_G+1","Strike_G","Strike_G","Strike_G","Strike_G+1","Survivor+1","Neutralize+1","Backstab","Footwork+1","Well Laid Plans+1","Terror","Poisoned Stab","Expertise+1","PiercingWail","Deflect+1","Calculated Gamble+1","After Image","Distraction+1","Infinite Blades","Slice","Caltrops","Cloak And Dagger","Deadly Poison","A Thousand Cuts","Crippling Poison+1","Secret Weapon","Infinite Blades","Writhe","Caltrops","PiercingWail+1"],"relics":["Empty Cage","Happy Flower","Whetstone","Oddly Smooth Stone","Orichalcum","Ectoplasm","Letter Opener","Snake Skull","Lizard Tail","Mercury Hourglass","Potion Belt"],"potions_floor_usage":[33,47,50],"damage_taken":[{"damage":0,"enemies":"2 Louse","floor":1,"turns":5},{"damage":1,"enemies":"Small Slimes","floor":2,"turns":4},{"damage":0,"enemies":"Cultist","floor":5,"turns":3},{"damage":28,"enemies":"Lagavulin","floor":6,"turns":10},{"damage":0,"enemies":"3 Louse","floor":7,"turns":5},{"damage":2,"enemies":"Gremlin Nob","floor":10,"turns":3},{"damage":1,"enemies":"Lagavulin","floor":13,"turns":8},{"damage":3,"enemies":"Looter","floor":14,"turns":4},{"damage":26,"enemies":"The Guardian","floor":16,"turns":15},{"damage":6,"enemies":"Chosen","floor":18,"turns":6},{"damage":5,"enemies":"Shell Parasite","floor":21,"turns":6},{"damage":14,"enemies":"Chosen and Byrds","floor":22,"turns":6},{"damage":7,"enemies":"Centurion and Healer","floor":27,"turns":6},{"damage":15,"enemies":"Snake Plant","floor":28,"turns":5},{"damage":0,"enemies":"Shelled Parasite and Fungi","floor":29,"turns":6},{"damage":5,"enemies":"Chosen and Byrds","floor":30,"turns":5},{"damage":6,"enemies":"Centurion and Healer","floor":31,"turns":8},{"damage":11,"enemies":"Automaton","floor":33,"turns":14},{"damage":12,"enemies":"3 Shapes","floor":35,"turns":6},{"damage":5,"enemies":"Orb Walker","floor":36,"turns":4},{"damage":51,"enemies":"Transient","floor":38,"turns":5},{"damage":24,"enemies":"Sphere and 2 Shapes","floor":39,"turns":11},{"damage":42,"enemies":"Jaw Worm Horde","floor":41,"turns":6},{"damage":2,"enemies":"Nemesis","floor":47,"turns":9},{"damage":7,"enemies":"Spire Growth","floor":48,"turns":6},{"damage":36,"enemies":"Awakened One","floor":50,"turns":4}],"seed_played":"-5442373957634473415","potions_obtained":[{"floor":5,"key":"GhostInAJar"},{"floor":7,"key":"Explosive Potion"},{"floor":10,"key":"GamblersBrew"},{"floor":21,"key":"LiquidBronze"},{"floor":38,"key":"SpeedPotion"},{"floor":41,"key":"GhostInAJar"}],"is_trial":false,"path_per_floor":["M","M","$","?","M","E","M","R","T","E","R","?","E","M","R","B",null,"M","$","?","M","M","R","?","R","T","M","M","M","M","M","R","B",null,"M","M","?","M","M","R","M","R","T","?","R","T","E","M","R","B"],"character_chosen":"THE_SILENT","items_purchased":["Well Laid Plans","Letter Opener","Infinite Blades"],"campfire_rested":3,"item_purchase_floors":[3,19,19],"current_hp_per_floor":[70,69,69,69,69,41,41,41,41,39,39,39,38,35,35,9,70,64,64,64,59,45,45,45,45,45,38,23,23,18,12,33,22,70,58,53,53,2,23,44,2,23,23,41,41,41,39,32,32,0],"gold":27,"neow_bonus":"BOSS_RELIC","is_prod":false,"is_daily":false,"chose_seed":false,"campfire_upgraded":7,"win_rate":0,"timestamp":1550939232,"path_taken":["M","M","$","?","M","E","M","R","T","E","R","?","E","M","R","BOSS","M","$","?","M","M","R","?","R","T","M","M","?","M","M","R","BOSS","M","M","?","M","M","R","M","R","T","?","R","?","E","M","R","BOSS"],"build_version":"2019-01-23","purchased_purges":2,"victory":false,"max_hp_per_floor":[70,70,70,70,70,70,70,70,70,70,70,70,70,70,70,70,70,70,70,70,70,70,70,70,70,70,70,70,70,70,70,70,70,70,70,70,70,70,70,70,70,70,70,70,70,70,70,70,70,70],"card_choices":[{"not_picked":["Dagger Spray","Bane"],"picked":"Backstab","floor":1},{"not_picked":["Deflect","Accuracy"],"picked":"Footwork","floor":2},{"not_picked":["Bane","Outmaneuver"],"picked":"Terror","floor":5},{"not_picked":["Deflect","Dodge and Roll"],"picked":"Poisoned Stab","floor":6},{"not_picked":["Reflex","Dagger Throw"],"picked":"Expertise","floor":7},{"not_picked":["Outmaneuver","Deadly Poison"],"picked":"PiercingWail","floor":10},{"not_picked":["Storm of Steel","Quick Slash"],"picked":"Deflect","floor":13},{"not_picked":["Acrobatics","Dagger Throw"],"picked":"Calculated Gamble","floor":14},{"not_picked":["Envenom","Wraith Form v2"],"picked":"After Image","floor":16},{"not_picked":["Flying Knee","Deflect+1"],"picked":"Distraction","floor":18},{"not_picked":["Tactician+1","Concentrate"],"picked":"Slice","floor":21},{"not_picked":["Bane+1","Distraction+1"],"picked":"Caltrops","floor":22},{"not_picked":["Quick Slash","Masterful Stab"],"picked":"Cloak And Dagger","floor":27},{"not_picked":["Quick Slash","Dagger Spray+1","Tactician+1"],"picked":"SKIP","floor":28},{"not_picked":["Underhanded Strike","Slice"],"picked":"Deadly Poison","floor":29},{"not_picked":["All Out Attack","Blade Dance+1","Sucker Punch"],"picked":"SKIP","floor":30},{"not_picked":["Dagger Spray","Outmaneuver","Tactician"],"picked":"SKIP","floor":31},{"not_picked":["Doppelganger","Bullet Time"],"picked":"A Thousand Cuts","floor":33},{"not_picked":["Outmaneuver","Choke","Terror+1"],"picked":"SKIP","floor":35},{"not_picked":["Well Laid Plans","Distraction"],"picked":"Crippling Poison+1","floor":36},{"not_picked":["PanicButton","Dark Shackles"],"picked":"Secret Weapon","floor":37},{"not_picked":["Bane+1","Acrobatics+1","Tactician+1"],"picked":"SKIP","floor":38},{"not_picked":["Deadly Poison","Finisher"],"picked":"Infinite Blades","floor":39},{"not_picked":["Blade Dance","Sucker Punch","Terror+1"],"picked":"SKIP","floor":41},{"not_picked":["Flechettes","Terror"],"picked":"Caltrops","floor":47},{"not_picked":["Distraction+1","Underhanded Strike+1"],"picked":"PiercingWail+1","floor":48}],"player_experience":168474,"relics_obtained":[{"floor":6,"key":"Happy Flower"},{"floor":9,"key":"Whetstone"},{"floor":10,"key":"Oddly Smooth Stone"},{"floor":13,"key":"Orichalcum"},{"floor":26,"key":"Snake Skull"},{"floor":43,"key":"Mercury Hourglass"},{"floor":47,"key":"Potion Belt"}],"event_choices":[{"damage_healed":0,"gold_gain":0,"player_choice":"Grow","damage_taken":0,"max_hp_gain":0,"max_hp_loss":0,"event_name":"Living Wall","floor":4,"gold_loss":0,"cards_upgraded":["Footwork"]},{"damage_healed":0,"gold_gain":175,"player_choice":"AGREE","damage_taken":0,"max_hp_gain":0,"max_hp_loss":0,"event_name":"Liars Game","floor":12,"gold_loss":0,"cards_obtained":["Doubt"]},{"damage_healed":0,"gold_gain":0,"player_choice":"Ignored","damage_taken":0,"max_hp_gain":0,"max_hp_loss":0,"event_name":"Beggar","floor":20,"gold_loss":0},{"damage_healed":0,"gold_gain":100,"player_choice":"Pray","damage_taken":0,"max_hp_gain":0,"max_hp_loss":0,"event_name":"Golden Shrine","floor":24,"gold_loss":0},{"damage_healed":0,"gold_gain":0,"player_choice":"Memory 1","damage_taken":0,"max_hp_gain":0,"max_hp_loss":0,"event_name":"SensoryStone","floor":37,"gold_loss":0},{"damage_healed":18,"gold_gain":0,"player_choice":"Writhe","damage_taken":0,"max_hp_gain":0,"max_hp_loss":0,"event_name":"Winding Halls","floor":44,"gold_loss":0,"cards_obtained":["Writhe"]}],"is_beta":false,"boss_relics":[{"not_picked":["White Beast Statue","Orrery"],"picked":"Ectoplasm"},{"not_picked":["Cursed Key","Coffee Dripper"],"picked":"Lizard Tail"}],"items_purged_floors":[3,19],"is_endless":false,"potions_floor_spawned":[5,7,10,14,21,22,28,31,38,41],"killed_by":"Awakened One","ascension_level":3}