{"gold_per_floor":[119,119,135,155,11,11,11,11,11,31,48,68,80,97,97,201,201,215,215,130,146,146,146,164,164,164,182,201,212,212,212,212,317,317,327,339,339,75,95,95,60,0,72,72,88,38,48,48],"floor_reached":48,"playtime":1173,"items_purged":[],"score":503,"play_id":"0f4fb7dc-b5e9-48d8-abf3-f5634542cf57","local_time":"20190319020831","is_ascension_mode":false,"campfire_choices":[{"data":"Bash","floor":6,"key":"SMITH"},{"data":"Wild Strike","floor":8,"key":"SMITH"},{"floor":15,"key":"REST"},{"data":"Offering","floor":23,"key":"SMITH"},{"data":"J.A.X.","floor":25,"key":"SMITH"},{"floor":30,"key":"REST"},{"floor":32,"key":"REST"},{"floor":40,"key":"REST"},{"floor":44,"key":"REST"}],"neow_cost":"NONE","seed_source_timestamp":305358348489508,"circlet_count":0,"master_deck":["Strike_R","Strike_R","Strike_R+1","Strike_R","Strike_R","Defend_R+1","Defend_R","Defend_R","Defend_R","Bash+1","Double Tap","Wild Strike+1","Wild Strike","Anger","Shrug It Off","Spot Weakness","Impervious","Wild Strike","Offering+1","Thunderclap","J.A.X.+1","Flex+1","Wild Strike","Perfected Strike","Seeing Red+1","Limit Break","Headbutt+1","Twin Strike","Perfected Strike","Flex","Shockwave+1","Inflame","Heavy Blade","Perfected Strike","Wild Strike"],"relics":["Burning Blood","Bronze Scales","Bottled Lightning","Black Star","Pear","Blood Vial","WingedGreaves","Anchor","Runic Cube","DollysMirror","Red Mask","Frozen Egg 2"],"potions_floor_usage":[3,11,12,14,16,24,29,33,33],"damage_taken":[{"damage":6,"enemies":"Jaw Worm","floor":1,"turns":3},{"damage":0,"enemies":"Cultist","floor":3,"turns":2},{"damage":7,"enemies":"2 Louse","floor":4,"turns":2},{"damage":10,"enemies":"2 Fungi Beasts","floor":10,"turns":3},{"damage":13,"enemies":"Lots of Slimes","floor":11,"turns":2},{"damage":2,"enemies":"Gremlin Gang","floor":12,"turns":4},{"damage":0,"enemies":"Exordium Wildlife","floor":13,"turns":2},{"damage":5,"enemies":"Lots of Slimes","floor":14,"turns":1},{"damage":29,"enemies":"Slime Boss","floor":16,"turns":7},{"damage":8,"enemies":"Spheric Guardian","floor":18,"turns":3},{"damage":8,"enemies":"3 Byrds","floor":21,"turns":3},{"damage":9,"enemies":"Centurion and Healer","floor":24,"turns":5},{"damage":23,"enemies":"3 Cultists","floor":27,"turns":4},{"damage":18,"enemies":"Chosen and Byrds","floor":28,"turns":3},{"damage":34,"enemies":"Sentry and Sphere","floor":29,"turns":4},{"damage":57,"enemies":"Champ","floor":33,"turns":8},{"damage":24,"enemies":"Orb Walker","floor":35,"turns":4},{"damage":27,"enemies":"3 Darklings","floor":36,"turns":3},{"damage":74,"enemies":"Spire Growth","floor":39,"turns":4},{"damage":32,"enemies":"Jaw Worm Horde","floor":45,"turns":5},{"damage":41,"enemies":"4 Shapes","floor":47,"turns":5},{"damage":25,"enemies":"Maw","floor":48,"turns":2}],"seed_played":"1192558833605910841","potions_obtained":[{"floor":2,"key":"Swift Potion"},{"floor":2,"key":"SneckoOil"},{"floor":2,"key":"Explosive Potion"},{"floor":10,"key":"FairyPotion"},{"floor":11,"key":"EssenceOfSteel"},{"floor":13,"key":"Explosive Potion"},{"floor":16,"key":"Weak Potion"},{"floor":18,"key":"Block Potion"},{"floor":28,"key":"LiquidBronze"},{"floor":29,"key":"Swift Potion"},{"floor":33,"key":"SpeedPotion"},{"floor":39,"key":"GamblersBrew"},{"floor":47,"key":"Ancient Potion"}],"is_trial":false,"path_per_floor":["M","?","M","M","$","R","?","R","T","M","M","M","M","M","R","B",null,"M","?","?","M","?","R","M","R","T","M","M","M","R","T","R","B",null,"M","M","?","$","M","R","$","?","T","R","M","$","M","M"],"character_chosen":"IRONCLAD","items_purchased":["Bronze Scales","DollysMirror","Flex","Inflame","Perfected Strike"],"campfire_rested":5,"item_purchase_floors":[5,38,38,41,46],"current_hp_per_floor":[80,80,80,79,79,79,63,63,63,59,52,56,62,63,80,57,80,78,78,88,86,86,86,85,85,85,70,60,34,61,61,88,39,90,72,53,53,53,15,42,42,42,42,69,45,45,12,0],"gold":48,"neow_bonus":"ONE_RANDOM_RARE_CARD","is_prod":false,"is_daily":false,"chose_seed":false,"campfire_upgraded":4,"win_rate":0,"timestamp":1552957711,"path_taken":["M","?","M","?","?","R","?","R","T","M","M","M","M","M","R","BOSS","M","?","?","M","?","R","M","R","T","?","M","?","R","?","R","BOSS","M","?","?","?","M","R","$","?","T","R","M","?","?","M"],"build_version":"2019-01-23","purchased_purges":0,"victory":false,"max_hp_per_floor":[80,80,80,80,80,80,80,80,80,80,80,80,80,80,80,80,80,80,80,90,90,90,90,90,90,90,90,90,90,90,90,90,90,90,90,90,90,90,90,90,90,90,90,90,90,90,90,90],"card_choices":[{"not_picked":["Heavy Blade","Sword Boomerang"],"picked":"Wild Strike","floor":1},{"not_picked":["Fire Breathing","Intimidate","Body Slam"],"picked":"SKIP","floor":3},{"not_picked":["Shrug It Off","True Grit"],"picked":"Wild Strike","floor":4},{"not_picked":["Rage","Dual Wield"],"picked":"Anger","floor":10},{"not_picked":["Metallicize","Headbutt"],"picked":"Shrug It Off","floor":11},{"not_picked":["Reckless Charge","Body Slam"],"picked":"Spot Weakness","floor":12},{"not_picked":["Warcry","Bloodletting"],"picked":"Impervious","floor":13},{"not_picked":["Pummel","Shockwave"],"picked":"Wild Strike","floor":14},{"not_picked":["Berserk","Demon Form"],"picked":"Offering","floor":16},{"not_picked":["Shockwave","Body Slam"],"picked":"Thunderclap","floor":18},{"not_picked":["Spot Weakness","Intimidate"],"picked":"Flex+1","floor":21},{"not_picked":["Dual Wield","Iron Wave"],"picked":"Wild Strike","floor":24},{"not_picked":["Juggernaut","True Grit"],"picked":"Perfected Strike","floor":27},{"not_picked":["Battle Trance","Corruption"],"picked":"Seeing Red+1","floor":28},{"not_picked":["Bloodletting","Warcry","Blood for Blood"],"picked":"SKIP","floor":29},{"not_picked":["Demon Form","Reaper"],"picked":"Limit Break","floor":33},{"not_picked":["Disarm","Clash+1"],"picked":"Headbutt+1","floor":35},{"not_picked":["Metallicize","Warcry"],"picked":"Twin Strike","floor":36},{"not_picked":["Evolve+1","Disarm+1"],"picked":"Shockwave+1","floor":39},{"not_picked":["Body Slam","Sword Boomerang+1"],"picked":"Heavy Blade","floor":45},{"not_picked":["Reaper","Blood for Blood"],"picked":"Wild Strike","floor":47}],"player_experience":317624,"relics_obtained":[{"floor":9,"key":"Bottled Lightning"},{"floor":22,"key":"Blood Vial"},{"floor":26,"key":"WingedGreaves"},{"floor":31,"key":"Anchor"},{"floor":43,"key":"Frozen Egg 2"}],"event_choices":[{"damage_healed":0,"gold_gain":0,"player_choice":"Got Potions","damage_taken":0,"max_hp_gain":0,"max_hp_loss":0,"event_name":"Lab","floor":2,"gold_loss":0},{"damage_healed":0,"gold_gain":0,"player_choice":"Entered Light","damage_taken":16,"max_hp_gain":0,"max_hp_loss":0,"event_name":"Shining Light","floor":7,"gold_loss":0,"cards_upgraded":["Strike_R","Defend_R"]},{"damage_healed":0,"gold_gain":0,"player_choice":"Obtain J.A.X.","damage_taken":0,"max_hp_gain":0,"max_hp_loss":0,"event_name":"Drug Dealer","floor":19,"gold_loss":0,"cards_obtained":["J.A.X."]},{"damage_healed":0,"gold_gain":0,"player_choice":"Obtained Relic","damage_taken":0,"relics_obtained":["Pear"],"max_hp_gain":0,"max_hp_loss":0,"event_name":"Addict","floor":20,"gold_loss":85},{"damage_healed":0,"gold_gain":0,"player_choice":"Relic","damage_taken":0,"max_hp_gain":0,"max_hp_loss":0,"event_name":"Wheel of Change","floor":22,"gold_loss":0},{"damage_healed":0,"gold_gain":0,"player_choice":"0 cards matched","damage_taken":0,"max_hp_gain":0,"max_hp_loss":0,"event_name":"Match and Keep!","floor":37,"gold_loss":0,"cards_obtained":[]},{"damage_healed":0,"gold_gain":0,"player_choice":"Paid","damage_taken":0,"relics_obtained":["Red Mask"],"max_hp_gain":0,"max_hp_loss":0,"event_name":"Tomb of Lord Red Mask","floor":42,"gold_loss":60}],"is_beta":false,"boss_relics":[{"not_picked":["Coffee Dripper","Velvet Choker"],"picked":"Black Star"},{"not_picked":["Runic Pyramid","Black Blood"],"picked":"Runic Cube"}],"items_purged_floors":[],"is_endless":false,"potions_floor_spawned":[10,11,13,16,18,28,29,33,39,47],"killed_by":"Maw","ascension_level":0}