{"gold_per_floor":[117,133,152,170,24,24,44,58,58,58,12,12,29,43,43,147,147,167,184,67,77,77,77,77],"floor_reached":24,"playtime":1150,"items_purged":[],"score":250,"play_id":"01b42897-0049-47bc-b352-c18566773376","local_time":"20190308153805","is_ascension_mode":true,"campfire_choices":[{"data":"Noxious Fumes","floor":6.0,"key":"SMITH"},{"data":"Blur","floor":10.0,"key":"SMITH"},{"data":"Escape Plan","floor":15,"key":"SMITH"},{"data":"Backflip","floor":23,"key":"SMITH"}],"neow_cost":"CURSE","seed_source_timestamp":7684757491735,"circlet_count":0,"master_deck":["Defend_G","Defend_G","Defend_G","Defend_G","Defend_G","Strike_G","Strike_G","Strike_G","Strike_G","Strike_G","Survivor+1","Neutralize","Doubt","Noxious Fumes+1","Poisoned Stab","Blur+1","Catalyst","Deflect","PiercingWail","Reflex","Escape Plan+1","Adrenaline","Backflip+1","Catalyst"],"special_seed":0,"relics":["Ring of the Snake","The Specimen","Happy Flower","Mummified Hand","Eternal Feather"],"potions_floor_usage":[16,21],"damage_taken":[{"damage":4.0,"enemies":"Cultist","floor":1.0,"turns":6.0},{"damage":3.0,"enemies":"Jaw Worm","floor":2.0,"turns":7.0},{"damage":6.0,"enemies":"2 Louse","floor":3.0,"turns":4.0},{"damage":6.0,"enemies":"Blue Slaver","floor":4.0,"turns":6.0},{"damage":5.0,"enemies":"Exordium Thugs","floor":7.0,"turns":6.0},{"damage":7.0,"enemies":"Gremlin Gang","floor":8.0,"turns":10.0},{"damage":0.0,"enemies":"2 Fungi Beasts","floor":13.0,"turns":4.0},{"damage":0,"enemies":"3 Louse","floor":14,"turns":3},{"damage":22,"enemies":"The Guardian","floor":16,"turns":9},{"damage":7,"enemies":"Shell Parasite","floor":18,"turns":7},{"damage":18,"enemies":"Spheric Guardian","floor":19,"turns":5},{"damage":18,"enemies":"Shelled Parasite and Fungi","floor":21,"turns":5},{"damage":26,"enemies":"Snecko","floor":24,"turns":6}],"seed_played":"3991136335571298990","potions_obtained":[{"floor":1.0,"key":"SteroidPotion"},{"floor":2.0,"key":"Fruit Juice"},{"floor":4.0,"key":"Swift Potion"},{"floor":13.0,"key":"Poison Potion"}],"is_trial":false,"path_per_floor":["M","M","M","M","$","R","M","M","T","R","$","?","M","M","R","B",null,"M","M","$","M","?","R","M"],"character_chosen":"THE_SILENT","items_purchased":["Happy Flower","Deflect","Catalyst","Block Potion"],"campfire_rested":0,"item_purchase_floors":[5,11,20,20],"current_hp_per_floor":[59,61,55,49,49,49,44,37,37,37,37,37,37,37,37,15,60,53,35,35,17,17,29,3],"gold":77,"neow_bonus":"ONE_RARE_RELIC","is_prod":false,"is_daily":false,"chose_seed":false,"campfire_upgraded":4,"win_rate":0,"timestamp":1552030685,"path_taken":["M","M","M","M","$","R","M","M","T","R","?","?","M","M","R","BOSS","M","M","$","M","?","R","M"],"build_version":"2019-01-23","purchased_purges":0,"victory":false,"max_hp_per_floor":[70,75,75,75,75,75,75,75,75,75,75,75,75,75,75,75,75,75,75,75,75,75,75,75],"card_choices":[{"not_picked":["All Out Attack","Eviscerate"],"picked":"Noxious Fumes","floor":1.0},{"not_picked":["Dagger Throw","Quick Slash"],"picked":"Poisoned Stab","floor":2.0},{"not_picked":["Blade Dance","Cloak And Dagger"],"picked":"Blur","floor":3.0},{"not_picked":["Dagger Spray","Dagger Throw","Flying Knee"],"picked":"SKIP","floor":4.0},{"not_picked":["Prepared","Cloak And Dagger"],"picked":"Catalyst","floor":7.0},{"not_picked":["Acrobatics","Heel Hook","Tactician"],"picked":"SKIP","floor":8.0},{"not_picked":["Dodge and Roll","Infinite Blades","Outmaneuver"],"picked":"SKIP","floor":13.0},{"not_picked":["Glass Knife","Sucker Punch"],"picked":"Escape Plan","floor":14},{"not_picked":["Glass Knife","Tools of the Trade"],"picked":"Adrenaline","floor":16},{"not_picked":["Prepared","Sucker Punch"],"picked":"Backflip","floor":18},{"not_picked":["Prepared","Reflex","Quick Slash+1"],"picked":"SKIP","floor":19},{"not_picked":["Dagger Spray","Cloak And Dagger","Masterful Stab"],"picked":"SKIP","floor":21}],"player_experience":258846,"relics_obtained":[{"floor":9.0,"key":"Mummified Hand"}],"event_choices":[{"damage_healed":0.0,"max_hp_gain":0.0,"max_hp_loss":0.0,"gold_gain":0.0,"event_name":"Match and Keep!","player_choice":"2 cards matched","floor":12.0,"gold_loss":0.0,"damage_taken":0.0,"cards_obtained":["PiercingWail","Reflex"]},{"damage_healed":0,"gold_gain":0,"player_choice":"Upgraded","damage_taken":0,"max_hp_gain":0,"max_hp_loss":0,"event_name":"Upgrade Shrine","floor":22,"gold_loss":0,"cards_upgraded":["Survivor"]}],"is_beta":false,"boss_relics":[{"not_picked":["Busted Crown","Philosopher\u0027s Stone"],"picked":"Eternal Feather"}],"items_purged_floors":[],"is_endless":false,"potions_floor_spawned":[1,2,4,13],"killed_by":"Snecko","ascension_level":6}