{"gold_per_floor":[111,111,165,177,193,224,224,243,269,269,344,344,360,97,97,198,198,210,210,221,234,234,234,264,264,310,329,339,373,387,399,399,503,503,517,35,135,135,65,65,84,100,127,127,154,114,114,125,125,125],"floor_reached":51,"playtime":1386,"items_purged":[],"score":772,"play_id":"f59e5f91-8232-4b35-a684-5ec112f6e41b","local_time":"20190314180711","is_ascension_mode":false,"campfire_choices":[{"floor":7,"key":"REST"},{"data":"Perfected Strike","floor":10,"key":"SMITH"},{"data":"Offering","floor":15,"key":"SMITH"},{"data":"Demon Form","floor":23,"key":"SMITH"},{"data":"Flex","floor":25,"key":"SMITH"},{"data":"Perfected Strike","floor":32,"key":"SMITH"},{"data":"Perfected Strike","floor":40,"key":"SMITH"},{"data":"Cleave","floor":47,"key":"SMITH"},{"data":"Heavy Blade","floor":49,"key":"SMITH"}],"neow_cost":"NONE","seed_source_timestamp":1231630464701671,"circlet_count":0,"master_deck":["Strike_R+1","Strike_R","Strike_R+1","Strike_R","Defend_R","Defend_R","Defend_R","Defend_R","Bash+1","Shrug It Off","Cleave+1","Clothesline","Perfected Strike+1","Wild Strike","Twin Strike","Flex","Offering+1","Demon Form+1","Flame Barrier+1","Heavy Blade+1","Pommel Strike","Flex+1","Thunderclap","Heavy Blade+1","Perfected Strike+1","Feed","Perfected Strike+1","Anger","Double Tap","Dropkick+1","Perfected Strike+1","Inflame","Flash of Steel","Flame Barrier","Thunderclap+1","Seeing Red","Pummel","Flex","Flex","Twin Strike+1"],"relics":["Burning Blood","Bag of Marbles","Orichalcum","Philosopher\u0027s Stone","Red Mask","Bronze Scales","Happy Flower","Runic Cube","Self Forming Clay","Ginger","Ancient Tea Set","Blood Vial","Anchor"],"potions_floor_usage":[6,16,20,21,28,29,29,33,37,37,50,50,50],"damage_taken":[{"damage":1,"enemies":"Cultist","floor":1,"turns":3},{"damage":5,"enemies":"Small Slimes","floor":4,"turns":3},{"damage":0,"enemies":"2 Louse","floor":5,"turns":2},{"damage":31,"enemies":"3 Sentries","floor":6,"turns":8},{"damage":6,"enemies":"Exordium Wildlife","floor":8,"turns":3},{"damage":1,"enemies":"Gremlin Gang","floor":13,"turns":4},{"damage":26,"enemies":"Hexaghost","floor":16,"turns":8},{"damage":8,"enemies":"2 Thieves","floor":18,"turns":3},{"damage":4,"enemies":"Shell Parasite","floor":20,"turns":3},{"damage":13,"enemies":"3 Cultists","floor":21,"turns":4},{"damage":2,"enemies":"Masked Bandits","floor":24,"turns":3},{"damage":6,"enemies":"Shelled Parasite and Fungi","floor":27,"turns":2},{"damage":0,"enemies":"Snake Plant","floor":28,"turns":2},{"damage":13,"enemies":"Book of Stabbing","floor":29,"turns":3},{"damage":0,"enemies":"Snecko","floor":30,"turns":2},{"damage":1,"enemies":"Cultist and Chosen","floor":31,"turns":4},{"damage":53,"enemies":"Collector","floor":33,"turns":5},{"damage":0,"enemies":"3 Darklings","floor":35,"turns":2},{"damage":0,"enemies":"Mind Bloom Boss Battle","floor":37,"turns":2},{"damage":4,"enemies":"Orb Walker","floor":41,"turns":2},{"damage":13,"enemies":"4 Shapes","floor":42,"turns":2},{"damage":15,"enemies":"Nemesis","floor":45,"turns":3},{"damage":3,"enemies":"Maw","floor":48,"turns":3},{"damage":47,"enemies":"Donu and Deca","floor":50,"turns":6}],"seed_played":"9005374127428481997","potions_obtained":[{"floor":5,"key":"Fruit Juice"},{"floor":6,"key":"Block Potion"},{"floor":8,"key":"GamblersBrew"},{"floor":16,"key":"Regen Potion"},{"floor":18,"key":"AttackPotion"},{"floor":20,"key":"Poison Potion"},{"floor":27,"key":"SkillPotion"},{"floor":28,"key":"BloodPotion"},{"floor":31,"key":"EssenceOfSteel"},{"floor":33,"key":"AttackPotion"},{"floor":35,"key":"Swift Potion"},{"floor":45,"key":"Weak Potion"},{"floor":46,"key":"GamblersBrew"},{"floor":48,"key":"AttackPotion"}],"is_trial":false,"path_per_floor":["M","?","?","M","M","E","R","M","T","R","?","?","M","$","R","B",null,"M","?","M","M","?","R","?","R","T","M","M","E","M","M","R","B",null,"M","$","?","?","$","R","M","M","T","T","E","?","R","M","R","B",null],"character_chosen":"IRONCLAD","items_purchased":["Twin Strike","Flex","Offering","Perfected Strike","Inflame","Flash of Steel","Self Forming Clay","Flame Barrier","Pummel"],"campfire_rested":1,"item_purchase_floors":[14,14,14,36,36,36,36,36,39],"current_hp_per_floor":[80,64,64,65,71,51,76,76,76,76,65,65,70,70,70,50,85,83,83,85,83,83,83,85,85,85,85,85,85,85,85,85,38,85,85,85,85,85,85,85,85,78,78,78,71,71,71,76,76,40],"gold":125,"neow_bonus":"UPGRADE_CARD","is_prod":false,"is_daily":false,"chose_seed":false,"campfire_upgraded":8,"win_rate":0,"timestamp":1552583231,"path_taken":["M","?","?","M","M","E","R","M","T","R","?","?","M","$","R","BOSS","M","?","?","M","?","R","?","R","T","M","M","E","M","M","R","BOSS","M","$","?","?","$","R","?","M","T","?","E","?","R","M","R","BOSS"],"build_version":"2019-01-23","purchased_purges":0,"victory":true,"max_hp_per_floor":[80,80,80,80,80,85,85,85,85,85,85,85,85,85,85,85,85,85,85,85,85,85,85,85,85,85,85,85,85,85,85,85,85,85,85,85,85,85,85,85,85,85,85,85,85,85,85,85,85,88],"card_choices":[{"not_picked":["Anger","Sever Soul"],"picked":"Shrug It Off","floor":1},{"not_picked":["Battle Trance","Intimidate"],"picked":"Cleave","floor":4},{"not_picked":["Twin Strike","True Grit"],"picked":"Clothesline","floor":5},{"not_picked":["Rupture","Whirlwind"],"picked":"Perfected Strike","floor":6},{"not_picked":["Bloodletting","Iron Wave"],"picked":"Wild Strike","floor":8},{"not_picked":["Body Slam","Warcry","Rage"],"picked":"SKIP","floor":13},{"not_picked":["Juggernaut","Dark Embrace"],"picked":"Demon Form","floor":16},{"not_picked":["Uppercut+1","Shrug It Off"],"picked":"Flame Barrier","floor":18},{"not_picked":["Thunderclap","Sever Soul"],"picked":"Heavy Blade+1","floor":20},{"not_picked":["Warcry","Shrug It Off"],"picked":"Pommel Strike","floor":21},{"not_picked":["Carnage+1","True Grit"],"picked":"Thunderclap","floor":24},{"not_picked":["Pommel Strike+1","Immolate"],"picked":"Heavy Blade","floor":27},{"not_picked":["Clothesline+1","Havoc"],"picked":"Perfected Strike+1","floor":28},{"not_picked":["Corruption","Clash"],"picked":"Feed","floor":29},{"not_picked":["Armaments","Fire Breathing"],"picked":"Perfected Strike","floor":30},{"not_picked":["Reckless Charge","Bloodletting"],"picked":"Anger","floor":31},{"not_picked":["Berserk","Impervious"],"picked":"Double Tap","floor":33},{"not_picked":["Disarm+1","Thunderclap+1"],"picked":"Dropkick+1","floor":35},{"not_picked":["Pummel+1","Burning Pact"],"picked":"Thunderclap+1","floor":37},{"not_picked":["Clothesline+1","True Grit"],"picked":"Flex","floor":41},{"not_picked":["Thunderclap+1","Combust+1"],"picked":"Flex","floor":42},{"not_picked":["Disarm+1","Clash"],"picked":"Twin Strike+1","floor":45},{"not_picked":["Headbutt","Barricade","Clothesline+1"],"picked":"SKIP","floor":48}],"player_experience":297998,"relics_obtained":[{"floor":6,"key":"Bag of Marbles"},{"floor":9,"key":"Orichalcum"},{"floor":24,"key":"Red Mask"},{"floor":26,"key":"Bronze Scales"},{"floor":29,"key":"Happy Flower"},{"floor":37,"key":"Ginger"},{"floor":43,"key":"Ancient Tea Set"},{"floor":44,"key":"Blood Vial"},{"floor":45,"key":"Anchor"}],"event_choices":[{"damage_healed":0,"gold_gain":0,"player_choice":"Entered Light","damage_taken":16,"max_hp_gain":0,"max_hp_loss":0,"event_name":"Shining Light","floor":2,"gold_loss":0,"cards_upgraded":["Strike_R","Strike_R"]},{"damage_healed":0,"gold_gain":54,"player_choice":"Gained Gold","damage_taken":0,"max_hp_gain":0,"max_hp_loss":0,"event_name":"Golden Wing","floor":3,"gold_loss":0},{"damage_healed":0,"gold_gain":75,"player_choice":"Gather Gold","damage_taken":11,"max_hp_gain":0,"max_hp_loss":0,"event_name":"World of Goop","floor":11,"gold_loss":0},{"damage_healed":0,"gold_gain":0,"player_choice":"Ignored","damage_taken":0,"max_hp_gain":0,"max_hp_loss":0,"event_name":"Golden Idol","floor":12,"gold_loss":0},{"damage_healed":0,"gold_gain":0,"player_choice":"Forge","damage_taken":0,"max_hp_gain":0,"max_hp_loss":0,"event_name":"Accursed Blacksmith","floor":19,"gold_loss":0,"cards_upgraded":["Flame Barrier"]},{"damage_healed":0,"gold_gain":0,"player_choice":"Read","damage_taken":0,"max_hp_gain":0,"max_hp_loss":0,"event_name":"The Library","floor":22,"gold_loss":0,"cards_obtained":["Flex"]},{"damage_healed":0,"gold_gain":0,"player_choice":"Fought Bandits","damage_taken":0,"max_hp_gain":0,"max_hp_loss":0,"event_name":"Masked Bandits","floor":24,"gold_loss":0},{"damage_healed":0,"gold_gain":0,"player_choice":"Fight","damage_taken":0,"max_hp_gain":0,"max_hp_loss":0,"event_name":"MindBloom","floor":37,"gold_loss":0},{"damage_healed":0,"gold_gain":0,"cards_transformed":["Strike_R"],"player_choice":"Transformed","damage_taken":0,"max_hp_gain":0,"max_hp_loss":0,"event_name":"Transmorgrifier","floor":38,"gold_loss":0,"cards_obtained":["Seeing Red"]},{"damage_healed":0,"gold_gain":0,"player_choice":"Bought 3 Potions","damage_taken":0,"max_hp_gain":0,"max_hp_loss":0,"event_name":"The Woman in Blue","floor":46,"gold_loss":0}],"is_beta":false,"boss_relics":[{"not_picked":["Coffee Dripper","Snecko Eye"],"picked":"Philosopher\u0027s Stone"},{"not_picked":["Calling Bell","Fusion Hammer"],"picked":"Runic Cube"}],"items_purged_floors":[],"is_endless":false,"potions_floor_spawned":[5,6,8,16,18,20,27,28,31,33,35,45,48],"ascension_level":0}