{"gold_per_floor":[211,211,222,77,87,98,115,125,149,149,169,69,69,87,87,182,182,200,200,214,228,34,34,45,64,118,118,118,217,217,233,233,337,337,354,204,204,222,47,47,66,66,120,132,132,132,132,151,151,151],"floor_reached":51,"playtime":2883,"items_purged":["Strike_B","Defend_B","Dualcast","Defend_B","Bite"],"score":693,"play_id":"28bffcb4-f585-4b17-9d9d-6be0b61f6e90","local_time":"20190223220636","is_ascension_mode":false,"campfire_choices":[{"data":"Defragment","floor":10.0,"key":"SMITH"},{"data":"Genetic Algorithm","floor":13.0,"key":"SMITH"},{"data":"Defragment","floor":15.0,"key":"SMITH"},{"data":"Capacitor","floor":23.0,"key":"SMITH"},{"data":"Blizzard","floor":32.0,"key":"SMITH"},{"data":"Chill","floor":40,"key":"SMITH"},{"data":"Blizzard","floor":42,"key":"SMITH"},{"data":"Coolheaded","floor":47,"key":"SMITH"},{"data":"Coolheaded","floor":49,"key":"SMITH"}],"neow_cost":"NONE","seed_source_timestamp":37404994468700,"circlet_count":0,"master_deck":["Defend_B","Defend_B","Blizzard+1","Genetic Algorithm+1","Coolheaded+1","Coolheaded+1","Defragment+1","Capacitor+1","Defragment+1","Coolheaded+1","Blizzard+1","Self Repair","Bite","Bite","Bite","Bite","Barrage+1","Chill+1"],"special_seed":0,"relics":["Cracked Core","Juzu Bracelet","Velvet Choker","Centennial Puzzle","Enchiridion","Runic Dome","Blood Vial"],"potions_floor_usage":[],"damage_taken":[{"damage":2.0,"enemies":"2 Louse","floor":1.0,"turns":3.0},{"damage":1.0,"enemies":"Cultist","floor":3.0,"turns":4.0},{"damage":0.0,"enemies":"Jaw Worm","floor":5.0,"turns":3.0},{"damage":10.0,"enemies":"Large Slime","floor":6.0,"turns":9.0},{"damage":4.0,"enemies":"Exordium Thugs","floor":7.0,"turns":11.0},{"damage":11.0,"enemies":"3 Louse","floor":8.0,"turns":5.0},{"damage":8.0,"enemies":"2 Fungi Beasts","floor":11.0,"turns":4.0},{"damage":3.0,"enemies":"Exordium Wildlife","floor":14.0,"turns":7.0},{"damage":32.0,"enemies":"The Guardian","floor":16.0,"turns":14.0},{"damage":5.0,"enemies":"Spheric Guardian","floor":18.0,"turns":8.0},{"damage":6.0,"enemies":"3 Byrds","floor":20.0,"turns":7.0},{"damage":3.0,"enemies":"Cultist and Chosen","floor":21.0,"turns":9.0},{"damage":11.0,"enemies":"Chosen and Byrds","floor":24.0,"turns":8.0},{"damage":0.0,"enemies":"3 Cultists","floor":25.0,"turns":6.0},{"damage":0.0,"enemies":"Centurion and Healer","floor":31.0,"turns":7.0},{"damage":11.0,"enemies":"Champ","floor":33.0,"turns":13.0},{"damage":5.0,"enemies":"Orb Walker","floor":35.0,"turns":5.0},{"damage":18,"enemies":"3 Shapes","floor":38,"turns":7},{"damage":4,"enemies":"Maw","floor":41,"turns":8},{"damage":14,"enemies":"Jaw Worm Horde","floor":44,"turns":6},{"damage":4,"enemies":"3 Darklings","floor":48,"turns":4},{"damage":21,"enemies":"Awakened One","floor":50,"turns":13}],"seed_played":"4712819818699750609","potions_obtained":[{"floor":1.0,"key":"AttackPotion"},{"floor":3.0,"key":"Strength Potion"},{"floor":6.0,"key":"PowerPotion"},{"floor":16.0,"key":"PowerPotion"}],"is_trial":false,"path_per_floor":["?","M","$","?","$","?","?","?","?","$","?"],"character_chosen":"DEFECT","items_purchased":["Genetic Algorithm","Self Repair"],"campfire_rested":0,"item_purchase_floors":[4,22],"current_hp_per_floor":[73,73,72,72,72,62,58,47,47,47,39,39,39,36,36,4,75,70,70,64,61,61,61,57,64,64,48,48,48,48,52,52,52,52,52,52,52,45,45,45,52,52,52,52,49,49,49,49,49,49],"gold":151,"neow_bonus":"HUNDRED_GOLD","is_prod":false,"is_daily":false,"chose_seed":false,"campfire_upgraded":9,"win_rate":0,"timestamp":1550977596,"path_taken":["M","?","?","?","M","M","M","M","T","R","M","$","R","M","R","BOSS","M","?","M","M","?","R","M","M","T","?","$","?","?","M","R","BOSS","M","$","?","M","?","R","M","R","T","M","?","$","R","M","R","BOSS"],"build_version":"2019-01-23","purchased_purges":5,"victory":true,"max_hp_per_floor":[75,75,75,75,75,75,75,75,75,75,75,75,75,75,75,75,75,75,75,75,75,75,75,75,75,75,75,75,75,52,52,52,52,52,52,52,52,52,52,52,52,52,52,52,49,49,49,49,49,49],"card_choices":[{"not_picked":["Reprogram","Compile Driver"],"picked":"Blizzard","floor":1.0},{"not_picked":["Reprogram","Steam","Streamline"],"picked":"SKIP","floor":3.0},{"not_picked":["Sweeping Beam","Double Energy"],"picked":"Coolheaded","floor":5.0},{"not_picked":["Cold Snap","Ball Lightning"],"picked":"Coolheaded","floor":6.0},{"not_picked":["Self Repair","Steam"],"picked":"Defragment","floor":7.0},{"not_picked":["Machine Learning","Sweeping Beam"],"picked":"Capacitor","floor":8.0},{"not_picked":["Recycle","Compile Driver","Streamline"],"picked":"SKIP","floor":11.0},{"not_picked":["Coolheaded","Sweeping Beam"],"picked":"Defragment","floor":14.0},{"not_picked":["Darkness","Stack","Redo"],"picked":"SKIP","floor":18.0},{"not_picked":["Ball Lightning+1","Streamline+1"],"picked":"Coolheaded+1","floor":20.0},{"not_picked":["Consume","Stack+1"],"picked":"Blizzard","floor":21.0},{"not_picked":["Auto Shields+1","Coolheaded","Blizzard"],"picked":"SKIP","floor":24.0},{"not_picked":["Electrodynamics","Static Discharge","Rebound"],"picked":"SKIP","floor":25.0},{"not_picked":["Streamline+1","Loop","Steam+1"],"picked":"SKIP","floor":31.0},{"not_picked":["Cold Snap","Sweeping Beam"],"picked":"Barrage+1","floor":35.0},{"not_picked":["Capacitor","Coolheaded+1"],"picked":"Chill","floor":38},{"not_picked":["Cold Snap+1","Hologram","Leap+1"],"picked":"SKIP","floor":41},{"not_picked":["Heatsinks+1","Rebound+1","Steam+1"],"picked":"SKIP","floor":44},{"not_picked":["Coolheaded","Compile Driver","Aggregate+1"],"picked":"SKIP","floor":48}],"player_experience":127797,"relics_obtained":[{"floor":9.0,"key":"Juzu Bracelet"},{"floor":26.0,"key":"Centennial Puzzle"},{"floor":27.0,"key":"Enchiridion"},{"floor":43,"key":"Blood Vial"}],"event_choices":[{"damage_healed":0.0,"max_hp_gain":0.0,"max_hp_loss":0.0,"gold_gain":0.0,"event_name":"NoteForYourself","player_choice":"Ignored","floor":2.0,"gold_loss":0.0,"damage_taken":0.0},{"cards_removed":["Zap"],"damage_healed":0.0,"max_hp_gain":0.0,"max_hp_loss":0.0,"gold_gain":0.0,"event_name":"Bonfire Elementals","player_choice":"Offered Basic","floor":19.0,"gold_loss":0.0,"damage_taken":0.0},{"damage_healed":0.0,"max_hp_gain":0.0,"max_hp_loss":0.0,"gold_gain":0.0,"event_name":"Cursed Tome","player_choice":"Obtained Book","floor":27.0,"gold_loss":0.0,"damage_taken":16.0},{"damage_healed":0.0,"max_hp_gain":0.0,"max_hp_loss":0.0,"gold_gain":99.0,"event_name":"Nest","player_choice":"Stole From Cult","floor":29.0,"gold_loss":0.0,"damage_taken":0.0},{"damage_healed":0.0,"max_hp_gain":0.0,"max_hp_loss":23.0,"gold_gain":0.0,"event_name":"Vampires","player_choice":"Became a vampire","floor":30.0,"gold_loss":0.0,"damage_taken":0.0,"cards_obtained":["Bite","Bite","Bite","Bite","Bite"]},{"damage_healed":0,"gold_gain":0,"player_choice":"Ignored","damage_taken":0,"max_hp_gain":0,"max_hp_loss":0,"event_name":"SecretPortal","floor":37,"gold_loss":0},{"damage_healed":0,"gold_gain":0,"player_choice":"Max HP","damage_taken":0,"max_hp_gain":0,"max_hp_loss":3,"event_name":"Winding Halls","floor":45,"gold_loss":0}],"is_beta":false,"boss_relics":[{"not_picked":["White Beast Statue","Eternal Feather"],"picked":"Velvet Choker"},{"not_picked":["Snecko Eye","Astrolabe"],"picked":"Runic Dome"}],"items_purged_floors":[4,12,22,36,39],"is_endless":false,"potions_floor_spawned":[1,3,6,14,16,18,20,21,33,44,48],"ascension_level":0}