{"gold_per_floor":[112,112,77,147,157,190,190,202,202,164,181,66,66,85,85,183,183,199,199,9,24,39,39,1,15,15,15,32,51,51,69,69,173,173,189,189,200,200,211,211,211],"floor_reached":41,"playtime":1092,"items_purged":["Evolve","Decay"],"score":445,"play_id":"8879c411-60ea-4033-ae3c-1063b2c3060d","local_time":"20190319005039","is_ascension_mode":false,"campfire_choices":[{"floor":7,"key":"REST"},{"data":"Perfected Strike","floor":13,"key":"SMITH"},{"floor":15,"key":"REST"},{"floor":23,"key":"REST"},{"floor":32,"key":"REST"},{"floor":40,"key":"REST"}],"neow_cost":"NONE","seed_source_timestamp":300766450798424,"circlet_count":0,"master_deck":["Strike_R","Strike_R+1","Strike_R","Strike_R","Strike_R","Defend_R","Defend_R","Defend_R","Defend_R","Bash","Cleave+1","Flex","Twin Strike","Perfected Strike","Perfected Strike+1","Pommel Strike","Rampage","Rampage","Parasite","Decay","Offering","Feed","Thunderclap","Dramatic Entrance","Feed","Heavy Blade+1","Pommel Strike","Flex","Iron Wave+1","Wild Strike+1","Flex+1","Perfected Strike+1","Shrug It Off","Exhume","Inflame+1","Secret Weapon","Magnetism","Pummel+1","Wild Strike"],"relics":["Burning Blood","The Courier","Kunai","Calling Bell","Potion Belt","Meat on the Bone","Dead Branch","Omamori","Runic Cube"],"potions_floor_usage":[25,29,33,35,39],"damage_taken":[{"damage":5,"enemies":"2 Louse","floor":1,"turns":2},{"damage":8,"enemies":"Jaw Worm","floor":5,"turns":3},{"damage":39,"enemies":"Lagavulin","floor":6,"turns":6},{"damage":5,"enemies":"Small Slimes","floor":8,"turns":2},{"damage":9,"enemies":"Exordium Thugs","floor":11,"turns":4},{"damage":11,"enemies":"Red Slaver","floor":14,"turns":3},{"damage":68,"enemies":"Hexaghost","floor":16,"turns":8},{"damage":42,"enemies":"Shell Parasite","floor":18,"turns":6},{"damage":14,"enemies":"3 Byrds","floor":21,"turns":3},{"damage":18,"enemies":"Cultist and Chosen","floor":22,"turns":5},{"damage":6,"enemies":"3 Cultists","floor":25,"turns":4},{"damage":2,"enemies":"Centurion and Healer","floor":28,"turns":3},{"damage":34,"enemies":"Shelled Parasite and Fungi","floor":29,"turns":4},{"damage":6,"enemies":"Chosen and Byrds","floor":31,"turns":4},{"damage":76,"enemies":"Collector","floor":33,"turns":7},{"damage":7,"enemies":"Orb Walker","floor":35,"turns":2},{"damage":43,"enemies":"3 Darklings","floor":37,"turns":4},{"damage":42,"enemies":"Writhing Mass","floor":39,"turns":5},{"damage":69,"enemies":"Spire Growth","floor":41,"turns":5}],"seed_played":"2877051953992507203","potions_obtained":[{"floor":5,"key":"Ancient Potion"},{"floor":14,"key":"SpeedPotion"},{"floor":16,"key":"GamblersBrew"},{"floor":22,"key":"AttackPotion"},{"floor":28,"key":"SpeedPotion"},{"floor":33,"key":"Explosive Potion"},{"floor":37,"key":"Fire Potion"},{"floor":39,"key":"GamblersBrew"}],"is_trial":false,"path_per_floor":["M","?","?","?","M","E","R","M","T","$","M","$","R","M","R","B",null,"M","?","$","M","M","R","$","M","T","$","M","M","?","M","R","B",null,"M","?","M","?","M","R","M"],"character_chosen":"IRONCLAD","items_purchased":["Pommel Strike","Rampage","Feed","Flex"],"campfire_rested":5,"item_purchase_floors":[10,12,20,24],"current_hp_per_floor":[80,64,80,80,78,45,69,70,70,70,67,67,67,62,80,18,80,56,56,56,54,57,83,83,83,83,83,87,62,62,62,89,31,92,94,89,67,67,43,72,3],"gold":211,"neow_bonus":"THREE_CARDS","is_prod":false,"is_daily":false,"chose_seed":false,"campfire_upgraded":1,"win_rate":0,"timestamp":1552953039,"path_taken":["M","?","?","?","M","E","R","M","T","$","M","$","R","M","R","BOSS","M","?","$","?","M","R","?","M","T","$","M","?","?","M","R","BOSS","M","?","M","?","M","R","M"],"build_version":"2019-01-23","purchased_purges":2,"victory":false,"max_hp_per_floor":[80,80,80,80,80,80,80,80,80,80,80,80,80,80,80,80,80,80,80,80,86,89,89,89,89,89,89,89,92,92,92,92,92,92,95,95,98,98,98,98,98],"card_choices":[{"not_picked":["Metallicize","Headbutt"],"picked":"Cleave","floor":0},{"not_picked":["Cleave","Havoc"],"picked":"Flex","floor":1},{"not_picked":["Cleave","Havoc"],"picked":"Twin Strike","floor":5},{"not_picked":["Intimidate","Thunderclap"],"picked":"Perfected Strike","floor":6},{"not_picked":["Shrug It Off","Evolve"],"picked":"Perfected Strike","floor":8},{"not_picked":["Warcry","Twin Strike"],"picked":"Evolve","floor":11},{"not_picked":["Iron Wave","Whirlwind"],"picked":"Rampage","floor":14},{"not_picked":["Heavy Blade+1","Clash"],"picked":"Offering","floor":18},{"not_picked":["Havoc","Second Wind"],"picked":"Heavy Blade+1","floor":21},{"not_picked":["Anger","Shrug It Off"],"picked":"Pommel Strike","floor":22},{"not_picked":["Searing Blow","Metallicize"],"picked":"Iron Wave+1","floor":25},{"not_picked":["Cleave+1","Rupture"],"picked":"Wild Strike+1","floor":28},{"not_picked":["True Grit","Anger"],"picked":"Flex+1","floor":29},{"not_picked":["Anger+1","Iron Wave+1"],"picked":"Shrug It Off","floor":31},{"not_picked":["Juggernaut","Dark Embrace"],"picked":"Exhume","floor":33},{"not_picked":["Twin Strike","Flex+1"],"picked":"Inflame+1","floor":35},{"not_picked":["HandOfGreed","Good Instincts"],"picked":"Secret Weapon","floor":36},{"not_picked":["HandOfGreed","Purity"],"picked":"Magnetism","floor":36},{"not_picked":["True Grit","Iron Wave+1"],"picked":"Pummel+1","floor":37},{"not_picked":["Sword Boomerang","Bloodletting+1"],"picked":"Wild Strike","floor":39}],"player_experience":313107,"relics_obtained":[{"floor":6,"key":"The Courier"},{"floor":9,"key":"Kunai"},{"floor":17,"key":"Potion Belt"},{"floor":17,"key":"Meat on the Bone"},{"floor":17,"key":"Dead Branch"},{"floor":26,"key":"Omamori"}],"event_choices":[{"damage_healed":0,"gold_gain":0,"player_choice":"Entered Light","damage_taken":16,"max_hp_gain":0,"max_hp_loss":0,"event_name":"Shining Light","floor":2,"gold_loss":0,"cards_upgraded":["Strike_R","Cleave"]},{"damage_healed":20,"gold_gain":0,"player_choice":"Healed","damage_taken":0,"max_hp_gain":0,"max_hp_loss":0,"event_name":"The Cleric","floor":3,"gold_loss":35},{"damage_healed":0,"gold_gain":70,"player_choice":"Gained Gold","damage_taken":0,"max_hp_gain":0,"max_hp_loss":0,"event_name":"Golden Wing","floor":4,"gold_loss":0},{"damage_healed":0,"gold_gain":0,"player_choice":"3 cards matched","damage_taken":0,"max_hp_gain":0,"max_hp_loss":0,"event_name":"Match and Keep!","floor":19,"gold_loss":0,"cards_obtained":["Feed","Thunderclap","Dramatic Entrance"]},{"damage_healed":0,"gold_gain":0,"player_choice":"Copied","damage_taken":0,"max_hp_gain":0,"max_hp_loss":0,"event_name":"Duplicator","floor":30,"gold_loss":0,"cards_obtained":["Perfected Strike"]},{"damage_healed":0,"gold_gain":0,"player_choice":"Memory 2","damage_taken":5,"max_hp_gain":0,"max_hp_loss":0,"event_name":"SensoryStone","floor":36,"gold_loss":0},{"damage_healed":0,"gold_gain":0,"player_choice":"Ignored","damage_taken":0,"max_hp_gain":0,"max_hp_loss":0,"event_name":"Mysterious Sphere","floor":38,"gold_loss":0}],"is_beta":false,"boss_relics":[{"not_picked":["Empty Cage","Ectoplasm"],"picked":"Calling Bell"},{"not_picked":["Black Blood","Sozu"],"picked":"Runic Cube"}],"items_purged_floors":[12,20],"is_endless":false,"potions_floor_spawned":[5,14,16,22,28,33,37,39],"killed_by":"Spire Growth","ascension_level":0}