{"gold_per_floor":[361,374,385,42,58,90,90,90,90,108,108,122,22,22,22,126,126,145,161,174,174,174,174,186,186,186,186,204,219,219,251,251,350,350,367,381,81,96,96,96,111,111,111,137,156,156],"floor_reached":46,"playtime":1613,"items_purged":["Normality","Defend_R"],"score":524,"play_id":"9c08c330-fef1-4757-82f2-d9fe790dfac2","local_time":"20190317135715","is_ascension_mode":false,"campfire_choices":[{"data":"Feed","floor":7.0,"key":"SMITH"},{"data":"Whirlwind","floor":11.0,"key":"SMITH"},{"data":"Anger","floor":15.0,"key":"SMITH"},{"data":"Searing Blow","floor":23.0,"key":"SMITH"},{"data":"Searing Blow+1","floor":25.0,"key":"SMITH"},{"data":"Limit Break","floor":27.0,"key":"SMITH"},{"data":"Searing Blow+2","floor":30.0,"key":"SMITH"},{"floor":32.0,"key":"REST"},{"data":"Searing Blow+3","floor":40.0,"key":"SMITH"},{"data":"Searing Blow+4","floor":42.0,"key":"SMITH"}],"neow_cost":"CURSE","seed_source_timestamp":1696386090630,"circlet_count":0,"master_deck":["Strike_R","Strike_R","Strike_R","Defend_R","Defend_R","Defend_R","Bash","Anger","Headbutt","Clash","Whirlwind+1","Panache","Feed+1","Anger+1","Spot Weakness","Limit Break+1","Cleave","Searing Blow+5","Anger+1","Immolate","Reaper","Sword Boomerang+1","Trip","Feed+1","Parasite","Clash+1","Offering"],"special_seed":0,"relics":["Burning Blood","Mango","Gremlin Horn","Lizard Tail","Mercury Hourglass","Letter Opener","Sozu","DollysMirror","Pantograph","Paper Frog"],"potions_floor_usage":[45],"damage_taken":[{"damage":0.0,"enemies":"2 Louse","floor":1.0,"turns":3.0},{"damage":1.0,"enemies":"Cultist","floor":2.0,"turns":3.0},{"damage":1.0,"enemies":"Jaw Worm","floor":3.0,"turns":3.0},{"damage":6.0,"enemies":"Exordium Wildlife","floor":5.0,"turns":5.0},{"damage":17.0,"enemies":"3 Sentries","floor":6.0,"turns":4.0},{"damage":4.0,"enemies":"Blue Slaver","floor":10.0,"turns":3.0},{"damage":0.0,"enemies":"Large Slime","floor":12.0,"turns":4.0},{"damage":55.0,"enemies":"The Guardian","floor":16.0,"turns":6.0},{"damage":13.0,"enemies":"3 Byrds","floor":18.0,"turns":4.0},{"damage":31.0,"enemies":"Shell Parasite","floor":19.0,"turns":6.0},{"damage":21.0,"enemies":"Snake Plant","floor":20.0,"turns":3.0},{"damage":18.0,"enemies":"Snecko","floor":24.0,"turns":4.0},{"damage":40.0,"enemies":"Shelled Parasite and Fungi","floor":28.0,"turns":3.0},{"damage":16.0,"enemies":"Snake Plant","floor":29.0,"turns":3.0},{"damage":34.0,"enemies":"Book of Stabbing","floor":31.0,"turns":4.0},{"damage":45.0,"enemies":"Collector","floor":33.0,"turns":7.0},{"damage":15.0,"enemies":"Orb Walker","floor":35.0,"turns":2.0},{"damage":12.0,"enemies":"3 Shapes","floor":36.0,"turns":1.0},{"damage":26.0,"enemies":"Writhing Mass","floor":38.0,"turns":4.0},{"damage":20.0,"enemies":"Jaw Worm Horde","floor":41.0,"turns":3.0},{"damage":57.0,"enemies":"Giant Head","floor":44.0,"turns":6.0},{"damage":37,"enemies":"Sphere and 2 Shapes","floor":45,"turns":9},{"damage":25,"enemies":"Nemesis","floor":46,"turns":2}],"seed_played":"2039350277404925856","potions_obtained":[{"floor":2.0,"key":"Energy Potion"},{"floor":10.0,"key":"SneckoOil"},{"floor":12.0,"key":"Swift Potion"},{"floor":16.0,"key":"Poison Potion"},{"floor":29.0,"key":"SkillPotion"}],"is_trial":false,"path_per_floor":["M","M","M","$","M","E","R","?","T","M","R","M","$","?","R","B",null,"M","M","M","?","?","R","M","R","T","R","M","M","R","E","R","B",null,"M","M","$","M","?","R","M","R","T","E","M","E"],"character_chosen":"IRONCLAD","items_purchased":["Whirlwind","Panache","Trip","DollysMirror"],"campfire_rested":1,"item_purchase_floors":[4,4,37,37],"current_hp_per_floor":[80,80,80,80,80,86,86,86,86,92,92,102,102,102,102,57,109,106,85,74,74,49,49,37,37,37,37,73,63,63,35,74,35,130,121,115,115,100,100,100,91,91,91,44,25,0],"gold":156,"neow_bonus":"TWO_FIFTY_GOLD","is_prod":false,"is_daily":false,"chose_seed":false,"campfire_upgraded":9,"win_rate":0,"timestamp":1552802235,"path_taken":["M","M","M","$","M","E","R","?","T","?","R","M","$","?","R","BOSS","M","M","M","?","?","R","M","R","T","R","M","M","R","E","R","BOSS","M","M","$","M","?","R","M","R","T","E","M","E"],"build_version":"2019-01-23","purchased_purges":2,"victory":false,"max_hp_per_floor":[80,80,80,80,80,97,97,97,97,101,101,105,105,105,105,109,109,113,117,121,121,126,126,126,126,126,126,130,130,130,130,130,130,130,130,130,130,130,130,130,134,134,134,138,142,142],"card_choices":[{"not_picked":["Carnage","Pommel Strike"],"picked":"Anger","floor":1.0},{"not_picked":["True Grit","Wild Strike"],"picked":"Headbutt","floor":2.0},{"not_picked":["Pommel Strike","Rupture"],"picked":"Clash","floor":3.0},{"not_picked":["Iron Wave","Shrug It Off"],"picked":"Feed","floor":5.0},{"not_picked":["Infernal Blade","Warcry"],"picked":"Anger","floor":6.0},{"not_picked":["Body Slam","Armaments"],"picked":"Spot Weakness","floor":10.0},{"not_picked":["Havoc","Twin Strike","Infernal Blade"],"picked":"SKIP","floor":12.0},{"not_picked":["Demon Form","Immolate"],"picked":"Limit Break","floor":16.0},{"not_picked":["Armaments+1","Perfected Strike","Entrench+1"],"picked":"SKIP","floor":18.0},{"not_picked":["Twin Strike","Thunderclap"],"picked":"Cleave","floor":19.0},{"not_picked":["Armaments","Intimidate+1"],"picked":"Searing Blow","floor":20.0},{"not_picked":["Headbutt","Flex+1","Burning Pact+1"],"picked":"SKIP","floor":24.0},{"not_picked":["Twin Strike","Fiend Fire","Warcry+1"],"picked":"SKIP","floor":28.0},{"not_picked":["Entrench","Twin Strike"],"picked":"Anger+1","floor":29.0},{"not_picked":["Clothesline","Wild Strike"],"picked":"Immolate","floor":31.0},{"not_picked":["Bludgeon","Impervious"],"picked":"Reaper","floor":33.0},{"not_picked":["Iron Wave+1","Flex+1","Cleave"],"picked":"SKIP","floor":35.0},{"not_picked":["Anger+1","Flame Barrier"],"picked":"Sword Boomerang+1","floor":36.0},{"not_picked":["Pommel Strike","Perfected Strike"],"picked":"Clash+1","floor":38.0},{"not_picked":["Sword Boomerang","Anger+1"],"picked":"Offering","floor":41.0},{"not_picked":["Rupture+1","Dropkick+1","Flex"],"picked":"SKIP","floor":44.0},{"not_picked":["Disarm+1","Dual Wield","Bloodletting+1"],"picked":"SKIP","floor":45}],"player_experience":344481,"relics_obtained":[{"floor":6.0,"key":"Mango"},{"floor":9.0,"key":"Gremlin Horn"},{"floor":26.0,"key":"Mercury Hourglass"},{"floor":31.0,"key":"Letter Opener"},{"floor":43.0,"key":"Pantograph"},{"floor":44.0,"key":"Paper Frog"}],"event_choices":[{"cards_removed":["Strike_R"],"damage_healed":0.0,"max_hp_gain":0.0,"max_hp_loss":0.0,"gold_gain":0.0,"event_name":"Purifier","player_choice":"Purged","floor":8.0,"gold_loss":0.0,"damage_taken":0.0},{"cards_removed":["Strike_R"],"damage_healed":0.0,"max_hp_gain":0.0,"max_hp_loss":0.0,"gold_gain":0.0,"event_name":"Living Wall","player_choice":"Forget","floor":14.0,"gold_loss":0.0,"damage_taken":0.0},{"damage_healed":0.0,"max_hp_gain":0.0,"max_hp_loss":0.0,"gold_gain":0.0,"event_name":"Ghosts","player_choice":"Ignored","floor":21.0,"gold_loss":0.0,"damage_taken":0.0},{"damage_healed":0.0,"max_hp_gain":5.0,"max_hp_loss":0.0,"gold_gain":0.0,"event_name":"Forgotten Altar","player_choice":"Shed Blood","floor":22.0,"gold_loss":0.0,"damage_taken":30.0},{"damage_healed":0.0,"max_hp_gain":0.0,"max_hp_loss":0.0,"gold_gain":0.0,"event_name":"Mysterious Sphere","player_choice":"Ignored","floor":39.0,"gold_loss":0.0,"damage_taken":0.0}],"is_beta":false,"boss_relics":[{"not_picked":["Mark of Pain","Fusion Hammer"],"picked":"Lizard Tail"},{"not_picked":["Orrery","Runic Cube"],"picked":"Sozu"}],"items_purged_floors":[4,13],"is_endless":false,"potions_floor_spawned":[2,10,12,16,20,29,41,44,45],"killed_by":"Nemesis","ascension_level":0}