{"gold_per_floor":[114,114,289,289,303,303,322,322,347,361,218,235,28,39,39,137,137,153,68,82,82,93,93,108,33,82,54,86,98],"floor_reached":29,"playtime":735,"items_purged":[],"score":217,"play_id":"e2d01a16-915f-4f25-b47f-8ced90b08763","local_time":"20190319003211","is_ascension_mode":false,"campfire_choices":[{"floor":6,"key":"REST"},{"data":"Rampage","floor":8,"key":"SMITH"},{"data":"Wild Strike","floor":15,"key":"SMITH"},{"floor":23,"key":"REST"}],"neow_cost":"NONE","seed_source_timestamp":300016852679832,"circlet_count":0,"master_deck":["Strike_R+1","Strike_R","Strike_R","Strike_R+1","Strike_R","Defend_R","Defend_R","Defend_R","Defend_R","Bash","Wild Strike","Rampage+1","Shrug It Off","Thunderclap","Pommel Strike","Pommel Strike","Wild Strike+1","Reaper","Pommel Strike+1","Perfected Strike+1","Wild Strike+1","Twin Strike+1","Heavy Blade"],"relics":["Burning Blood","Matryoshka","Mercury Hourglass","Regal Pillow","Bag of Marbles","Potion Belt","Eternal Feather","Letter Opener","MutagenicStrength","MawBank","Dream Catcher"],"potions_floor_usage":[10,16,16,18,22],"damage_taken":[{"damage":7,"enemies":"Small Slimes","floor":1,"turns":4},{"damage":6,"enemies":"Jaw Worm","floor":5,"turns":2},{"damage":6,"enemies":"Cultist","floor":7,"turns":3},{"damage":7,"enemies":"Blue Slaver","floor":10,"turns":2},{"damage":0,"enemies":"3 Louse","floor":12,"turns":1},{"damage":3,"enemies":"Lots of Slimes","floor":14,"turns":3},{"damage":60,"enemies":"Hexaghost","floor":16,"turns":7},{"damage":18,"enemies":"Spheric Guardian","floor":18,"turns":5},{"damage":33,"enemies":"3 Byrds","floor":20,"turns":5},{"damage":5,"enemies":"Sentry and Sphere","floor":22,"turns":3},{"damage":29,"enemies":"Cultist and Chosen","floor":24,"turns":6},{"damage":13,"enemies":"3 Cultists","floor":28,"turns":4},{"damage":33,"enemies":"Slavers","floor":29,"turns":3}],"seed_played":"-3666698271221568151","potions_obtained":[{"floor":0,"key":"FearPotion"},{"floor":0,"key":"LiquidBronze"},{"floor":0,"key":"Explosive Potion"},{"floor":14,"key":"Energy Potion"},{"floor":16,"key":"Energy Potion"},{"floor":20,"key":"Dexterity Potion"}],"is_trial":false,"path_per_floor":["M","?","?","?","M","R","M","R","T","M","$","M","$","M","R","B",null,"M","?","M","?","M","R","M","?","T","?","M","E"],"character_chosen":"IRONCLAD","items_purchased":["Bag of Marbles","Potion Belt","Pommel Strike"],"campfire_rested":2,"item_purchase_floors":[11,13,13],"current_hp_per_floor":[79,67,67,51,51,75,75,75,75,74,74,80,80,80,80,26,80,68,68,41,41,42,80,61,61,61,61,54,29],"gold":98,"neow_bonus":"THREE_SMALL_POTIONS","is_prod":false,"is_daily":false,"chose_seed":false,"campfire_upgraded":2,"win_rate":0,"timestamp":1552951931,"path_taken":["M","?","?","?","M","R","M","R","T","M","$","?","$","M","R","BOSS","M","?","M","?","M","R","M","?","T","?","M","E"],"build_version":"2019-01-23","purchased_purges":0,"victory":false,"max_hp_per_floor":[80,80,80,80,80,80,80,80,80,80,80,80,80,80,80,80,80,80,80,80,80,80,80,80,80,80,80,80,80],"card_choices":[{"not_picked":["True Grit","Warcry"],"picked":"Wild Strike","floor":1},{"not_picked":["Shrug It Off","Thunderclap"],"picked":"Rampage","floor":5},{"not_picked":["Entrench","Rage"],"picked":"Shrug It Off","floor":7},{"not_picked":["Heavy Blade","Combust"],"picked":"Thunderclap","floor":10},{"not_picked":["Second Wind","Shrug It Off"],"picked":"Pommel Strike","floor":12},{"not_picked":["Havoc","Limit Break"],"picked":"Wild Strike","floor":14},{"not_picked":["Limit Break","Dark Embrace"],"picked":"Reaper","floor":16},{"not_picked":["Inflame","Shrug It Off"],"picked":"Pommel Strike+1","floor":18},{"not_picked":["Twin Strike","Whirlwind"],"picked":"Perfected Strike+1","floor":20},{"not_picked":["Corruption","Flex"],"picked":"Wild Strike","floor":22},{"not_picked":["Shrug It Off+1","Berserk"],"picked":"Twin Strike+1","floor":24},{"not_picked":["Headbutt","Battle Trance"],"picked":"Heavy Blade","floor":28}],"player_experience":312372,"relics_obtained":[{"floor":9,"key":"Mercury Hourglass"},{"floor":9,"key":"Regal Pillow"},{"floor":26,"key":"MawBank"},{"floor":26,"key":"Dream Catcher"}],"event_choices":[{"damage_healed":0,"gold_gain":0,"player_choice":"Success","damage_taken":12,"relics_obtained":["Matryoshka"],"max_hp_gain":0,"max_hp_loss":0,"event_name":"Scrap Ooze","floor":2,"gold_loss":0},{"damage_healed":0,"gold_gain":175,"player_choice":"AGREE","damage_taken":0,"max_hp_gain":0,"max_hp_loss":0,"event_name":"Liars Game","floor":3,"gold_loss":0,"cards_obtained":["Doubt"]},{"damage_healed":0,"gold_gain":0,"player_choice":"Entered Light","damage_taken":16,"max_hp_gain":0,"max_hp_loss":0,"event_name":"Shining Light","floor":4,"gold_loss":0,"cards_upgraded":["Strike_R","Strike_R"]},{"damage_healed":0,"gold_gain":0,"player_choice":"Obtained Relic","damage_taken":0,"relics_obtained":["Letter Opener"],"max_hp_gain":0,"max_hp_loss":0,"event_name":"Addict","floor":19,"gold_loss":85},{"damage_healed":0,"gold_gain":0,"player_choice":"Inject Mutagens","damage_taken":0,"relics_obtained":["MutagenicStrength"],"max_hp_gain":0,"max_hp_loss":0,"event_name":"Drug Dealer","floor":21,"gold_loss":0},{"cards_removed":["Doubt"],"damage_healed":0,"gold_gain":0,"player_choice":"Gave Gold","damage_taken":0,"max_hp_gain":0,"max_hp_loss":0,"event_name":"Beggar","floor":25,"gold_loss":75},{"damage_healed":0,"gold_gain":0,"player_choice":"Upgrade","damage_taken":0,"max_hp_gain":0,"max_hp_loss":0,"event_name":"Designer","floor":27,"gold_loss":40,"cards_upgraded":["Wild Strike"]}],"is_beta":false,"boss_relics":[{"not_picked":["Astrolabe","Runic Dome"],"picked":"Eternal Feather"}],"items_purged_floors":[],"is_endless":false,"potions_floor_spawned":[1,7,14,16,20],"killed_by":"Slavers","ascension_level":0}