{"gold_per_floor":[212,212,231,406,80,80,113,113,113,77,77,77,77,94,94,197,197,214],"floor_reached":18,"playtime":662,"items_purged":["Doubt"],"score":158,"play_id":"21e221a1-7681-41fa-a311-0182d437b103","local_time":"20190323164610","is_ascension_mode":false,"campfire_choices":[{"data":"Distraction","floor":6.0,"key":"SMITH"},{"data":"Neutralize","floor":8.0,"key":"SMITH"},{"data":"Tactician","floor":11.0,"key":"SMITH"},{"floor":15.0,"key":"REST"}],"neow_cost":"NONE","seed_source_timestamp":317223034332891,"circlet_count":0,"master_deck":["Defend_G","Defend_G","Defend_G","Defend_G","Defend_G","Strike_G","Strike_G","Strike_G","Strike_G","Strike_G","Survivor","Neutralize+1","Acrobatics","Distraction+1","Dagger Throw","Prepared","Tactician+1","Flying Knee","Burst"],"special_seed":0,"relics":["Ring of the Snake","HandDrill","The Specimen","Centennial Puzzle","Frozen Egg 2","White Beast Statue"],"potions_floor_usage":[16,18],"damage_taken":[{"damage":1.0,"enemies":"Cultist","floor":1.0,"turns":6.0},{"damage":0.0,"enemies":"2 Louse","floor":3.0,"turns":3.0},{"damage":14.0,"enemies":"Gremlin Nob","floor":7.0,"turns":5.0},{"damage":1.0,"enemies":"Jaw Worm","floor":14.0,"turns":3.0},{"damage":53,"enemies":"The Guardian","floor":16,"turns":13},{"damage":42,"enemies":"Spheric Guardian","floor":18,"turns":10}],"seed_played":"-2088540566120966800","potions_obtained":[{"floor":1.0,"key":"Ancient Potion"},{"floor":3.0,"key":"FearPotion"},{"floor":7.0,"key":"SpeedPotion"},{"floor":16,"key":"PowerPotion"},{"floor":18,"key":"Explosive Potion"}],"is_trial":false,"path_per_floor":["M","?","M","?","$","R","E","R","T","$","R","?","$","M","R","B",null,"M"],"character_chosen":"THE_SILENT","items_purchased":["Dagger Throw","HandDrill","Tactician"],"campfire_rested":1,"item_purchase_floors":[5,5,10],"current_hp_per_floor":[69,74,74,74,74,74,60,60,60,60,60,60,60,59,75,22,75,33],"gold":214,"neow_bonus":"HUNDRED_GOLD","is_prod":false,"is_daily":false,"chose_seed":false,"campfire_upgraded":3,"win_rate":0.0,"timestamp":1553355970,"path_taken":["M","?","M","?","$","R","E","R","T","$","R","?","?","M","R","BOSS","M"],"build_version":"2019-01-23","purchased_purges":1,"victory":false,"max_hp_per_floor":[70,75,75,75,75,75,75,75,75,75,75,75,75,75,75,75,75,75],"card_choices":[{"not_picked":["All Out Attack","Outmaneuver"],"picked":"Acrobatics","floor":1.0},{"not_picked":["Blade Dance","Dagger Spray"],"picked":"Distraction","floor":3.0},{"not_picked":["Dash","Setup"],"picked":"Prepared","floor":7.0},{"not_picked":["Backflip","Concentrate"],"picked":"Flying Knee","floor":14.0},{"not_picked":["After Image+1","Phantasmal Killer"],"picked":"Burst","floor":16}],"player_experience":370139,"relics_obtained":[{"floor":7.0,"key":"The Specimen"},{"floor":9.0,"key":"Centennial Puzzle"}],"event_choices":[{"damage_healed":0.0,"max_hp_gain":5.0,"max_hp_loss":0.0,"gold_gain":0.0,"event_name":"Big Fish","player_choice":"Donut","floor":2.0,"gold_loss":0.0,"damage_taken":0.0},{"damage_healed":0.0,"max_hp_gain":0.0,"max_hp_loss":0.0,"gold_gain":175.0,"event_name":"Liars Game","player_choice":"AGREE","floor":4.0,"gold_loss":0.0,"damage_taken":0.0,"cards_obtained":["Doubt"]},{"damage_healed":0.0,"max_hp_gain":0.0,"max_hp_loss":0.0,"gold_gain":0.0,"event_name":"Dead Adventurer","player_choice":"Searched \u00271\u0027 times","floor":12.0,"gold_loss":0.0,"damage_taken":0.0,"relics_obtained":["Frozen Egg 2"]}],"is_beta":false,"boss_relics":[{"not_picked":["Busted Crown","Tiny House"],"picked":"White Beast Statue"}],"items_purged_floors":[5],"is_endless":false,"potions_floor_spawned":[1,3,7,16,18],"killed_by":"Spheric Guardian","ascension_level":0}