{"gold_per_floor":[216,235,63,73,73,102,102,116,116,116,127,127,127,127,127,225,225,225,180,180,180,180,180,180,180,180,180,180,27,27,27,27,27],"floor_reached":33,"playtime":888,"items_purged":[],"score":297,"play_id":"7ae0c40f-ff0d-4d50-8a6e-f5a7da78822c","local_time":"20190319030116","is_ascension_mode":false,"campfire_choices":[{"data":"Heavy Blade","floor":7,"key":"SMITH"},{"floor":10,"key":"REST"},{"floor":13,"key":"REST"},{"data":"Bash","floor":15,"key":"SMITH"},{"floor":23,"key":"REST"},{"data":"Feed","floor":25,"key":"SMITH"},{"floor":32,"key":"REST"}],"neow_cost":"NONE","seed_source_timestamp":308808491538673,"circlet_count":0,"master_deck":["Strike_R","Strike_R","Strike_R","Strike_R","Strike_R","Defend_R","Defend_R","Defend_R","Defend_R","Bash+1","Thunderclap","Sword Boomerang","Pommel Strike+1","Wild Strike","Heavy Blade+1","Cleave+1","Feed+1","Metallicize","Pommel Strike","RitualDagger","Twin Strike","Flex","Offering","Shrug It Off"],"relics":["Burning Blood","Regal Pillow","Bronze Scales","Happy Flower","FaceOfCleric","Ectoplasm","Pear","Pantograph"],"potions_floor_usage":[16,24,27],"damage_taken":[{"damage":5,"enemies":"Jaw Worm","floor":1,"turns":4},{"damage":1,"enemies":"2 Louse","floor":2,"turns":3},{"damage":0,"enemies":"Small Slimes","floor":4,"turns":2},{"damage":28,"enemies":"Gremlin Nob","floor":6,"turns":4},{"damage":5,"enemies":"Gremlin Gang","floor":8,"turns":3},{"damage":16,"enemies":"Large Slime","floor":11,"turns":4},{"damage":50,"enemies":"Slime Boss","floor":16,"turns":11},{"damage":29,"enemies":"Shell Parasite","floor":18,"turns":5},{"damage":12,"enemies":"2 Thieves","floor":19,"turns":3},{"damage":16,"enemies":"Colosseum Slavers","floor":20,"turns":3},{"damage":17,"enemies":"Centurion and Healer","floor":22,"turns":4},{"damage":9,"enemies":"Cultist and Chosen","floor":24,"turns":4},{"damage":3,"enemies":"3 Cultists","floor":27,"turns":4},{"damage":28,"enemies":"Sentry and Sphere","floor":30,"turns":4},{"damage":132,"enemies":"Automaton","floor":33,"turns":10}],"seed_played":"-2739838198894084287","potions_obtained":[{"floor":6,"key":"SpeedPotion"},{"floor":8,"key":"Poison Potion"},{"floor":11,"key":"Regen Potion"},{"floor":22,"key":"EssenceOfSteel"},{"floor":24,"key":"LiquidBronze"}],"is_trial":false,"path_per_floor":["M","M","$","M","?","E","R","M","T","R","M","?","R","?","R","B",null,"M","M","?","?","M","R","M","R","T","M","T","$","M","$","R","B"],"character_chosen":"IRONCLAD","items_purchased":["Pommel Strike","Regal Pillow","Offering"],"campfire_rested":4,"item_purchase_floors":[3,3,29],"current_hp_per_floor":[80,80,80,80,80,58,58,59,59,80,70,54,80,80,80,46,81,62,60,54,48,41,85,83,83,93,101,101,101,84,84,118,0],"gold":27,"neow_bonus":"HUNDRED_GOLD","is_prod":false,"is_daily":false,"chose_seed":false,"campfire_upgraded":3,"win_rate":0,"timestamp":1552960876,"path_taken":["M","M","$","M","?","E","R","M","T","R","M","?","R","?","R","BOSS","M","?","?","?","M","R","M","R","T","M","?","$","M","$","R","BOSS"],"build_version":"2019-01-23","purchased_purges":0,"victory":false,"max_hp_per_floor":[80,80,80,80,80,80,80,80,80,80,80,80,80,80,80,81,81,85,89,93,93,97,97,98,98,108,113,113,113,118,118,118,118],"card_choices":[{"not_picked":["Sword Boomerang","Headbutt"],"picked":"Thunderclap","floor":1},{"not_picked":["Havoc","Evolve"],"picked":"Sword Boomerang","floor":2},{"not_picked":["Clothesline","Fire Breathing"],"picked":"Wild Strike","floor":4},{"not_picked":["Whirlwind","Rampage"],"picked":"Heavy Blade","floor":6},{"not_picked":["Brutality","Corruption"],"picked":"Cleave","floor":8},{"not_picked":["Intimidate","Armaments","Havoc"],"picked":"SKIP","floor":11},{"not_picked":["Demon Form","Double Tap"],"picked":"Feed","floor":16},{"not_picked":["Armaments","Dual Wield"],"picked":"Metallicize","floor":18},{"not_picked":["Clothesline+1","Wild Strike"],"picked":"Pommel Strike","floor":19},{"not_picked":["Clash+1","Havoc","Heavy Blade"],"picked":"SKIP","floor":22},{"not_picked":["Body Slam","Carnage"],"picked":"Twin Strike","floor":24},{"not_picked":["Uppercut","Thunderclap"],"picked":"Flex","floor":27},{"not_picked":["Rage","Burning Pact"],"picked":"Shrug It Off","floor":30}],"player_experience":320843,"relics_obtained":[{"floor":6,"key":"Bronze Scales"},{"floor":9,"key":"Happy Flower"},{"floor":26,"key":"Pear"},{"floor":28,"key":"Pantograph"}],"event_choices":[{"damage_healed":0,"gold_gain":0,"player_choice":"Leave","damage_taken":0,"max_hp_gain":0,"max_hp_loss":0,"event_name":"The Cleric","floor":5,"gold_loss":0},{"damage_healed":0,"gold_gain":0,"player_choice":"Entered Light","damage_taken":16,"max_hp_gain":0,"max_hp_loss":0,"event_name":"Shining Light","floor":12,"gold_loss":0,"cards_upgraded":["Pommel Strike","Cleave"]},{"damage_healed":0,"gold_gain":0,"player_choice":"Trade","damage_taken":0,"relics_obtained":["FaceOfCleric"],"max_hp_gain":0,"max_hp_loss":0,"event_name":"FaceTrader","floor":14,"gold_loss":0},{"damage_healed":0,"gold_gain":0,"player_choice":"Fight","damage_taken":0,"max_hp_gain":0,"max_hp_loss":0,"event_name":"Colosseum","floor":20,"gold_loss":0},{"damage_healed":0,"gold_gain":0,"player_choice":"Fled From Nobs","damage_taken":0,"max_hp_gain":0,"max_hp_loss":0,"event_name":"Colosseum","floor":20,"gold_loss":0},{"damage_healed":0,"gold_gain":0,"player_choice":"Joined the Cult","damage_taken":6,"max_hp_gain":0,"max_hp_loss":0,"event_name":"Nest","floor":21,"gold_loss":0,"cards_obtained":["RitualDagger"]}],"is_beta":false,"boss_relics":[{"not_picked":["Fusion Hammer","Coffee Dripper"],"picked":"Ectoplasm"}],"items_purged_floors":[],"is_endless":false,"potions_floor_spawned":[6,8,11,20,22,24],"killed_by":"Automaton","ascension_level":0}