{"gold_per_floor":[115,126,126,139,139,139,54,54,54,80,35,35,35,51,51,147,147,158,138,138,157,133,133],"floor_reached":23,"playtime":1885,"items_purged":[],"score":239,"play_id":"352812a4-3d63-46a8-99b5-be0b827f40ba","local_time":"20181121200915","is_ascension_mode":true,"campfire_choices":[{"data":"Armaments","floor":6,"key":"SMITH"},{"data":"Entrench","floor":8,"key":"SMITH"},{"floor":12,"key":"REST"},{"floor":15,"key":"REST"}],"neow_cost":"NONE","seed_source_timestamp":609299859060746,"circlet_count":0,"master_deck":["Strike_R","Strike_R","Strike_R","Strike_R","Defend_R","Defend_R","Defend_R","Defend_R","Bash","Body Slam+1","Cleave","Thunderclap","Armaments+1","Entrench+1","Iron Wave","Demon Form","Warcry","Havoc","Reaper","Shockwave+1","True Grit","Flex+1","True Grit"],"relics":["Black Blood","Ornamental Fan","Ginger","Pear"],"potions_floor_usage":[10,13,16,23,23],"damage_taken":[{"damage":0,"enemies":"2 Louse","floor":1,"turns":2},{"damage":13,"enemies":"Jaw Worm","floor":2,"turns":5},{"damage":0,"enemies":"Cultist","floor":4,"turns":3},{"damage":40,"enemies":"Lagavulin","floor":10,"turns":7},{"damage":0,"enemies":"Gremlin Gang","floor":13,"turns":1},{"damage":26,"enemies":"Large Slime","floor":14,"turns":4},{"damage":63,"enemies":"The Guardian","floor":16,"turns":9},{"damage":16,"enemies":"Chosen","floor":18,"turns":5},{"damage":23,"enemies":"2 Thieves","floor":19,"turns":5},{"damage":7,"enemies":"Snecko","floor":21,"turns":5},{"damage":77,"enemies":"Gremlin Leader","floor":23,"turns":8}],"seed_played":"-3723854952275107570","potions_obtained":[{"floor":2,"key":"SmokeBomb"},{"floor":4,"key":"Poison Potion"},{"floor":14,"key":"Regen Potion"},{"floor":18,"key":"Ancient Potion"},{"floor":19,"key":"SkillPotion"},{"floor":20,"key":"EssenceOfSteel"}],"is_trial":false,"path_per_floor":["M","M","?","M","T","R","$","R","T","E","$","R","M","M","R","B",null,"M","M","?","M","$","E"],"character_chosen":"IRONCLAD","items_purchased":["Entrench","Iron Wave","Warcry","True Grit"],"campfire_rested":2,"item_purchase_floors":[7,7,11,22],"current_hp_per_floor":[80,73,73,79,79,79,79,79,79,55,55,82,88,68,90,45,79,85,72,72,75,75,0],"gold":133,"neow_bonus":"TRANSFORM_CARD","is_prod":false,"is_daily":false,"chose_seed":false,"campfire_upgraded":2,"win_rate":0,"timestamp":1542827355,"path_taken":["M","M","?","M","?","R","?","R","T","E","$","R","?","M","R","BOSS","M","?","?","?","$","E"],"build_version":"2018-11-15","purchased_purges":0,"victory":false,"max_hp_per_floor":[80,80,80,80,80,80,80,80,80,90,90,90,90,90,90,90,90,90,90,90,90,90,90],"card_choices":[{"not_picked":["Thunderclap","Flex"],"picked":"Cleave","floor":1},{"not_picked":["True Grit","Cleave"],"picked":"Thunderclap","floor":2},{"not_picked":["Spot Weakness","Anger"],"picked":"Armaments","floor":4},{"not_picked":["Perfected Strike","Whirlwind"],"picked":"Demon Form","floor":10},{"not_picked":["Anger","Heavy Blade"],"picked":"Havoc","floor":14},{"not_picked":["Brutality","Limit Break"],"picked":"Reaper","floor":16},{"not_picked":["Disarm","Uppercut"],"picked":"Shockwave+1","floor":18},{"not_picked":["Headbutt","Havoc"],"picked":"True Grit","floor":19},{"not_picked":["Sever Soul","Heavy Blade+1"],"picked":"Flex+1","floor":21}],"player_experience":278086,"relics_obtained":[{"floor":5,"key":"Ornamental Fan"},{"floor":9,"key":"Ginger"},{"floor":10,"key":"Pear"}],"event_choices":[{"damage_healed":0,"gold_gain":0,"player_choice":"Grow","damage_taken":0,"max_hp_gain":0,"max_hp_loss":0,"event_name":"Living Wall","floor":3,"gold_loss":0,"cards_upgraded":["Body Slam"]},{"damage_healed":0,"gold_gain":0,"player_choice":"Got Potions","damage_taken":0,"max_hp_gain":0,"max_hp_loss":0,"event_name":"Lab","floor":20,"gold_loss":0}],"is_beta":false,"boss_relics":[{"not_picked":["Busted Crown","Snecko Eye"],"picked":"Black Blood"}],"items_purged_floors":[],"is_endless":false,"potions_floor_spawned":[2,4,14,18,19],"killed_by":"Gremlin Leader","ascension_level":5}