{"gold_per_floor":[115,115,35,51,51,51,72,96,119,119,94,135,150,165,165,289,289,304,404,372,397,397],"floor_reached":22,"playtime":994,"items_purged":[],"score":263,"play_id":"8ef62228-5c43-4eb6-873e-9e6e2c2bebf1","local_time":"20190315202555","is_ascension_mode":true,"campfire_choices":[{"data":"All Out Attack","floor":6.0,"key":"SMITH"},{"floor":15.0,"key":"REST"}],"neow_cost":"PERCENT_DAMAGE","seed_source_timestamp":20900360177388,"circlet_count":0,"master_deck":["Defend_G+1","Defend_G","Defend_G+1","Defend_G","Defend_G","Strike_G","Strike_G","Strike_G","Strike_G","Survivor","Neutralize","Accuracy","All Out Attack+1","Injury","PiercingWail","Catalyst","PiercingWail","Quick Slash","Cloak And Dagger","Envenom","Poisoned Stab+1","Bane","Cloak And Dagger"],"special_seed":0,"relics":["Ring of the Snake","Nunchaku","Golden Idol","War Paint","Blood Vial","Pantograph","Cursed Key"],"potions_floor_usage":[18],"damage_taken":[{"damage":0.0,"enemies":"2 Louse","floor":1.0,"turns":3.0},{"damage":1.0,"enemies":"Cultist","floor":4.0,"turns":5.0},{"damage":0.0,"enemies":"Small Slimes","floor":7.0,"turns":3.0},{"damage":0.0,"enemies":"3 Louse","floor":8.0,"turns":1.0},{"damage":23.0,"enemies":"3 Sentries","floor":12.0,"turns":11.0},{"damage":0.0,"enemies":"2 Fungi Beasts","floor":13.0,"turns":3.0},{"damage":0.0,"enemies":"Exordium Wildlife","floor":14.0,"turns":2.0},{"damage":55.0,"enemies":"The Guardian","floor":16.0,"turns":20.0},{"damage":17,"enemies":"Shell Parasite","floor":18,"turns":5},{"damage":12,"enemies":"2 Thieves","floor":20,"turns":5},{"damage":19,"enemies":"Chosen and Byrds","floor":21,"turns":6},{"damage":0,"enemies":"3 Cultists","floor":22,"turns":3}],"seed_played":"6178329932413311219","potions_obtained":[{"floor":4.0,"key":"Dexterity Potion"},{"floor":8.0,"key":"GhostInAJar"},{"floor":13.0,"key":"Explosive Potion"},{"floor":16.0,"key":"AttackPotion"},{"floor":20,"key":"SpeedPotion"}],"is_trial":false,"path_per_floor":["M","?","$","M","?","R","M","M","T","?","?","E","M","M","R","B",null,"M","?","M","M","M"],"character_chosen":"THE_SILENT","items_purchased":["Accuracy"],"campfire_rested":1,"item_purchase_floors":[3],"current_hp_per_floor":[45,45,45,44,44,44,44,44,44,32,32,11,13,15,36,8,55,40,40,30,13,15],"gold":397,"neow_bonus":"ONE_RARE_RELIC","is_prod":false,"is_daily":false,"chose_seed":false,"campfire_upgraded":1,"win_rate":0,"timestamp":1552652755,"path_taken":["M","?","?","M","?","R","M","M","T","?","?","E","M","M","R","BOSS","M","?","?","?","M"],"build_version":"2019-01-23","purchased_purges":0,"victory":false,"max_hp_per_floor":[70,70,70,70,70,70,70,70,70,70,70,70,70,70,70,70,70,70,70,70,70,70],"card_choices":[{"not_picked":["Prepared","Poisoned Stab","Expertise"],"picked":"SKIP","floor":1.0},{"not_picked":["Acrobatics","PiercingWail"],"picked":"All Out Attack","floor":4.0},{"not_picked":["Dash","Deflect"],"picked":"PiercingWail","floor":7.0},{"not_picked":["Calculated Gamble","Dagger Throw"],"picked":"Catalyst","floor":8.0},{"not_picked":["Calculated Gamble","Dodge and Roll"],"picked":"PiercingWail","floor":12.0},{"not_picked":["Prepared","Wraith Form v2"],"picked":"Quick Slash","floor":13.0},{"not_picked":["Quick Slash","Underhanded Strike"],"picked":"Cloak And Dagger","floor":14.0},{"not_picked":["Unload","Die Die Die"],"picked":"Envenom","floor":16.0},{"not_picked":["Outmaneuver","Setup"],"picked":"Poisoned Stab+1","floor":18},{"not_picked":["Quick Slash","Slice"],"picked":"Bane","floor":20},{"not_picked":["Acrobatics+1","Bouncing Flask+1"],"picked":"Cloak And Dagger","floor":21}],"player_experience":309094,"relics_obtained":[{"floor":9.0,"key":"War Paint"},{"floor":12.0,"key":"Pantograph"}],"event_choices":[{"cards_removed":["Strike_G"],"damage_healed":0.0,"max_hp_gain":0.0,"max_hp_loss":0.0,"gold_gain":0.0,"event_name":"Purifier","player_choice":"Purged","floor":2.0,"gold_loss":0.0,"damage_taken":0.0},{"damage_healed":0.0,"max_hp_gain":0.0,"max_hp_loss":0.0,"gold_gain":0.0,"event_name":"Golden Idol","player_choice":"Take Wound","floor":5.0,"gold_loss":0.0,"damage_taken":0.0,"relics_obtained":["Golden Idol"],"cards_obtained":["Injury"]},{"damage_healed":0.0,"max_hp_gain":0.0,"max_hp_loss":0.0,"gold_gain":0.0,"event_name":"Scrap Ooze","player_choice":"Success","floor":10.0,"gold_loss":0.0,"damage_taken":12.0,"relics_obtained":["Blood Vial"]},{"damage_healed":0.0,"max_hp_gain":0.0,"max_hp_loss":0.0,"gold_gain":0.0,"event_name":"World of Goop","player_choice":"Left Gold","floor":11.0,"gold_loss":25.0,"damage_taken":0.0},{"damage_healed":0,"gold_gain":100,"player_choice":"Pray","damage_taken":0,"max_hp_gain":0,"max_hp_loss":0,"event_name":"Golden Shrine","floor":19,"gold_loss":0}],"is_beta":false,"boss_relics":[{"not_picked":["Velvet Choker","HoveringKite"],"picked":"Cursed Key"}],"items_purged_floors":[],"is_endless":false,"potions_floor_spawned":[4,8,13,16,20],"killed_by":"3 Cultists","ascension_level":8}