{"gold_per_floor":[117,41,54,54,69,104,104,120,145,145,92,92,118,132,132,231,231,247,265,265,277,290,290,290,205,229,255,289,305,43,55,55,151,151,167,0,0,0,18,18,35,35,35,35,70,89,99,110,110,110],"floor_reached":51,"playtime":2369,"items_purged":[],"score":930,"play_id":"4e9ccd0b-1612-410f-8b05-7c4653363e5c","local_time":"20190321155448","is_ascension_mode":true,"campfire_choices":[{"data":"Perfected Strike","floor":7.0,"key":"SMITH"},{"data":"Heavy Blade","floor":10.0,"key":"SMITH"},{"data":"Perfected Strike","floor":12.0,"key":"SMITH"},{"floor":15.0,"key":"REST"},{"floor":23.0,"key":"REST"},{"floor":32.0,"key":"REST"},{"floor":40.0,"key":"REST"},{"floor":42.0,"key":"REST"},{"data":"Heavy Blade","floor":44.0,"key":"SMITH"},{"floor":49.0,"key":"REST"}],"neow_cost":"NONE","seed_source_timestamp":139309470590239,"circlet_count":0,"master_deck":["Strike_R+1","Strike_R+1","Strike_R+1","Strike_R+1","Defend_R+1","Defend_R+1","Defend_R+1","Defend_R+1","Bash","Finesse","Perfected Strike+1","Flex","Perfected Strike+1","Spot Weakness","Anger","Heavy Blade+1","Flex","Heavy Blade+1","Rampage","Offering","Spot Weakness","Clothesline+1","Pommel Strike+1","Impervious","Pommel Strike","Perfected Strike","Demon Form","Cleave+1","Panache","Heavy Blade+1","Wild Strike","Limit Break","Pommel Strike","Infernal Blade+1","Rage+1"],"special_seed":0,"relics":["Burning Blood","Omamori","Lantern","Orichalcum","White Beast Statue","Sundial","Oddly Smooth Stone","Centennial Puzzle","Red Skull","Ornamental Fan","Mark of Pain","Red Mask","Bag of Preparation","Calipers"],"potions_floor_usage":[50,50],"damage_taken":[{"damage":1.0,"enemies":"Cultist","floor":1.0,"turns":3.0},{"damage":6.0,"enemies":"Small Slimes","floor":3.0,"turns":2.0},{"damage":7.0,"enemies":"Jaw Worm","floor":5.0,"turns":3.0},{"damage":21.0,"enemies":"3 Sentries","floor":6.0,"turns":6.0},{"damage":0.0,"enemies":"2 Fungi Beasts","floor":8.0,"turns":2.0},{"damage":20.0,"enemies":"Lagavulin","floor":13.0,"turns":4.0},{"damage":10.0,"enemies":"Blue Slaver","floor":14.0,"turns":3.0},{"damage":56.0,"enemies":"The Guardian","floor":16.0,"turns":8.0},{"damage":6.0,"enemies":"Chosen","floor":18.0,"turns":4.0},{"damage":6.0,"enemies":"Shell Parasite","floor":19.0,"turns":1.0},{"damage":20.0,"enemies":"Colosseum Slavers","floor":20.0,"turns":3.0},{"damage":13.0,"enemies":"Centurion and Healer","floor":21.0,"turns":3.0},{"damage":12.0,"enemies":"Snake Plant","floor":22.0,"turns":4.0},{"damage":8.0,"enemies":"Book of Stabbing","floor":28.0,"turns":2.0},{"damage":6.0,"enemies":"Cultist and Chosen","floor":29.0,"turns":3.0},{"damage":3.0,"enemies":"Snecko","floor":31.0,"turns":3.0},{"damage":71.0,"enemies":"Collector","floor":33.0,"turns":8.0},{"damage":2.0,"enemies":"Orb Walker","floor":35.0,"turns":2.0},{"damage":23.0,"enemies":"3 Darklings","floor":39.0,"turns":4.0},{"damage":26.0,"enemies":"4 Shapes","floor":41.0,"turns":3.0},{"damage":38.0,"enemies":"Nemesis","floor":45.0,"turns":5.0},{"damage":14.0,"enemies":"Writhing Mass","floor":46.0,"turns":3.0},{"damage":19.0,"enemies":"Transient","floor":47.0,"turns":5.0},{"damage":8.0,"enemies":"Sphere and 2 Shapes","floor":48.0,"turns":3.0},{"damage":47,"enemies":"Time Eater","floor":50,"turns":5}],"seed_played":"-3458291263196354122","potions_obtained":[{"floor":1.0,"key":"Explosive Potion"},{"floor":3.0,"key":"GamblersBrew"},{"floor":5.0,"key":"Ancient Potion"},{"floor":18.0,"key":"SteroidPotion"},{"floor":19.0,"key":"Explosive Potion"},{"floor":22.0,"key":"LiquidBronze"},{"floor":28.0,"key":"PowerPotion"},{"floor":29.0,"key":"Strength Potion"},{"floor":31.0,"key":"Ancient Potion"},{"floor":33.0,"key":"BloodPotion"},{"floor":35.0,"key":"Weak Potion"},{"floor":39.0,"key":"Weak Potion"},{"floor":41.0,"key":"Swift Potion"},{"floor":45.0,"key":"Poison Potion"},{"floor":46.0,"key":"Energy Potion"},{"floor":47.0,"key":"Swift Potion"},{"floor":48.0,"key":"Dexterity Potion"}],"is_trial":false,"path_per_floor":["M","$","M","?","M","E","R","M","T","R","$","R","E","M","R","B",null,"M","M","?","M","M","R","?","?","T","T","E","M","$","M","R","B",null,"M","?","?","?","M","R","M","R","T","R","E","M","M","M","R","B",null],"character_chosen":"IRONCLAD","items_purchased":["Flex","Perfected Strike","Flex","Ornamental Fan"],"campfire_rested":6,"item_purchase_floors":[2,2,11,30],"current_hp_per_floor":[80,80,80,80,79,64,64,70,70,70,70,70,56,52,76,26,67,67,67,53,46,40,64,64,64,64,64,62,62,62,65,80,15,64,76,76,76,76,59,80,60,80,80,80,48,40,27,25,49,8],"gold":110,"neow_bonus":"RANDOM_COLORLESS","is_prod":false,"is_daily":false,"chose_seed":false,"campfire_upgraded":4,"win_rate":0,"timestamp":1553180088,"path_taken":["M","?","M","?","M","E","R","M","T","R","?","R","E","M","R","BOSS","M","M","?","M","M","R","?","?","T","?","E","M","$","M","R","BOSS","M","?","?","?","M","R","M","R","T","R","E","M","?","M","R","BOSS"],"build_version":"2019-01-23","purchased_purges":0,"victory":true,"max_hp_per_floor":[80,80,80,80,80,80,80,80,80,80,80,80,80,80,80,80,80,80,80,80,80,80,80,80,80,80,80,80,80,80,80,80,80,80,80,80,80,80,80,80,80,80,80,80,80,80,80,80,80,80],"card_choices":[{"not_picked":["Warcry","Inflame"],"picked":"Perfected Strike","floor":1.0},{"not_picked":["Armaments","Rupture"],"picked":"Spot Weakness","floor":3.0},{"not_picked":["Hemokinesis","Body Slam"],"picked":"Anger","floor":5.0},{"not_picked":["Berserk","Blood for Blood","Searing Blow"],"picked":"SKIP","floor":6.0},{"not_picked":["Warcry","Rampage"],"picked":"Heavy Blade","floor":8.0},{"not_picked":["Entrench","Combust"],"picked":"Heavy Blade","floor":13.0},{"not_picked":["Thunderclap","Intimidate"],"picked":"Rampage","floor":14.0},{"not_picked":["Fiend Fire","Reaper"],"picked":"Offering","floor":16.0},{"not_picked":["Dual Wield","Evolve","Sword Boomerang"],"picked":"SKIP","floor":18.0},{"not_picked":["True Grit+1","Rupture"],"picked":"Spot Weakness","floor":19.0},{"not_picked":["True Grit","Armaments"],"picked":"Clothesline+1","floor":21.0},{"not_picked":["Heavy Blade","Armaments"],"picked":"Pommel Strike+1","floor":22.0},{"not_picked":["Intimidate","Warcry"],"picked":"Impervious","floor":28.0},{"not_picked":["Searing Blow","Armaments"],"picked":"Pommel Strike","floor":29.0},{"not_picked":["Carnage","Havoc"],"picked":"Perfected Strike","floor":31.0},{"not_picked":["Exhume","Feed"],"picked":"Demon Form","floor":33.0},{"not_picked":["Clash","Headbutt+1"],"picked":"Cleave+1","floor":35.0},{"not_picked":["The Bomb","Forethought"],"picked":"Panache","floor":38.0},{"not_picked":["Dropkick+1","True Grit"],"picked":"Heavy Blade+1","floor":39.0},{"not_picked":["Bloodletting+1","Perfected Strike"],"picked":"Wild Strike","floor":41.0},{"not_picked":["Anger+1","Feel No Pain"],"picked":"Limit Break","floor":45.0},{"not_picked":["Twin Strike","Heavy Blade+1"],"picked":"Pommel Strike","floor":46.0},{"not_picked":["Burning Pact+1","Iron Wave"],"picked":"Infernal Blade+1","floor":47.0},{"not_picked":["Battle Trance+1","Body Slam"],"picked":"Rage+1","floor":48.0}],"player_experience":335755,"relics_obtained":[{"floor":6.0,"key":"Omamori"},{"floor":9.0,"key":"Lantern"},{"floor":13.0,"key":"Orichalcum"},{"floor":26.0,"key":"Oddly Smooth Stone"},{"floor":27.0,"key":"Centennial Puzzle"},{"floor":28.0,"key":"Red Skull"},{"floor":43.0,"key":"Bag of Preparation"},{"floor":45.0,"key":"Calipers"}],"event_choices":[{"damage_healed":0.0,"max_hp_gain":0.0,"max_hp_loss":0.0,"gold_gain":0.0,"event_name":"Liars Game","player_choice":"Ignored","floor":4.0,"gold_loss":0.0,"damage_taken":0.0},{"damage_healed":0.0,"max_hp_gain":0.0,"max_hp_loss":0.0,"gold_gain":0.0,"event_name":"Colosseum","player_choice":"Fight","floor":20.0,"gold_loss":0.0,"damage_taken":0.0},{"damage_healed":0.0,"max_hp_gain":0.0,"max_hp_loss":0.0,"gold_gain":0.0,"event_name":"Colosseum","player_choice":"Fled From Nobs","floor":20.0,"gold_loss":0.0,"damage_taken":0.0},{"damage_healed":0.0,"max_hp_gain":0.0,"max_hp_loss":0.0,"gold_gain":0.0,"event_name":"Back to Basics","player_choice":"Simplicity","floor":24.0,"gold_loss":0.0,"damage_taken":0.0,"cards_upgraded":["Strike_R","Strike_R","Strike_R","Strike_R","Strike_R","Defend_R","Defend_R","Defend_R","Defend_R"]},{"damage_healed":0.0,"max_hp_gain":0.0,"max_hp_loss":0.0,"gold_gain":0.0,"event_name":"Addict","player_choice":"Obtained Relic","floor":25.0,"gold_loss":85.0,"damage_taken":0.0,"relics_obtained":["Sundial"]},{"damage_healed":0.0,"max_hp_gain":0.0,"max_hp_loss":0.0,"gold_gain":0.0,"event_name":"Tomb of Lord Red Mask","player_choice":"Paid","floor":36.0,"gold_loss":167.0,"damage_taken":0.0,"relics_obtained":["Red Mask"]},{"cards_removed":["Strike_R"],"damage_healed":0.0,"max_hp_gain":0.0,"max_hp_loss":0.0,"gold_gain":0.0,"event_name":"Falling","player_choice":"Removed Attack","floor":37.0,"gold_loss":0.0,"damage_taken":0.0},{"damage_healed":0.0,"max_hp_gain":0.0,"max_hp_loss":0.0,"gold_gain":0.0,"event_name":"SensoryStone","player_choice":"Memory 1","floor":38.0,"gold_loss":0.0,"damage_taken":0.0}],"is_beta":false,"boss_relics":[{"not_picked":["Astrolabe","Sozu"],"picked":"White Beast Statue"},{"not_picked":["Busted Crown","Philosopher\u0027s Stone"],"picked":"Mark of Pain"}],"items_purged_floors":[],"is_endless":false,"potions_floor_spawned":[1,3,5,18,19,20,21,22,28,29,31,33,35,39,41,45,46,47,48],"ascension_level":5}