{"gold_per_floor":[10,10,25,25,38,38,54,83,83,83,115,126,142,159,159,261,311,322,338,358,369,387,416,416,448,472,492,510,425,445,33,33,135,135,152,152,169,189,0,0,28,44,44,144,163,163,163,193,193,193],"floor_reached":51,"playtime":11438,"items_purged":["Strike_G"],"score":790,"play_id":"61b88bed-403e-42c7-b0a0-e63efb8ff7a0","local_time":"20181214210322","is_ascension_mode":false,"campfire_choices":[{"data":"Sucker Punch","floor":6,"key":"SMITH"},{"data":"Footwork","floor":10,"key":"SMITH"},{"data":"Noxious Fumes","floor":15,"key":"SMITH"},{"data":"Catalyst","floor":32,"key":"SMITH"},{"data":"After Image","floor":40,"key":"SMITH"},{"data":"Bandage Up","floor":46,"key":"SMITH"},{"floor":49,"key":"REST"}],"neow_cost":"NO_GOLD","seed_source_timestamp":172016847492950,"circlet_count":0,"master_deck":["Defend_G","Defend_G","Defend_G","Defend_G","Defend_G","Strike_G+1","Strike_G","Strike_G","Survivor","Neutralize","Venomology+1","Sucker Punch+1","Backstab+1","Terror","Well Laid Plans","Footwork+1","Poisoned Stab","Noxious Fumes+1","Crippling Poison","Poisoned Stab","Catalyst+1","Flying Knee","Noxious Fumes+1","Calculated Gamble","Catalyst+1","Decay","Backstab+1","Bandage Up+1","After Image+1","Outmaneuver+1","Madness","Madness","Leg Sweep","Noxious Fumes+1","Pain"],"relics":["Ring of the Snake","Bag of Preparation","Mercury Hourglass","The Specimen","Tiny House","Orichalcum","Unceasing Top","Whetstone","Vajra","Pantograph","Cursed Key","Red Mask","Bag of Marbles","Juzu Bracelet","Molten Egg 2"],"potions_floor_usage":[8,8,14,16,18,19,20,20,20,21,23,25,27,28,30,33,33,33,33,33,35,38,41,42,45,45,48,48,50,50],"damage_taken":[{"damage":0,"enemies":"Jaw Worm","floor":1,"turns":5},{"damage":0,"enemies":"2 Louse","floor":3,"turns":3},{"damage":0,"enemies":"Cultist","floor":5,"turns":4},{"damage":0,"enemies":"3 Louse","floor":7,"turns":4},{"damage":11,"enemies":"3 Sentries","floor":8,"turns":11},{"damage":2,"enemies":"Gremlin Nob","floor":11,"turns":4},{"damage":0,"enemies":"Looter","floor":12,"turns":3},{"damage":0,"enemies":"Red Slaver","floor":13,"turns":3},{"damage":7,"enemies":"Exordium Thugs","floor":14,"turns":5},{"damage":3,"enemies":"Hexaghost","floor":16,"turns":8},{"damage":0,"enemies":"Chosen","floor":18,"turns":4},{"damage":2,"enemies":"Shell Parasite","floor":19,"turns":5},{"damage":4,"enemies":"Cultist and Chosen","floor":20,"turns":6},{"damage":18,"enemies":"Snake Plant","floor":21,"turns":4},{"damage":4,"enemies":"Centurion and Healer","floor":22,"turns":5},{"damage":19,"enemies":"Slavers","floor":23,"turns":5},{"damage":15,"enemies":"Book of Stabbing","floor":25,"turns":6},{"damage":0,"enemies":"3 Cultists","floor":27,"turns":4},{"damage":11,"enemies":"Snecko","floor":28,"turns":6},{"damage":0,"enemies":"Snake Plant","floor":30,"turns":2},{"damage":30,"enemies":"Collector","floor":33,"turns":7},{"damage":12,"enemies":"3 Darklings","floor":35,"turns":4},{"damage":2,"enemies":"Orb Walker","floor":37,"turns":3},{"damage":31,"enemies":"Spire Growth","floor":38,"turns":5},{"damage":30,"enemies":"Nemesis","floor":41,"turns":7},{"damage":9,"enemies":"3 Darklings","floor":42,"turns":5},{"damage":12,"enemies":"Maw","floor":45,"turns":6},{"damage":2,"enemies":"Reptomancer","floor":48,"turns":5},{"damage":33,"enemies":"Donu and Deca","floor":50,"turns":7}],"seed_played":"4839338073386237962","potions_obtained":[{"floor":3,"key":"SpeedPotion"},{"floor":8,"key":"Weak Potion"},{"floor":13,"key":"SkillPotion"},{"floor":14,"key":"SkillPotion"},{"floor":27,"key":"Strength Potion"},{"floor":28,"key":"Dexterity Potion"},{"floor":30,"key":"EntropicBrew"},{"floor":33,"key":"Dexterity Potion"},{"floor":45,"key":"Fire Potion"},{"floor":48,"key":"Block Potion"}],"is_trial":false,"path_per_floor":["M","?","M","$","M","R","M","E","T","R","E","M","M","M","R","B",null,"M","M","M","M","M","E","?","E","T","M","M","?","M","$","R","B",null,"M","?","M","M","?","R","E","M","T","?","M","R","?","E","R","B",null],"character_chosen":"THE_SILENT","items_purchased":["Pantograph","Bandage Up"],"campfire_rested":1,"item_purchase_floors":[31,31],"current_hp_per_floor":[70,63,63,63,63,63,63,52,52,52,50,50,50,43,43,40,75,75,73,69,51,47,28,28,13,13,13,2,2,2,2,2,1,75,63,54,56,29,29,29,3,13,13,13,5,5,5,9,31,29],"gold":193,"neow_bonus":"THREE_RARE_CARDS","is_prod":false,"is_daily":false,"chose_seed":false,"campfire_upgraded":6,"win_rate":0,"timestamp":1544843002,"path_taken":["M","?","M","?","M","R","?","E","T","R","E","M","M","M","R","BOSS","M","M","M","M","M","E","?","E","T","?","M","?","M","$","R","BOSS","M","?","M","M","?","R","E","M","T","?","M","R","?","E","R","BOSS"],"build_version":"2018-12-13","purchased_purges":1,"victory":true,"max_hp_per_floor":[70,70,70,70,70,70,70,70,70,70,70,70,70,70,70,70,75,75,75,75,75,75,75,75,75,75,75,75,75,75,75,75,75,75,75,75,75,75,75,75,75,75,75,75,75,75,75,75,75,75],"card_choices":[{"not_picked":["Die Die Die","Unload"],"picked":"Venomology","floor":0},{"not_picked":["Heel Hook","Blade Dance"],"picked":"Sucker Punch","floor":1},{"not_picked":["Flying Knee","Sucker Punch"],"picked":"Backstab","floor":3},{"not_picked":["Bane","Outmaneuver"],"picked":"Terror","floor":5},{"not_picked":["Deflect","Flechettes"],"picked":"Well Laid Plans","floor":7},{"not_picked":["Unload","Choke"],"picked":"Footwork","floor":8},{"not_picked":["Dagger Spray","Accuracy"],"picked":"Poisoned Stab","floor":11},{"not_picked":["Sucker Punch","Dodge and Roll"],"picked":"Noxious Fumes","floor":12},{"not_picked":["Distraction","Cloak And Dagger"],"picked":"Crippling Poison","floor":13},{"not_picked":["Dagger Throw","Outmaneuver"],"picked":"Poisoned Stab","floor":14},{"not_picked":["PiercingWail","Slice"],"picked":"Catalyst","floor":17},{"not_picked":["Backflip","Riddle With Holes","Prepared"],"picked":"SKIP","floor":18},{"not_picked":["Flechettes+1","PiercingWail","Calculated Gamble"],"picked":"SKIP","floor":19},{"not_picked":["Sucker Punch+1","PiercingWail"],"picked":"Flying Knee","floor":20},{"not_picked":["Acrobatics","Backstab"],"picked":"Noxious Fumes+1","floor":21},{"not_picked":["Tactician","Dagger Throw"],"picked":"Calculated Gamble","floor":22},{"not_picked":["Grand Finale","Underhanded Strike"],"picked":"Catalyst+1","floor":23},{"not_picked":["Choke+1","Endless Agony+1"],"picked":"Backstab+1","floor":25},{"not_picked":["Masterful Stab","PiercingWail","Terror"],"picked":"SKIP","floor":27},{"not_picked":["Poisoned Stab","Crippling Poison","Sucker Punch"],"picked":"SKIP","floor":28},{"not_picked":["Quick Slash","PiercingWail","Dagger Throw"],"picked":"SKIP","floor":30},{"not_picked":["Glass Knife","Adrenaline"],"picked":"After Image","floor":33},{"not_picked":["Deflect+1","Dagger Throw+1"],"picked":"Outmaneuver+1","floor":35},{"not_picked":["Finisher+1","Concentrate"],"picked":"Leg Sweep","floor":37},{"not_picked":["Terror+1","Bane+1"],"picked":"Noxious Fumes+1","floor":38},{"not_picked":["Outmaneuver","Well Laid Plans+1","Flechettes+1"],"picked":"SKIP","floor":41},{"not_picked":["Acrobatics","Prepared","Deadly Poison"],"picked":"SKIP","floor":42},{"not_picked":["Underhanded Strike+1","Sucker Punch","Blade Dance"],"picked":"SKIP","floor":45},{"not_picked":["Tactician","Crippling Poison+1","Slice"],"picked":"SKIP","floor":48}],"player_experience":145025,"relics_obtained":[{"floor":8,"key":"Bag of Preparation"},{"floor":9,"key":"Mercury Hourglass"},{"floor":11,"key":"The Specimen"},{"floor":23,"key":"Orichalcum"},{"floor":25,"key":"Unceasing Top"},{"floor":26,"key":"Whetstone"},{"floor":41,"key":"Bag of Marbles"},{"floor":43,"key":"Juzu Bracelet"},{"floor":48,"key":"Molten Egg 2"}],"event_choices":[{"cards_removed":["Strike_G"],"damage_healed":0,"gold_gain":0,"player_choice":"Card Removal","damage_taken":7,"max_hp_gain":0,"max_hp_loss":0,"event_name":"Golden Wing","floor":2,"gold_loss":0},{"damage_healed":0,"gold_gain":0,"player_choice":"Cursed","damage_taken":0,"max_hp_gain":0,"max_hp_loss":0,"event_name":"Wheel of Change","floor":24,"gold_loss":0,"cards_obtained":["Decay"]},{"damage_healed":0,"gold_gain":0,"player_choice":"Obtained Relic","damage_taken":0,"relics_obtained":["Vajra"],"max_hp_gain":0,"max_hp_loss":0,"event_name":"Addict","floor":29,"gold_loss":85},{"damage_healed":0,"gold_gain":0,"player_choice":"Embrace Madness","damage_taken":9,"max_hp_gain":0,"max_hp_loss":0,"event_name":"Winding Halls","floor":36,"gold_loss":0,"cards_obtained":["Madness","Madness"]},{"damage_healed":0,"gold_gain":0,"player_choice":"Paid","damage_taken":0,"relics_obtained":["Red Mask"],"max_hp_gain":0,"max_hp_loss":0,"event_name":"Tomb of Lord Red Mask","floor":39,"gold_loss":189},{"damage_healed":0,"gold_gain":100,"player_choice":"Pray","damage_taken":0,"max_hp_gain":0,"max_hp_loss":0,"event_name":"Golden Shrine","floor":44,"gold_loss":0},{"damage_healed":0,"gold_gain":0,"player_choice":"Ignored","damage_taken":0,"max_hp_gain":0,"max_hp_loss":0,"event_name":"SecretPortal","floor":47,"gold_loss":0}],"is_beta":false,"boss_relics":[{"not_picked":["Philosopher\u0027s Stone","HoveringKite"],"picked":"Tiny House"},{"not_picked":["Orrery","Astrolabe"],"picked":"Cursed Key"}],"items_purged_floors":[31],"is_endless":false,"potions_floor_spawned":[3,8,11,13,14,19,27,28,30,33,38,45,48],"ascension_level":0}