{"gold_per_floor":[118,118,138,53,68,68,100,100,100,100,100,161,191,202,202,202],"floor_reached":16,"playtime":807,"items_purged":[],"score":135,"play_id":"4399ad4d-30ce-4b8f-8940-768a34f6a3c9","local_time":"20181207010552","is_ascension_mode":true,"campfire_choices":[{"data":"Trip","floor":6,"key":"SMITH"},{"data":"Deep Breath","floor":10,"key":"SMITH"},{"data":"Stack","floor":11,"key":"SMITH"},{"floor":15,"key":"REST"}],"neow_cost":"NONE","seed_source_timestamp":45553944612930,"circlet_count":0,"master_deck":["Strike_B","Strike_B","Strike_B+1","Strike_B+1","Defend_B","Defend_B","Defend_B","Defend_B","Zap","Dualcast","Trip+1","Stack+1","Dramatic Entrance","Compile Driver","Deep Breath+1","BootSequence","Melter","Sweeping Beam","Beam Cell","Reinforced Body"],"relics":["Cracked Core","WingedGreaves","Turnip","The Courier","Frozen Egg 2","Whetstone"],"potions_floor_usage":[7,13,16],"damage_taken":[{"damage":0,"enemies":"2 Louse","floor":1,"turns":3},{"damage":1,"enemies":"Cultist","floor":3,"turns":3},{"damage":2,"enemies":"Jaw Worm","floor":5,"turns":3},{"damage":15,"enemies":"Lagavulin","floor":7,"turns":7},{"damage":39,"enemies":"Lagavulin Event","floor":12,"turns":6},{"damage":9,"enemies":"3 Sentries","floor":13,"turns":6},{"damage":0,"enemies":"2 Fungi Beasts","floor":14,"turns":2},{"damage":54,"enemies":"Hexaghost","floor":16,"turns":9}],"seed_played":"2816065931155915724","potions_obtained":[{"floor":7,"key":"Fruit Juice"},{"floor":12,"key":"Regen Potion"},{"floor":13,"key":"Block Potion"}],"is_trial":false,"path_per_floor":["M","?","M","$","M","R","E","T","T","R","R","?","E","M","R","B"],"character_chosen":"DEFECT","items_purchased":["Deep Breath"],"campfire_rested":1,"item_purchase_floors":[4],"current_hp_per_floor":[75,75,74,74,72,72,62,62,62,62,62,23,29,29,53,0],"gold":202,"neow_bonus":"RANDOM_COLORLESS","is_prod":false,"is_daily":false,"chose_seed":false,"campfire_upgraded":3,"win_rate":0,"timestamp":1544112352,"path_taken":["M","?","M","?","M","R","E","?","T","R","R","?","E","M","R","BOSS"],"build_version":"2018-11-15","purchased_purges":0,"victory":false,"max_hp_per_floor":[75,75,75,75,75,75,80,80,80,80,80,80,80,80,80,80],"card_choices":[{"not_picked":["Go for the Eyes","Melter"],"picked":"Stack","floor":1},{"not_picked":["Steam","Fusion"],"picked":"Compile Driver","floor":3},{"not_picked":["Conserve Battery","Cold Snap"],"picked":"BootSequence","floor":5},{"not_picked":["Force Field","Steam Power"],"picked":"Melter","floor":7},{"not_picked":["Rebound","Conserve Battery"],"picked":"Sweeping Beam","floor":12},{"not_picked":["Rebound","Scrape"],"picked":"Beam Cell","floor":13},{"not_picked":["Conserve Battery","Ball Lightning"],"picked":"Reinforced Body","floor":14}],"player_experience":165805,"relics_obtained":[{"floor":7,"key":"WingedGreaves"},{"floor":8,"key":"Turnip"},{"floor":9,"key":"The Courier"},{"floor":12,"key":"Frozen Egg 2"},{"floor":13,"key":"Whetstone"}],"event_choices":[{"damage_healed":0,"gold_gain":0,"player_choice":"1 cards matched","damage_taken":0,"max_hp_gain":0,"max_hp_loss":0,"event_name":"Match and Keep!","floor":2,"gold_loss":0,"cards_obtained":["Dramatic Entrance"]},{"damage_healed":0,"gold_gain":30,"player_choice":"Searched \u00273\u0027 times","damage_taken":0,"max_hp_gain":0,"max_hp_loss":0,"event_name":"Dead Adventurer","floor":12,"gold_loss":0}],"is_beta":false,"boss_relics":[],"items_purged_floors":[],"is_endless":false,"potions_floor_spawned":[7,12,13],"killed_by":"Hexaghost","ascension_level":5}