{"gold_per_floor":[115,132,149,166,166,191,191,191,217,217,229,245,245,26,26,122,122,140,159,191,191,9,9,25,57,57,57,156,156,156,170,170,269,269,283,283,283,283,294,323,4,4,4,104,104,117,150,7,7,7],"floor_reached":51,"playtime":3136,"items_purged":["Regret","Writhe"],"score":972,"play_id":"39356e2c-ddae-4379-b862-f8d66bd63777","local_time":"20190309230525","is_ascension_mode":true,"campfire_choices":[{"floor":7.0,"key":"REST"},{"data":"Tools of the Trade","floor":10.0,"key":"SMITH"},{"floor":15.0,"key":"REST"},{"floor":23.0,"key":"REST"},{"data":"A Thousand Cuts","floor":27,"key":"SMITH"},{"data":"Footwork","floor":32,"key":"SMITH"},{"data":"Trip","floor":42,"key":"SMITH"},{"floor":45,"key":"REST"},{"floor":49,"key":"REST"}],"neow_cost":"NONE","seed_source_timestamp":36644783540956,"circlet_count":0,"master_deck":["Defend_G+1","Defend_G+1","Defend_G+1","Defend_G+1","Defend_G+1","Strike_G+1","Strike_G+1","Strike_G+1","Strike_G+1","Survivor","Neutralize","Tools of the Trade+1","Sucker Punch","Dagger Spray","Flying Knee","Leg Sweep+1","Footwork+1","A Thousand Cuts+1","Escape Plan","Deflect","Enlightenment","Adrenaline","Infinite Blades+1","Deflect","Heel Hook","Slice","Deflect","Panacea","All Out Attack+1","PiercingWail","Footwork+1","Envenom+1","Slice","Trip+1","Well Laid Plans+1","All Out Attack+1","Footwork+1","Accuracy+1","Slice","Footwork+1","Slice"],"special_seed":0,"relics":["Ring of the Serpent","Boot","Bag of Marbles","Mummified Hand","Anchor","White Beast Statue","Red Mask","Pocketwatch","Frozen Egg 2","Orichalcum","Juzu Bracelet","Strawberry","Shuriken","Torii","Ancient Tea Set"],"potions_floor_usage":[31,33,40,44,50,50,50],"damage_taken":[{"damage":1.0,"enemies":"Small Slimes","floor":1.0,"turns":5.0},{"damage":0.0,"enemies":"Jaw Worm","floor":2.0,"turns":5.0},{"damage":0.0,"enemies":"2 Louse","floor":3.0,"turns":2.0},{"damage":15.0,"enemies":"Exordium Thugs","floor":4.0,"turns":6.0},{"damage":33.0,"enemies":"Lagavulin","floor":6.0,"turns":11.0},{"damage":0.0,"enemies":"3 Louse","floor":11.0,"turns":1.0},{"damage":5.0,"enemies":"Large Slime","floor":12.0,"turns":4.0},{"damage":24.0,"enemies":"Hexaghost","floor":16.0,"turns":15.0},{"damage":12.0,"enemies":"Shell Parasite","floor":18.0,"turns":10.0},{"damage":6.0,"enemies":"Chosen","floor":19.0,"turns":5.0},{"damage":20.0,"enemies":"Masked Bandits","floor":20.0,"turns":5.0},{"damage":8.0,"enemies":"3 Cultists","floor":24.0,"turns":4.0},{"damage":5,"enemies":"Gremlin Leader","floor":25,"turns":7},{"damage":5,"enemies":"Snecko","floor":31,"turns":5},{"damage":39,"enemies":"Champ","floor":33,"turns":14},{"damage":1,"enemies":"3 Darklings","floor":35,"turns":7},{"damage":0,"enemies":"Orb Walker","floor":39,"turns":3},{"damage":19,"enemies":"Reptomancer","floor":40,"turns":6},{"damage":0,"enemies":"Mind Bloom Boss Battle","floor":44,"turns":6},{"damage":29,"enemies":"3 Darklings","floor":46,"turns":5},{"damage":40,"enemies":"Nemesis","floor":47,"turns":6},{"damage":26,"enemies":"Awakened One","floor":50,"turns":13}],"seed_played":"6777808059203439248","potions_obtained":[{"floor":6.0,"key":"AttackPotion"},{"floor":12.0,"key":"Dexterity Potion"},{"floor":18.0,"key":"SmokeBomb"},{"floor":19.0,"key":"GamblersBrew"},{"floor":20.0,"key":"GamblersBrew"},{"floor":25,"key":"Poison Potion"},{"floor":31,"key":"SteroidPotion"},{"floor":33,"key":"FearPotion"},{"floor":40,"key":"Block Potion"},{"floor":44,"key":"FairyPotion"},{"floor":47,"key":"Dexterity Potion"}],"is_trial":false,"path_per_floor":["M","M","M","M","?","E","R","?","T","R","M","M","?","$","R","B",null,"M","M","?","?","$","R","M","E","T","R","?","?","?","M","R","B",null,"M","?","?","?","M","E","$","R","T","?","R","M","E","$","R","B",null],"character_chosen":"THE_SILENT","items_purchased":["Deflect","Enlightenment","Slice","Deflect","Panacea","Footwork+1","Strawberry","Footwork+1","Slice","Dexterity Potion"],"campfire_rested":5,"item_purchase_floors":[14,14,22,22,22,41,41,48,48,48],"current_hp_per_floor":[62,62,62,47,47,14,35,35,35,35,35,30,16,16,37,13,56,44,38,18,18,18,39,31,26,26,26,26,49,49,44,44,5,54,53,53,53,53,53,34,41,41,41,41,64,35,6,6,29,3],"gold":7,"neow_bonus":"ONE_RANDOM_RARE_CARD","is_prod":false,"is_daily":false,"chose_seed":false,"campfire_upgraded":4,"win_rate":0,"timestamp":1552143925,"path_taken":["M","M","M","M","?","E","R","?","T","R","M","M","?","$","R","BOSS","M","M","?","?","$","R","M","E","T","R","?","?","?","M","R","BOSS","M","?","?","?","M","E","$","R","T","?","R","M","E","?","R","BOSS"],"build_version":"2019-01-23","purchased_purges":2,"victory":true,"max_hp_per_floor":[70,70,70,70,70,70,70,70,70,70,70,70,70,70,70,70,70,70,70,70,70,70,70,70,70,70,70,70,70,70,70,70,70,70,70,70,70,70,70,70,77,77,77,77,77,77,77,77,77,77],"card_choices":[{"not_picked":["Quick Slash","Poisoned Stab"],"picked":"Sucker Punch","floor":1.0},{"not_picked":["Distraction","Slice"],"picked":"Dagger Spray","floor":2.0},{"not_picked":["Prepared","Acrobatics"],"picked":"Flying Knee","floor":3.0},{"not_picked":["Masterful Stab","Escape Plan"],"picked":"Leg Sweep","floor":4.0},{"not_picked":["PiercingWail","Flying Knee"],"picked":"Footwork","floor":6.0},{"not_picked":["Infinite Blades","Deadly Poison"],"picked":"A Thousand Cuts","floor":11.0},{"not_picked":["Poisoned Stab","Flying Knee"],"picked":"Escape Plan","floor":12.0},{"not_picked":["Grand Finale","Malaise"],"picked":"Adrenaline","floor":16.0},{"not_picked":["Poisoned Stab","Bane"],"picked":"Infinite Blades+1","floor":18.0},{"not_picked":["Sucker Punch","Poisoned Stab"],"picked":"Deflect","floor":19.0},{"not_picked":["Quick Slash+1","Escape Plan"],"picked":"Heel Hook","floor":20.0},{"not_picked":["Poisoned Stab","Storm of Steel"],"picked":"All Out Attack+1","floor":24.0},{"not_picked":["Distraction","Cloak And Dagger"],"picked":"PiercingWail","floor":25},{"not_picked":["Finisher","Flying Knee"],"picked":"Footwork+1","floor":31},{"not_picked":["Venomology","Adrenaline"],"picked":"Envenom+1","floor":33},{"not_picked":["Noxious Fumes+1","Flying Knee+1"],"picked":"Slice","floor":35},{"not_picked":["Transmutation","Jack Of All Trades"],"picked":"Trip","floor":36},{"not_picked":["Dodge and Roll","Sucker Punch"],"picked":"Well Laid Plans+1","floor":39},{"not_picked":["Flying Knee+1","Poisoned Stab+1"],"picked":"All Out Attack+1","floor":40},{"not_picked":["Flying Knee+1","Underhanded Strike+1"],"picked":"Accuracy+1","floor":44},{"not_picked":["Flying Knee+1","Dagger Throw+1"],"picked":"Slice","floor":46},{"not_picked":["Dagger Spray+1","Sucker Punch","Prepared"],"picked":"SKIP","floor":47}],"player_experience":271927,"relics_obtained":[{"floor":6.0,"key":"Bag of Marbles"},{"floor":9.0,"key":"Anchor"},{"floor":20.0,"key":"Red Mask"},{"floor":25,"key":"Pocketwatch"},{"floor":26,"key":"Frozen Egg 2"},{"floor":40,"key":"Juzu Bracelet"},{"floor":43,"key":"Shuriken"},{"floor":44,"key":"Torii"},{"floor":47,"key":"Ancient Tea Set"}],"event_choices":[{"damage_healed":0.0,"max_hp_gain":0.0,"max_hp_loss":0.0,"gold_gain":0.0,"event_name":"Big Fish","player_choice":"Box","floor":5.0,"gold_loss":0.0,"damage_taken":0.0,"relics_obtained":["Boot"],"cards_obtained":["Regret"]},{"damage_healed":0.0,"max_hp_gain":0.0,"max_hp_loss":0.0,"gold_gain":0.0,"event_name":"Dead Adventurer","player_choice":"Searched \u00271\u0027 times","floor":8.0,"gold_loss":0.0,"damage_taken":0.0,"relics_obtained":["Mummified Hand"]},{"damage_healed":0.0,"max_hp_gain":0.0,"max_hp_loss":0.0,"gold_gain":0.0,"event_name":"Shining Light","player_choice":"Entered Light","floor":13.0,"gold_loss":0.0,"damage_taken":14.0,"cards_upgraded":["Strike_G","Leg Sweep"]},{"damage_healed":0.0,"max_hp_gain":0.0,"max_hp_loss":0.0,"gold_gain":0.0,"event_name":"Masked Bandits","player_choice":"Fought Bandits","floor":20.0,"gold_loss":0.0,"damage_taken":0.0},{"damage_healed":0.0,"max_hp_gain":0.0,"max_hp_loss":0.0,"gold_gain":0.0,"event_name":"Back to Basics","player_choice":"Simplicity","floor":21.0,"gold_loss":0.0,"damage_taken":0.0,"cards_upgraded":["Defend_G","Defend_G","Defend_G","Defend_G","Defend_G","Strike_G","Strike_G","Strike_G","Strike_G"]},{"damage_healed":0,"gold_gain":99,"player_choice":"Stole From Cult","damage_taken":0,"max_hp_gain":0,"max_hp_loss":0,"event_name":"Nest","floor":28,"gold_loss":0},{"damage_healed":23,"gold_gain":0,"player_choice":"Heal","damage_taken":0,"max_hp_gain":0,"max_hp_loss":0,"event_name":"The Library","floor":29,"gold_loss":0},{"damage_healed":0,"gold_gain":0,"player_choice":"Opened","damage_taken":0,"relics_obtained":["Orichalcum"],"max_hp_gain":0,"max_hp_loss":0,"event_name":"The Mausoleum","floor":30,"gold_loss":0,"cards_obtained":["Writhe"]},{"damage_healed":0,"gold_gain":0,"player_choice":"Memory 1","damage_taken":0,"max_hp_gain":0,"max_hp_loss":0,"event_name":"SensoryStone","floor":36,"gold_loss":0},{"damage_healed":0,"gold_gain":0,"player_choice":"Ignored","damage_taken":0,"max_hp_gain":0,"max_hp_loss":0,"event_name":"Mysterious Sphere","floor":37,"gold_loss":0},{"cards_removed":["Strike_G"],"damage_healed":0,"gold_gain":0,"player_choice":"Removed Attack","damage_taken":0,"max_hp_gain":0,"max_hp_loss":0,"event_name":"Falling","floor":38,"gold_loss":0},{"damage_healed":0,"gold_gain":0,"player_choice":"Fight","damage_taken":0,"max_hp_gain":0,"max_hp_loss":0,"event_name":"MindBloom","floor":44,"gold_loss":0}],"is_beta":false,"boss_relics":[{"not_picked":["Fusion Hammer","Coffee Dripper"],"picked":"White Beast Statue"},{"not_picked":["Orrery","Pandora\u0027s Box"],"picked":"Ring of the Serpent"}],"items_purged_floors":[14,41],"is_endless":false,"potions_floor_spawned":[6,12,18,19,20,24,25,31,33,35,39,40,44,46,47],"ascension_level":6}