{"gold_per_floor":[162,177,177,177,177,177,190,190,214,214,240,240,258,271,271,391,391,409,47,47,63,63,96,96,110,134,134,134,134,147,166,166,285,285,305,305,323,188,202,202,238,125,125,145,181,204,204,204,204,204],"floor_reached":51,"playtime":2449,"items_purged":["Injury","Skim"],"score":1146,"play_id":"34deb9b9-4309-4b1a-89fc-a53b60587924","local_time":"20190314000104","is_ascension_mode":true,"campfire_choices":[{"data":"Doom and Gloom","floor":6.0,"key":"SMITH"},{"data":"Chill","floor":8.0,"key":"SMITH"},{"data":"Zap","floor":10.0,"key":"SMITH"},{"data":"Defend_B","floor":12.0,"key":"SMITH"},{"data":"Echo Form","floor":15.0,"key":"SMITH"},{"data":"Buffer","floor":24.0,"key":"SMITH"},{"data":"Capacitor","floor":29,"key":"SMITH"},{"data":"White Noise","floor":32,"key":"SMITH"},{"data":"Buffer","floor":40,"key":"SMITH"},{"floor":47,"key":"REST"},{"floor":49,"key":"REST"}],"neow_cost":"NONE","seed_source_timestamp":41878059185909,"circlet_count":0,"master_deck":["Zap+1","Dualcast","Doom and Gloom+1","Go for the Eyes+1","Chill+1","Steam","Echo Form+1","Buffer+1","BootSequence","Steam","White Noise","Fusion","Sweeping Beam","Defragment+1","Capacitor+1","Conserve Battery+1","Ball Lightning","White Noise+1","Buffer+1","Redo+1","Capacitor","Force Field"],"special_seed":0,"relics":["Tiny House","Golden Idol","Strawberry","DataDisk","Pandora\u0027s Box","Regal Pillow","Art of War","Happy Flower","Runic Pyramid","Bronze Scales","Bag of Preparation","Lantern","Omamori"],"potions_floor_usage":[37,41,44,50,50],"damage_taken":[{"damage":13.0,"enemies":"Jaw Worm","floor":1.0,"turns":4.0},{"damage":1.0,"enemies":"2 Louse","floor":2.0,"turns":2.0},{"damage":5.0,"enemies":"Small Slimes","floor":7.0,"turns":4.0},{"damage":0.0,"enemies":"Looter","floor":13.0,"turns":3.0},{"damage":0.0,"enemies":"Large Slime","floor":14.0,"turns":5.0},{"damage":33.0,"enemies":"The Guardian","floor":16.0,"turns":11.0},{"damage":0.0,"enemies":"Chosen","floor":18.0,"turns":6.0},{"damage":0.0,"enemies":"Shell Parasite","floor":21.0,"turns":6.0},{"damage":22.0,"enemies":"Book of Stabbing","floor":23.0,"turns":6.0},{"damage":0.0,"enemies":"Cultist and Chosen","floor":25.0,"turns":6.0},{"damage":0,"enemies":"Chosen and Byrds","floor":30,"turns":6},{"damage":0,"enemies":"Centurion and Healer","floor":31,"turns":6},{"damage":0,"enemies":"Champ","floor":33,"turns":8},{"damage":0,"enemies":"Orb Walker","floor":35,"turns":5},{"damage":10,"enemies":"3 Darklings","floor":37,"turns":5},{"damage":15,"enemies":"4 Shapes","floor":39,"turns":7},{"damage":27,"enemies":"Nemesis","floor":41,"turns":9},{"damage":0,"enemies":"Spire Growth","floor":44,"turns":6},{"damage":18,"enemies":"Reptomancer","floor":45,"turns":8},{"damage":0,"enemies":"3 Darklings","floor":46,"turns":4},{"damage":0,"enemies":"Time Eater","floor":50,"turns":9}],"seed_played":"-2164961270409952800","potions_obtained":[{"floor":0.0,"key":"SneckoOil"},{"floor":2.0,"key":"GamblersBrew"},{"floor":7.0,"key":"Block Potion"},{"floor":14.0,"key":"Fire Potion"},{"floor":16.0,"key":"Swift Potion"},{"floor":21.0,"key":"Dexterity Potion"},{"floor":25.0,"key":"Ancient Potion"},{"floor":31,"key":"Regen Potion"},{"floor":33,"key":"GamblersBrew"},{"floor":41,"key":"FocusPotion"},{"floor":44,"key":"Strength Potion"},{"floor":45,"key":"SteroidPotion"}],"is_trial":false,"path_per_floor":["M","M","?","?","?","R","M","R","T","R","T","R","M","M","R","B",null,"M","$","?","M","$","E","R","M","T","?","?","R","M","M","R","B",null,"M","?","M","$","M","R","E","?","T","M","E","M","R","?","R","B",null],"character_chosen":"DEFECT","items_purchased":["Capacitor","Regal Pillow","PowerPotion","Capacitor"],"campfire_rested":2,"item_purchase_floors":[19,19,19,38],"current_hp_per_floor":[60,59,80,80,64,64,59,59,66,66,66,66,66,66,66,33,74,74,74,97,97,97,75,75,75,75,75,75,75,75,75,75,75,92,92,83,85,85,70,70,43,43,43,43,25,25,69,69,97,97],"gold":204,"neow_bonus":"BOSS_RELIC","is_prod":false,"is_daily":false,"chose_seed":false,"campfire_upgraded":9,"win_rate":0,"timestamp":1552492864,"path_taken":["M","M","?","?","?","R","M","R","T","R","?","R","M","M","R","BOSS","M","$","?","M","?","E","R","M","T","?","?","R","M","M","R","BOSS","M","?","?","$","M","R","E","?","T","?","E","M","R","?","R","BOSS"],"build_version":"2019-01-23","purchased_purges":2,"victory":true,"max_hp_per_floor":[80,80,80,80,80,80,80,80,87,87,87,87,87,87,87,87,87,87,87,97,97,97,97,97,97,97,97,97,97,97,97,97,97,97,97,97,97,97,97,97,97,97,97,97,97,97,97,97,97,97],"card_choices":[{"not_picked":["Redo","Steam"],"picked":"Doom and Gloom","floor":0.0},{"not_picked":["Genetic Algorithm","Steam Power"],"picked":"Go for the Eyes","floor":1.0},{"not_picked":["Redo","Recycle"],"picked":"Chill","floor":2.0},{"not_picked":["Heatsinks","Compile Driver","Streamline"],"picked":"SKIP","floor":7.0},{"not_picked":["Barrage","Lockon"],"picked":"Steam","floor":13.0},{"not_picked":["Rebound","Beam Cell"],"picked":"Echo Form","floor":14.0},{"not_picked":["Reboot","Hyperbeam"],"picked":"Buffer","floor":16.0},{"not_picked":["Genetic Algorithm","Static Discharge"],"picked":"Defragment+1","floor":18.0},{"not_picked":["Go for the Eyes+1","Sweeping Beam","Genetic Algorithm"],"picked":"SKIP","floor":21.0},{"not_picked":["Lockon","Tempest"],"picked":"Conserve Battery+1","floor":23.0},{"not_picked":["Auto Shields","Lockon","Skim"],"picked":"SKIP","floor":25.0},{"not_picked":["Steam Power","Sunder"],"picked":"Ball Lightning","floor":30},{"not_picked":["Rebound","Glacier"],"picked":"White Noise","floor":31},{"not_picked":["Core Surge","Meteor Strike"],"picked":"Buffer","floor":33},{"not_picked":["Force Field+1","Doom and Gloom"],"picked":"Redo+1","floor":35},{"not_picked":["Conserve Battery","Sweeping Beam+1","Redo"],"picked":"SKIP","floor":37},{"not_picked":["Hologram+1","Barrage","Reprogram"],"picked":"SKIP","floor":39},{"not_picked":["Storm+1","Compile Driver","Biased Cognition"],"picked":"SKIP","floor":41},{"not_picked":["Beam Cell","Stack+1","Hologram+1"],"picked":"SKIP","floor":44},{"not_picked":["Lockon","Barrage","Steam"],"picked":"SKIP","floor":45},{"not_picked":["Turbo+1","Force Field","Chaos+1"],"picked":"SKIP","floor":46},{"not_picked":["Turbo+1","Chaos+1"],"picked":"Force Field","floor":46}],"player_experience":299278,"relics_obtained":[{"floor":9.0,"key":"Strawberry"},{"floor":11.0,"key":"DataDisk"},{"floor":23.0,"key":"Art of War"},{"floor":26.0,"key":"Happy Flower"},{"floor":41,"key":"Bronze Scales"},{"floor":43,"key":"Lantern"},{"floor":45,"key":"Omamori"}],"event_choices":[{"damage_healed":26.0,"max_hp_gain":0.0,"max_hp_loss":0.0,"gold_gain":0.0,"event_name":"Big Fish","player_choice":"Banana","floor":3.0,"gold_loss":0.0,"damage_taken":0.0},{"damage_healed":0.0,"max_hp_gain":0.0,"max_hp_loss":0.0,"gold_gain":0.0,"event_name":"Golden Idol","player_choice":"Take Wound","floor":4.0,"gold_loss":0.0,"damage_taken":0.0,"relics_obtained":["Golden Idol"],"cards_obtained":["Injury"]},{"damage_healed":0.0,"max_hp_gain":0.0,"max_hp_loss":0.0,"gold_gain":0.0,"event_name":"Shining Light","player_choice":"Entered Light","floor":5.0,"gold_loss":0.0,"damage_taken":16.0,"cards_upgraded":["Go for the Eyes","Strike_B"]},{"cards_removed":["All For One"],"damage_healed":13.0,"max_hp_gain":10.0,"max_hp_loss":0.0,"gold_gain":0.0,"event_name":"Bonfire Elementals","player_choice":"Offered Rare","floor":20.0,"gold_loss":0.0,"damage_taken":0.0},{"cards_removed":["Rip and Tear"],"damage_healed":0.0,"max_hp_gain":0.0,"max_hp_loss":0.0,"gold_gain":0.0,"event_name":"Back to Basics","player_choice":"Elegance","floor":27.0,"gold_loss":0.0,"damage_taken":0.0},{"damage_healed":0,"gold_gain":0,"player_choice":"Ignored","damage_taken":0,"max_hp_gain":0,"max_hp_loss":0,"event_name":"Cursed Tome","floor":28,"gold_loss":0},{"damage_healed":0,"gold_gain":0,"player_choice":"Damaged","damage_taken":9,"max_hp_gain":0,"max_hp_loss":0,"event_name":"Wheel of Change","floor":36,"gold_loss":0},{"damage_healed":0,"gold_gain":0,"player_choice":"Paid Gold","damage_taken":0,"relics_obtained":["Bag of Preparation"],"max_hp_gain":0,"max_hp_loss":0,"event_name":"WeMeetAgain","floor":42,"gold_loss":113},{"damage_healed":0,"gold_gain":0,"player_choice":"Ignored","damage_taken":0,"max_hp_gain":0,"max_hp_loss":0,"event_name":"Mysterious Sphere","floor":48,"gold_loss":0}],"is_beta":false,"boss_relics":[{"not_picked":["Nuclear Battery","Runic Dome"],"picked":"Pandora\u0027s Box"},{"not_picked":["Snecko Eye","Fusion Hammer"],"picked":"Runic Pyramid"}],"items_purged_floors":[19,38],"is_endless":false,"potions_floor_spawned":[2,7,14,16,21,25,31,33,41,44,45],"ascension_level":8}