{"gold_per_floor":[116,116,116,133,153,153,163,193,219,231,243,274,311,333,345,460,472,503,430,465,477],"floor_reached":21,"playtime":488,"items_purged":[],"score":179,"play_id":"74ec6470-84f3-4380-b030-119185ca6cb9","local_time":"20190319001942","is_ascension_mode":false,"campfire_choices":[{"data":"Searing Blow","floor":6,"key":"SMITH"},{"floor":15,"key":"REST"}],"neow_cost":"NONE","seed_source_timestamp":299515289047022,"circlet_count":0,"master_deck":["Strike_R","Strike_R","Strike_R","Strike_R","Strike_R","Defend_R","Defend_R","Defend_R","Defend_R","Bash","Searing Blow+2","Clothesline","Pommel Strike","Thunderclap","Shrug It Off","Feed","Ghostly Armor","Immolate","Anger"],"relics":["Burning Blood","Red Skull","MawBank","Vajra","Incense Burner","Mummified Hand","Bag of Preparation"],"potions_floor_usage":[],"damage_taken":[{"damage":0,"enemies":"Small Slimes","floor":1,"turns":3},{"damage":11,"enemies":"2 Louse","floor":4,"turns":3},{"damage":8,"enemies":"Jaw Worm","floor":5,"turns":3},{"damage":20,"enemies":"Exordium Wildlife","floor":7,"turns":5},{"damage":0,"enemies":"Large Slime","floor":12,"turns":5},{"damage":27,"enemies":"3 Sentries","floor":13,"turns":6},{"damage":0,"enemies":"3 Louse","floor":14,"turns":3},{"damage":45,"enemies":"Slime Boss","floor":16,"turns":9},{"damage":38,"enemies":"Spheric Guardian","floor":18,"turns":6},{"damage":18,"enemies":"3 Byrds","floor":21,"turns":3}],"seed_played":"-1702385633203245287","potions_obtained":[{"floor":4,"key":"Strength Potion"},{"floor":13,"key":"Ancient Potion"},{"floor":16,"key":"Regen Potion"}],"is_trial":false,"path_per_floor":["M","$","?","M","M","R","M","?","T","?","?","M","E","M","R","B",null,"M","?","T","M"],"character_chosen":"IRONCLAD","items_purchased":[],"campfire_rested":1,"item_purchase_floors":[],"current_hp_per_floor":[80,80,80,75,73,73,59,59,59,59,56,62,41,50,74,35,83,51,51,51,36],"gold":477,"neow_bonus":"RANDOM_COMMON_RELIC","is_prod":false,"is_daily":false,"chose_seed":false,"campfire_upgraded":1,"win_rate":0,"timestamp":1552951182,"path_taken":["M","$","?","M","M","R","M","?","T","?","?","M","E","M","R","BOSS","M","?","?","M"],"build_version":"2019-01-23","purchased_purges":0,"victory":false,"max_hp_per_floor":[80,80,80,80,80,80,80,80,80,80,80,80,80,83,83,83,83,83,83,83,86],"card_choices":[{"not_picked":["True Grit","Uppercut"],"picked":"Searing Blow","floor":1},{"not_picked":["Hemokinesis","Armaments"],"picked":"Clothesline","floor":4},{"not_picked":["Evolve","Flex"],"picked":"Pommel Strike","floor":5},{"not_picked":["Metallicize","Anger"],"picked":"Thunderclap","floor":7},{"not_picked":["Shockwave","Flex"],"picked":"Shrug It Off","floor":12},{"not_picked":["True Grit","Sword Boomerang"],"picked":"Feed","floor":13},{"not_picked":["Evolve","Body Slam"],"picked":"Ghostly Armor","floor":14},{"not_picked":["Brutality","Fiend Fire"],"picked":"Immolate","floor":16},{"not_picked":["Burning Pact","Power Through"],"picked":"Anger","floor":18}],"player_experience":311884,"relics_obtained":[{"floor":9,"key":"MawBank"},{"floor":13,"key":"Incense Burner"},{"floor":20,"key":"Bag of Preparation"}],"event_choices":[{"damage_healed":0,"gold_gain":0,"player_choice":"Ignored","damage_taken":0,"max_hp_gain":0,"max_hp_loss":0,"event_name":"Golden Idol","floor":3,"gold_loss":0},{"damage_healed":0,"gold_gain":30,"player_choice":"Searched \u00271\u0027 times","damage_taken":0,"max_hp_gain":0,"max_hp_loss":0,"event_name":"Dead Adventurer","floor":8,"gold_loss":0},{"damage_healed":0,"gold_gain":0,"player_choice":"Grow","damage_taken":0,"max_hp_gain":0,"max_hp_loss":0,"event_name":"Living Wall","floor":10,"gold_loss":0,"cards_upgraded":["Searing Blow"]},{"damage_healed":0,"gold_gain":0,"player_choice":"Success","damage_taken":3,"relics_obtained":["Vajra"],"max_hp_gain":0,"max_hp_loss":0,"event_name":"Scrap Ooze","floor":11,"gold_loss":0},{"damage_healed":0,"gold_gain":0,"player_choice":"Obtained Relic","damage_taken":0,"relics_obtained":["Mummified Hand"],"max_hp_gain":0,"max_hp_loss":0,"event_name":"Addict","floor":19,"gold_loss":85}],"is_beta":false,"boss_relics":[{"not_picked":["Coffee Dripper","Empty Cage","Pandora\u0027s Box"]}],"items_purged_floors":[],"is_endless":false,"potions_floor_spawned":[4,13,16],"killed_by":"3 Byrds","ascension_level":0}