{"gold_per_floor":[212,232,307,307,307,307,338,351,376,376,388,402,68,81,81,186,186,198,211,211,224,224,238,238,95,95,95,113,91,91,102,102,197,197,207,12,25,0,18,18,45,45,72,92,112,112,127,82,82,82],"floor_reached":50,"playtime":1229,"items_purged":["Parasite"],"score":471,"play_id":"01f60a16-e834-4375-8f04-3cd4f5148340","local_time":"20190319012624","is_ascension_mode":false,"campfire_choices":[{"floor":6,"key":"REST"},{"data":"Perfected Strike","floor":15,"key":"SMITH"},{"floor":24,"key":"REST"},{"data":"J.A.X.","floor":27,"key":"SMITH"},{"data":"Perfected Strike","floor":30,"key":"SMITH"},{"data":"Offering","floor":32,"key":"SMITH"},{"floor":40,"key":"REST"},{"data":"Shockwave","floor":42,"key":"SMITH"},{"data":"Thunderclap","floor":46,"key":"SMITH"},{"floor":49,"key":"REST"}],"neow_cost":"NONE","seed_source_timestamp":302774708027003,"circlet_count":0,"master_deck":["Strike_R","Strike_R","Strike_R","Strike_R","Strike_R","Defend_R","Defend_R","Defend_R","Defend_R","Bash","Power Through","Rupture+1","Perfected Strike+1","Anger","Thunderclap+1","Perfected Strike+1","Shockwave+1","Offering+1","Thunderclap","Wild Strike+1","Necronomicurse","J.A.X.+1","Inflame+1","Impervious","Pommel Strike","Pommel Strike","Double Tap","Reckless Charge+1","Pommel Strike","Perfected Strike+1","Shrug It Off+1","Sword Boomerang+1","Anger+1","Shrug It Off","Twin Strike","Limit Break"],"relics":["Black Blood","Anchor","Dodecahedron","Strawberry","DollysMirror","Black Star","Necronomicon","Calipers","Omamori","Red Mask","Happy Flower","Dream Catcher"],"potions_floor_usage":[16,19,33,35,44],"damage_taken":[{"damage":8,"enemies":"Jaw Worm","floor":1,"turns":4},{"damage":0,"enemies":"2 Louse","floor":2,"turns":3},{"damage":31,"enemies":"Gremlin Nob","floor":7,"turns":6},{"damage":0,"enemies":"Small Slimes","floor":8,"turns":5},{"damage":0,"enemies":"Blue Slaver","floor":11,"turns":3},{"damage":7,"enemies":"Exordium Wildlife","floor":12,"turns":4},{"damage":0,"enemies":"2 Fungi Beasts","floor":14,"turns":2},{"damage":56,"enemies":"Hexaghost","floor":16,"turns":8},{"damage":16,"enemies":"Shell Parasite","floor":18,"turns":4},{"damage":6,"enemies":"3 Byrds","floor":19,"turns":5},{"damage":30,"enemies":"3 Cultists","floor":21,"turns":5},{"damage":3,"enemies":"Cultist and Chosen","floor":23,"turns":3},{"damage":6,"enemies":"Centurion and Healer","floor":28,"turns":3},{"damage":1,"enemies":"Snake Plant","floor":31,"turns":2},{"damage":68,"enemies":"Collector","floor":33,"turns":6},{"damage":62,"enemies":"3 Darklings","floor":35,"turns":10},{"damage":3,"enemies":"Orb Walker","floor":37,"turns":2},{"damage":2,"enemies":"Spire Growth","floor":39,"turns":2},{"damage":19,"enemies":"3 Darklings","floor":44,"turns":3},{"damage":13,"enemies":"Writhing Mass","floor":45,"turns":3},{"damage":56,"enemies":"4 Shapes","floor":47,"turns":4},{"damage":57,"enemies":"Time Eater","floor":50,"turns":5}],"seed_played":"-6517881003131646518","potions_obtained":[{"floor":1,"key":"Regen Potion"},{"floor":11,"key":"Strength Potion"},{"floor":12,"key":"GamblersBrew"},{"floor":16,"key":"SpeedPotion"},{"floor":21,"key":"Dexterity Potion"},{"floor":33,"key":"Regen Potion"},{"floor":37,"key":"AttackPotion"},{"floor":47,"key":"LiquidBronze"}],"is_trial":false,"path_per_floor":["M","M","?","?","?","R","E","M","T","?","M","M","$","M","R","B",null,"M","M","?","M","?","M","R","$","T","R","M","$","R","M","R","B",null,"M","$","M","?","M","R","T","R","T","M","M","R","M","$","R","B"],"character_chosen":"IRONCLAD","items_purchased":["Thunderclap","DollysMirror","Impervious","Pommel Strike","Pommel Strike","Omamori","Twin Strike"],"campfire_rested":4,"item_purchase_floors":[13,13,25,29,36,36,48],"current_hp_per_floor":[78,80,69,69,57,80,55,61,68,87,87,86,84,84,84,34,84,74,84,68,44,44,47,72,72,72,72,72,72,72,77,77,15,84,47,47,54,54,62,84,84,84,84,75,72,72,26,26,51,0],"gold":82,"neow_bonus":"HUNDRED_GOLD","is_prod":false,"is_daily":false,"chose_seed":false,"campfire_upgraded":6,"win_rate":0,"timestamp":1552955184,"path_taken":["M","M","?","?","?","R","E","M","T","?","M","M","?","M","R","BOSS","M","M","?","M","?","M","R","?","T","R","?","$","R","M","R","BOSS","M","$","M","?","M","R","?","R","T","M","M","R","M","?","R","BOSS"],"build_version":"2019-01-23","purchased_purges":1,"victory":false,"max_hp_per_floor":[80,80,80,80,80,80,80,80,87,87,87,87,84,84,84,84,84,84,84,84,84,84,84,84,84,84,84,84,84,84,84,84,84,84,84,84,84,84,84,84,84,84,84,84,84,84,84,84,84,84],"card_choices":[{"not_picked":["Second Wind","Armaments"],"picked":"Power Through","floor":1},{"not_picked":["Intimidate","True Grit"],"picked":"Rupture","floor":2},{"not_picked":["Rage","Fiend Fire","Second Wind"],"picked":"SKIP","floor":7},{"not_picked":["Whirlwind","Wild Strike"],"picked":"Perfected Strike","floor":8},{"not_picked":["Dual Wield","Feel No Pain","Blood for Blood"],"picked":"SKIP","floor":11},{"not_picked":["Power Through","Havoc"],"picked":"Anger","floor":12},{"not_picked":["Clothesline","Burning Pact"],"picked":"Shockwave","floor":14},{"not_picked":["Berserk","Feed"],"picked":"Offering","floor":16},{"not_picked":["Combust","Sword Boomerang"],"picked":"Thunderclap","floor":18},{"not_picked":["Corruption","Twin Strike"],"picked":"Wild Strike+1","floor":19},{"not_picked":["Rupture+1","Rage","Clothesline"],"picked":"SKIP","floor":21},{"not_picked":["Hemokinesis","Fire Breathing"],"picked":"Inflame+1","floor":23},{"not_picked":["Clash","True Grit+1","Sword Boomerang"],"picked":"SKIP","floor":28},{"not_picked":["Warcry","Cleave+1"],"picked":"Pommel Strike","floor":31},{"not_picked":["Dark Embrace","Feed"],"picked":"Double Tap","floor":33},{"not_picked":["Evolve+1","Spot Weakness"],"picked":"Reckless Charge+1","floor":35},{"not_picked":["Pommel Strike","Iron Wave"],"picked":"Perfected Strike+1","floor":37},{"not_picked":["Sword Boomerang+1","Headbutt+1"],"picked":"Shrug It Off+1","floor":39},{"not_picked":["Clothesline+1","Fire Breathing"],"picked":"Sword Boomerang+1","floor":44},{"not_picked":["Seeing Red","Clothesline"],"picked":"Anger+1","floor":45},{"not_picked":["Combust","Armaments+1"],"picked":"Shrug It Off","floor":47},{"not_picked":["Blood for Blood","Carnage"],"picked":"Limit Break","floor":49}],"player_experience":315074,"relics_obtained":[{"floor":7,"key":"Dodecahedron"},{"floor":9,"key":"Strawberry"},{"floor":20,"key":"Necronomicon"},{"floor":26,"key":"Calipers"},{"floor":41,"key":"Happy Flower"},{"floor":43,"key":"Dream Catcher"}],"event_choices":[{"damage_healed":0,"gold_gain":75,"player_choice":"Gather Gold","damage_taken":11,"max_hp_gain":0,"max_hp_loss":0,"event_name":"World of Goop","floor":3,"gold_loss":0},{"damage_healed":0,"gold_gain":0,"player_choice":"Grow","damage_taken":0,"max_hp_gain":0,"max_hp_loss":0,"event_name":"Living Wall","floor":4,"gold_loss":0,"cards_upgraded":["Rupture"]},{"damage_healed":0,"gold_gain":0,"player_choice":"Success","damage_taken":12,"relics_obtained":["Anchor"],"max_hp_gain":0,"max_hp_loss":0,"event_name":"Scrap Ooze","floor":5,"gold_loss":0},{"damage_healed":21,"gold_gain":0,"player_choice":"Healed and dodged fight","damage_taken":0,"max_hp_gain":0,"max_hp_loss":0,"event_name":"Mushrooms","floor":10,"gold_loss":0,"cards_obtained":["Parasite"]},{"damage_healed":0,"gold_gain":0,"player_choice":"Obtained Book","damage_taken":16,"max_hp_gain":0,"max_hp_loss":0,"event_name":"Cursed Tome","floor":20,"gold_loss":0},{"damage_healed":0,"gold_gain":0,"player_choice":"Obtain J.A.X.","damage_taken":0,"max_hp_gain":0,"max_hp_loss":0,"event_name":"Drug Dealer","floor":22,"gold_loss":0,"cards_obtained":["J.A.X."]},{"damage_healed":0,"gold_gain":0,"player_choice":"Paid","damage_taken":0,"relics_obtained":["Red Mask"],"max_hp_gain":0,"max_hp_loss":0,"event_name":"Tomb of Lord Red Mask","floor":38,"gold_loss":25}],"is_beta":false,"boss_relics":[{"not_picked":["Runic Pyramid","Calling Bell"],"picked":"Black Star"},{"not_picked":["Lizard Tail","Pandora\u0027s Box"],"picked":"Black Blood"}],"items_purged_floors":[13],"is_endless":false,"potions_floor_spawned":[1,11,12,14,16,18,21,23,33,37,47],"killed_by":"Time Eater","ascension_level":0}