{"gold_per_floor":[113,113,123,78,94,94,110,125,125,125,125,125,125,143,143,143],"floor_reached":16,"playtime":1603,"items_purged":[],"score":92,"play_id":"7c82cef7-aac3-49cf-85c0-24c68d7a88f9","local_time":"20181014195748","is_ascension_mode":false,"campfire_choices":[{"data":"Tactician","floor":6,"key":"SMITH"},{"floor":12,"key":"REST"},{"data":"Survivor","floor":15,"key":"SMITH"}],"neow_cost":"NONE","seed_source_timestamp":155275452453246,"circlet_count":0,"master_deck":["Defend_G","Defend_G","Defend_G","Defend_G","Strike_G","Strike_G","Strike_G","Strike_G","Strike_G","Survivor+1","Neutralize","Tactician+1","Acrobatics","Acrobatics","Prepared"],"relics":["Ring of the Snake","PreservedInsect","Darkstone Periapt","Tingsha"],"potions_floor_usage":[16,16],"damage_taken":[{"damage":0,"enemies":"Small Slimes","floor":1,"turns":4},{"damage":0,"enemies":"2 Louse","floor":3,"turns":3},{"damage":5,"enemies":"Cultist","floor":5,"turns":5},{"damage":1,"enemies":"Exordium Wildlife","floor":7,"turns":8},{"damage":2,"enemies":"Blue Slaver","floor":8,"turns":4},{"damage":4,"enemies":"2 Fungi Beasts","floor":14,"turns":4},{"damage":67,"enemies":"The Guardian","floor":16,"turns":16}],"seed_played":"-3518845233702526065","potions_obtained":[{"floor":3,"key":"FearPotion"},{"floor":7,"key":"Energy Potion"}],"is_trial":false,"path_per_floor":["M","?","M","$","M","R","M","M","T","?","?","R","?","M","R"],"character_chosen":"THE_SILENT","items_purchased":["Acrobatics"],"campfire_rested":1,"item_purchase_floors":[4],"current_hp_per_floor":[70,75,75,75,70,70,69,67,67,60,48,70,70,66,66,0],"gold":143,"neow_bonus":"RANDOM_COMMON_RELIC","is_prod":false,"is_daily":false,"chose_seed":false,"campfire_upgraded":2,"win_rate":0.0,"timestamp":1539539868,"path_taken":["M","?","M","$","M","R","M","M","T","?","?","R","?","M","R","BOSS"],"build_version":"2018-10-11","purchased_purges":0,"victory":false,"max_hp_per_floor":[70,75,75,75,75,75,75,75,75,75,75,75,75,75,75,75],"card_choices":[{"not_picked":["Poisoned Stab","Skewer"],"picked":"Tactician","floor":1},{"not_picked":["Blur","Slice","Endless Agony"],"picked":"SKIP","floor":3},{"not_picked":["Backstab","Dagger Spray"],"picked":"Acrobatics","floor":5},{"not_picked":["Deflect","Blur","Bane"],"picked":"SKIP","floor":7},{"not_picked":["Bane","Underhanded Strike","Caltrops"],"picked":"SKIP","floor":8},{"not_picked":["Outmaneuver","Dodge and Roll"],"picked":"Prepared","floor":14}],"player_experience":243385,"relics_obtained":[{"floor":9,"key":"Darkstone Periapt"}],"event_choices":[{"event_name":"Big Fish","player_choice":"Donut","floor":2,"damage_taken":0},{"event_name":"Golden Wing","player_choice":"Card Removal","floor":10,"damage_taken":0},{"event_name":"Scrap Ooze","player_choice":"success","floor":11,"damage_taken":12},{"event_name":"Golden Idol","player_choice":"Ignored","floor":13,"damage_taken":0}],"is_beta":false,"boss_relics":[],"items_purged_floors":[],"is_endless":false,"potions_floor_spawned":[3,7],"killed_by":"The Guardian","ascension_level":0}