{"gold_per_floor":[111,130,94,110,110,110,124,124,173,193,204,204,204,216,216,312,312,325,325,340,96,112,112,124,135,210,210],"floor_reached":27,"playtime":1621,"items_purged":[],"score":259,"play_id":"201763ae-9f0b-4cf4-b5f5-e49b852d7520","local_time":"20181001000615","is_ascension_mode":false,"campfire_choices":[{"data":"Feed","floor":6.0,"key":"SMITH"},{"data":"Perfected Strike","floor":8.0,"key":"SMITH"},{"data":"Infernal Blade","floor":13.0,"key":"SMITH"},{"data":"Shrug It Off","floor":15.0,"key":"SMITH"},{"data":"Searing Blow+1","floor":23.0,"key":"SMITH"}],"neow_cost":"TEN_PERCENT_HP_LOSS","seed_source_timestamp":0,"circlet_count":0,"master_deck":["Strike_R","Strike_R","Strike_R","Strike_R","Strike_R","Defend_R","Defend_R","Defend_R","Defend_R","Bash","Feed+1","Headbutt","Shrug It Off+1","Fire Breathing","Pommel Strike","Perfected Strike+1","Headbutt","Infernal Blade+1","Demon Form+1","Pommel Strike","Searing Blow+2","Inflame","Wild Strike","Thunderclap","Enlightenment","Cleave","Twin Strike+1"],"special_seed":0,"relics":["Burning Blood"],"potions_floor_usage":[],"damage_taken":[{"damage":1.0,"enemies":"Cultist","floor":1.0,"turns":4.0},{"damage":5.0,"enemies":"2 Louse","floor":2.0,"turns":2.0},{"damage":8.0,"enemies":"Jaw Worm","floor":4.0,"turns":4.0},{"damage":1.0,"enemies":"Exordium Wildlife","floor":7.0,"turns":3.0},{"damage":7.0,"enemies":"Blue Slaver","floor":10.0,"turns":3.0},{"damage":13.0,"enemies":"Red Slaver","floor":11.0,"turns":2.0},{"damage":11.0,"enemies":"Lots of Slimes","floor":14.0,"turns":3.0},{"damage":85.0,"enemies":"Hexaghost","floor":16.0,"turns":10.0},{"damage":22.0,"enemies":"2 Thieves","floor":18.0,"turns":4.0},{"damage":10.0,"enemies":"3 Byrds","floor":20.0,"turns":5.0},{"damage":17.0,"enemies":"Cultist and Chosen","floor":22.0,"turns":7.0},{"damage":33.0,"enemies":"Chosen and Byrds","floor":24.0,"turns":5.0},{"damage":43.0,"enemies":"Sentry and Sphere","floor":25.0,"turns":5.0},{"damage":31,"enemies":"Gremlin Leader","floor":27,"turns":3}],"seed_played":"-7828887488905161645","potions_obtained":[{"floor":4.0,"key":"Block Potion"},{"floor":14.0,"key":"SpeedPotion"},{"floor":16.0,"key":"Explosive Potion"},{"floor":20.0,"key":"EssenceOfSteel"},{"floor":22.0,"key":"PowerPotion"}],"is_trial":false,"path_per_floor":["M","M","$","M","?","R","M","R","T","M","M","T","R","M","R","B",null,"M","?","M","$","M","R","M","M","T"],"character_chosen":"IRONCLAD","items_purchased":["Fire Breathing","Inflame","Wild Strike","Thunderclap","Enlightenment"],"campfire_rested":0,"item_purchase_floors":[3,21,21,21,21],"current_hp_per_floor":[75,78,78,79,84,84,90,90,90,93,90,90,90,89,89,14,106,90,90,90,90,83,83,60,27,27,0],"gold":210,"neow_bonus":"THREE_RARE_CARDS","is_prod":false,"is_daily":false,"chose_seed":false,"campfire_upgraded":5,"win_rate":0,"timestamp":1538345175,"path_taken":["M","M","$","M","?","R","M","R","T","M","M","?","R","M","R","BOSS","M","?","?","?","M","R","M","M","T","E"],"build_version":"2018-09-27","purchased_purges":0,"victory":false,"max_hp_per_floor":[75,78,78,81,86,86,90,90,90,94,98,98,98,102,102,106,106,106,106,110,110,114,114,118,122,122,122],"card_choices":[{"not_picked":["Juggernaut","Impervious"],"picked":"Feed","floor":0.0},{"not_picked":["Heavy Blade","Body Slam"],"picked":"Headbutt","floor":1.0},{"not_picked":["Rupture","Warcry"],"picked":"Shrug It Off","floor":2.0},{"not_picked":["Flex","Hemokinesis"],"picked":"Pommel Strike","floor":4.0},{"not_picked":["Iron Wave","Clothesline"],"picked":"Perfected Strike","floor":7.0},{"not_picked":["Dropkick","Cleave"],"picked":"Headbutt","floor":10.0},{"not_picked":["Uppercut","Iron Wave"],"picked":"Infernal Blade","floor":11.0},{"not_picked":["Hemokinesis","Bloodletting","Warcry"],"picked":"SKIP","floor":14.0},{"not_picked":["Bludgeon","Berserk"],"picked":"Demon Form","floor":16.0},{"not_picked":["Uppercut","Headbutt"],"picked":"Pommel Strike","floor":18.0},{"not_picked":["Flex","Bloodletting"],"picked":"Searing Blow+1","floor":20.0},{"not_picked":["Bloodletting","Warcry"],"picked":"Cleave","floor":22.0},{"not_picked":["True Grit","Corruption+1","Sever Soul"],"picked":"SKIP","floor":24.0},{"not_picked":["Spot Weakness","Pommel Strike"],"picked":"Twin Strike+1","floor":25.0}],"player_experience":193234,"relics_obtained":[],"event_choices":[{"event_name":"Big Fish","player_choice":"Donut","floor":5.0,"damage_taken":0.0},{"event_name":"Upgrade Shrine","player_choice":"Upgraded","floor":19.0,"damage_taken":0.0}],"is_beta":false,"boss_relics":[{"not_picked":[]}],"items_purged_floors":[],"is_endless":false,"potions_floor_spawned":[4,14,16,20,22],"killed_by":"Gremlin Leader","ascension_level":0}