{"gold_per_floor":[216,22,40,4,24,24,34,60,60,60,95,107,107,127,127,230,230,242,260,185,197,197,223,223,249,329,329,340,354,371,391,391,391],"floor_reached":33,"playtime":1646,"items_purged":[],"score":391,"play_id":"c886501e-dd3b-40bf-8dbd-f20783642de9","local_time":"20190308161024","is_ascension_mode":true,"campfire_choices":[{"data":"Footwork","floor":6.0,"key":"SMITH"},{"data":"Crippling Poison","floor":10.0,"key":"SMITH"},{"data":"Backflip","floor":13,"key":"SMITH"},{"data":"Survivor","floor":15,"key":"SMITH"},{"data":"Defend_G","floor":24,"key":"SMITH"},{"data":"Defend_G","floor":27,"key":"SMITH"},{"floor":32,"key":"REST"}],"neow_cost":"NONE","seed_source_timestamp":8978353333333,"circlet_count":0,"master_deck":["Defend_G","Defend_G","Defend_G","Defend_G+1","Defend_G+1","Strike_G","Strike_G","Strike_G","Strike_G","Survivor+1","Neutralize","Infinite Blades","Footwork+1","Bouncing Flask","Accuracy","Calculated Gamble","Crippling Poison+1","Backflip+1","Bouncing Flask","Noxious Fumes","Well Laid Plans","Corpse Explosion","Deflect+1","Well Laid Plans+1"],"special_seed":0,"relics":["Ring of the Snake","PreservedInsect","Mango","Bottled Lightning","The Courier","Busted Crown","Ginger","Centennial Puzzle","Pen Nib","Matryoshka"],"potions_floor_usage":[12],"damage_taken":[{"damage":0.0,"enemies":"Cultist","floor":1.0,"turns":6.0},{"damage":3.0,"enemies":"2 Louse","floor":3.0,"turns":4.0},{"damage":1.0,"enemies":"Jaw Worm","floor":5.0,"turns":4.0},{"damage":12.0,"enemies":"Gremlin Gang","floor":7.0,"turns":5.0},{"damage":20.0,"enemies":"3 Sentries","floor":8.0,"turns":8.0},{"damage":4.0,"enemies":"Lagavulin","floor":11.0,"turns":6.0},{"damage":2,"enemies":"Red Slaver","floor":12,"turns":5},{"damage":14,"enemies":"3 Louse","floor":14,"turns":3},{"damage":9,"enemies":"The Guardian","floor":16,"turns":12},{"damage":0,"enemies":"3 Byrds","floor":18,"turns":3},{"damage":11,"enemies":"2 Thieves","floor":19,"turns":4},{"damage":7,"enemies":"Centurion and Healer","floor":21,"turns":5},{"damage":1,"enemies":"Gremlin Leader","floor":23,"turns":7},{"damage":11,"enemies":"Book of Stabbing","floor":25,"turns":5},{"damage":0,"enemies":"3 Cultists","floor":28,"turns":3},{"damage":15,"enemies":"Snake Plant","floor":29,"turns":4},{"damage":4,"enemies":"Centurion and Healer","floor":30,"turns":5},{"damage":18,"enemies":"Snecko","floor":31,"turns":5},{"damage":35,"enemies":"Collector","floor":33,"turns":5}],"seed_played":"7909392028135488527","potions_obtained":[{"floor":1.0,"key":"LiquidBronze"},{"floor":3.0,"key":"LiquidBronze"},{"floor":5.0,"key":"EssenceOfSteel"},{"floor":11.0,"key":"Regen Potion"},{"floor":19,"key":"Strength Potion"},{"floor":23,"key":"LiquidBronze"}],"is_trial":false,"path_per_floor":["M","$","M","$","M","R","M","E","T","R","E","M","R","M","R","B",null,"M","M","?","M","?","E","R","E","T","R","M","M","M","M","R","B"],"character_chosen":"THE_SILENT","items_purchased":["Footwork","PreservedInsect","Accuracy"],"campfire_rested":1,"item_purchase_floors":[2,2,4],"current_hp_per_floor":[63,63,60,60,59,59,47,41,41,41,37,50,50,36,36,27,70,70,59,59,52,52,51,51,40,40,40,40,25,21,3,28,0],"gold":391,"neow_bonus":"HUNDRED_GOLD","is_prod":false,"is_daily":false,"chose_seed":false,"campfire_upgraded":6,"win_rate":0,"timestamp":1552032624,"path_taken":["M","$","M","?","M","R","?","E","T","R","E","M","R","M","R","BOSS","M","?","?","M","?","E","R","E","T","R","M","?","M","M","R","BOSS"],"build_version":"2019-01-23","purchased_purges":0,"victory":false,"max_hp_per_floor":[70,70,70,70,70,70,70,84,84,84,84,84,84,84,84,84,84,84,84,84,84,84,84,84,84,84,84,84,84,84,84,84,84],"card_choices":[{"not_picked":["Infinite Blades","Poisoned Stab","Blade Dance"],"picked":"SKIP","floor":1.0},{"not_picked":["Poisoned Stab","Blade Dance"],"picked":"Infinite Blades","floor":1.0},{"not_picked":["Reflex","Sucker Punch"],"picked":"Bouncing Flask","floor":3.0},{"not_picked":["Finisher","Bane"],"picked":"Calculated Gamble","floor":5.0},{"not_picked":["PiercingWail","Cloak And Dagger"],"picked":"Crippling Poison","floor":7.0},{"not_picked":["Dagger Throw","Dagger Spray"],"picked":"Backflip","floor":8.0},{"not_picked":["Dagger Throw","Cloak And Dagger"],"picked":"Bouncing Flask","floor":11.0},{"not_picked":["Sucker Punch","Acrobatics"],"picked":"Noxious Fumes","floor":12},{"not_picked":["After Image","Choke"],"picked":"Well Laid Plans","floor":14},{"not_picked":["Venomology","Burst"],"picked":"Corpse Explosion","floor":16},{"not_picked":["Bane"],"picked":"SKIP","floor":18},{"not_picked":["Choke"],"picked":"SKIP","floor":19},{"not_picked":["Outmaneuver"],"picked":"SKIP","floor":21},{"not_picked":[],"picked":"Deflect+1","floor":23},{"not_picked":["Outmaneuver"],"picked":"SKIP","floor":25},{"not_picked":["Dagger Throw"],"picked":"SKIP","floor":28},{"not_picked":[],"picked":"Well Laid Plans+1","floor":29},{"not_picked":["Poisoned Stab"],"picked":"SKIP","floor":30},{"not_picked":["Choke"],"picked":"SKIP","floor":31}],"player_experience":259996,"relics_obtained":[{"floor":8.0,"key":"Mango"},{"floor":9.0,"key":"Bottled Lightning"},{"floor":11.0,"key":"The Courier"},{"floor":23,"key":"Centennial Puzzle"},{"floor":25,"key":"Pen Nib"},{"floor":26,"key":"Matryoshka"}],"event_choices":[{"cards_removed":["Strike_G"],"damage_healed":0,"gold_gain":0,"player_choice":"Gave Gold","damage_taken":0,"max_hp_gain":0,"max_hp_loss":0,"event_name":"Beggar","floor":20,"gold_loss":75},{"damage_healed":0,"gold_gain":0,"player_choice":"Gave Potion","damage_taken":0,"relics_obtained":["Ginger"],"max_hp_gain":0,"max_hp_loss":0,"event_name":"WeMeetAgain","floor":22,"gold_loss":0}],"is_beta":false,"boss_relics":[{"not_picked":["Orrery","Black Star"],"picked":"Busted Crown"}],"items_purged_floors":[],"is_endless":false,"potions_floor_spawned":[1,3,5,11,19,23],"killed_by":"Collector","ascension_level":6}