{"gold_per_floor":[118,118,3,3,3,37,37,68,116,116,127,127,143,187,187,310,310,333,333,62,75,89,89,120,120,147,147,163,198,20,20,20,145,145,161,0,125,143,1,36,74,108,159,190,214,214,233,272,272,272,272,272,11,49,49],"floor_reached":56,"playtime":3007,"items_purged":["Strike_B","Injury"],"score":1849,"play_id":"0840bd6f-dbc0-473a-afb2-395286361779","local_time":"20190306153124","is_ascension_mode":true,"campfire_choices":[{"data":"Coolheaded","floor":7.0,"key":"SMITH"},{"data":"Chill","floor":15.0,"key":"SMITH"},{"data":"Echo Form","floor":23.0,"key":"SMITH"},{"data":"Coolheaded","floor":25.0,"key":"SMITH"},{"data":"Blizzard","floor":27.0,"key":"SMITH"},{"data":"Defragment","floor":32.0,"key":"SMITH"},{"floor":46.0,"key":"RECALL"},{"floor":49.0,"key":"REST"},{"floor":52.0,"key":"REST"}],"neow_cost":"NONE","seed_source_timestamp":7505995778257,"circlet_count":0,"master_deck":["Strike_B+1","Strike_B+1","Strike_B+1","Defend_B+1","Defend_B+1","Defend_B+1","Zap","Dualcast","Blizzard+1","Glacier+1","Coolheaded+1","Electrodynamics","Coolheaded+1","Chill+1","Echo Form+1","Leap","Double Energy","Coolheaded+1","Defragment+1","Reinforced Body+1","Double Energy+1","Echo Form","Glacier","Coolheaded+1","Coolheaded+1","Coolheaded","Finesse"],"special_seed":0,"relics":["Cracked Core","NeowsBlessing","Centennial Puzzle","Ice Cream","Happy Flower","Golden Idol","Vajra","Busted Crown","TheAbacus","Kunai","Blood Vial","Prayer Wheel","Fusion Hammer","Red Mask","WingedGreaves","DataDisk","Strawberry","Shuriken","Orichalcum","Anchor","Pocketwatch"],"potions_floor_usage":[54,55],"damage_taken":[{"damage":0.0,"enemies":"2 Louse","floor":1.0,"turns":1.0},{"damage":0.0,"enemies":"Gremlin Nob","floor":6.0,"turns":1.0},{"damage":0.0,"enemies":"Lagavulin","floor":8.0,"turns":2.0},{"damage":0.0,"enemies":"Small Slimes","floor":11.0,"turns":3.0},{"damage":5.0,"enemies":"Jaw Worm","floor":13.0,"turns":4.0},{"damage":18.0,"enemies":"Gremlin Nob","floor":14.0,"turns":3.0},{"damage":10.0,"enemies":"The Guardian","floor":16.0,"turns":14.0},{"damage":3.0,"enemies":"3 Byrds","floor":18.0,"turns":3.0},{"damage":0.0,"enemies":"Spheric Guardian","floor":21.0,"turns":5.0},{"damage":14.0,"enemies":"Centurion and Healer","floor":22.0,"turns":5.0},{"damage":7.0,"enemies":"Gremlin Leader","floor":24.0,"turns":5.0},{"damage":0.0,"enemies":"Sentry and Sphere","floor":28.0,"turns":5.0},{"damage":2.0,"enemies":"Slavers","floor":29.0,"turns":4.0},{"damage":11.0,"enemies":"Collector","floor":33.0,"turns":9.0},{"damage":0.0,"enemies":"3 Shapes","floor":35.0,"turns":4.0},{"damage":0.0,"enemies":"Mind Bloom Boss Battle","floor":37.0,"turns":8.0},{"damage":0.0,"enemies":"3 Darklings","floor":38.0,"turns":3.0},{"damage":0.0,"enemies":"Giant Head","floor":40.0,"turns":8.0},{"damage":1.0,"enemies":"Nemesis","floor":41.0,"turns":5.0},{"damage":20.0,"enemies":"Reptomancer","floor":42.0,"turns":6.0},{"damage":7.0,"enemies":"Nemesis","floor":44.0,"turns":9.0},{"damage":0.0,"enemies":"Maw","floor":45.0,"turns":7.0},{"damage":0.0,"enemies":"Spire Growth","floor":47.0,"turns":5.0},{"damage":23.0,"enemies":"Reptomancer","floor":48.0,"turns":6.0},{"damage":0.0,"enemies":"Donu and Deca","floor":50.0,"turns":7.0},{"damage":7,"enemies":"Shield and Spear","floor":54,"turns":5},{"damage":62,"enemies":"The Heart","floor":55,"turns":9}],"seed_played":"-4588751331370820145","potions_obtained":[{"floor":6.0,"key":"Energy Potion"},{"floor":8.0,"key":"SteroidPotion"},{"floor":16.0,"key":"PowerPotion"},{"floor":24.0,"key":"Regen Potion"},{"floor":29.0,"key":"SkillPotion"},{"floor":33.0,"key":"Energy Potion"},{"floor":38.0,"key":"Weak Potion"},{"floor":41.0,"key":"SmokeBomb"},{"floor":42.0,"key":"Weak Potion"}],"is_trial":false,"path_per_floor":["M","?","$","?","?","E","R","E","T","?","M","?","M","E","R","B",null,"M","?","$","M","M","R","E","R","T","R","M","E","$","?","R","B",null,"M","?","?","M","$","E","E","E","T","E","M","R","M","E","R","B",null,"R","$","E","B",null],"character_chosen":"DEFECT","items_purchased":["Glacier","TheAbacus","Regen Potion","Regen Potion","Echo Form","Glacier","Coolheaded","Finesse","LiquidBronze","Weak Potion"],"campfire_rested":2,"item_purchase_floors":[3,20,20,30,39,39,53,53,53,53],"current_hp_per_floor":[68,73,73,73,57,57,57,57,57,50,50,50,45,27,27,17,64,61,61,61,61,47,47,54,54,54,54,70,70,70,70,70,61,75,77,77,79,80,80,80,86,76,76,71,73,73,75,54,80,82,86,87,87,80,20],"gold":49,"neow_bonus":"THREE_ENEMY_KILL","is_prod":false,"is_daily":false,"chose_seed":false,"campfire_upgraded":6,"win_rate":0,"timestamp":1551857484,"path_taken":["M","?","$","?","?","E","R","E","T","?","M","?","?","E","R","BOSS","M","?","$","M","M","R","E","R","T","R","M","E","$","?","R","BOSS","M","?","?","M","$","E","E","E","T","E","?","R","M","E","R","BOSS","R","$","E","BOSS"],"build_version":"2019-01-23","purchased_purges":2,"victory":true,"max_hp_per_floor":[75,80,80,80,80,80,80,80,80,80,80,80,80,80,80,80,80,80,80,80,80,80,80,80,80,80,80,80,80,80,80,80,80,80,80,80,80,80,80,80,87,87,87,87,87,87,87,87,87,87,87,87,87,87,87],"card_choices":[{"not_picked":["Leap","BootSequence"],"picked":"Blizzard","floor":1.0},{"not_picked":["Ball Lightning","Leap"],"picked":"Coolheaded","floor":6.0},{"not_picked":["Conserve Battery","Blizzard"],"picked":"Electrodynamics","floor":8.0},{"not_picked":["Heatsinks","Steam","Redo"],"picked":"SKIP","floor":11.0},{"not_picked":["Sunder","Steam"],"picked":"Coolheaded","floor":13.0},{"not_picked":["Darkness","Redo"],"picked":"Chill","floor":14.0},{"not_picked":["Biased Cognition","Electrodynamics"],"picked":"Echo Form","floor":16.0},{"not_picked":[],"picked":"Leap","floor":18.0},{"not_picked":[],"picked":"Double Energy","floor":21.0},{"not_picked":["Gash"],"picked":"SKIP","floor":22.0},{"not_picked":["Gash"],"picked":"SKIP","floor":24.0},{"not_picked":["Rebound"],"picked":"SKIP","floor":28.0},{"not_picked":[],"picked":"Coolheaded+1","floor":29.0},{"not_picked":[],"picked":"Reinforced Body+1","floor":35.0},{"not_picked":["Go for the Eyes+1"],"picked":"SKIP","floor":35.0},{"not_picked":[],"picked":"Double Energy+1","floor":38.0},{"not_picked":["Storm"],"picked":"SKIP","floor":38.0},{"not_picked":["Conserve Battery"],"picked":"SKIP","floor":40.0},{"not_picked":["Tempest"],"picked":"SKIP","floor":41.0},{"not_picked":["Turbo"],"picked":"SKIP","floor":42.0},{"not_picked":["Biased Cognition"],"picked":"SKIP","floor":44.0},{"not_picked":["Conserve Battery+1"],"picked":"SKIP","floor":45.0},{"not_picked":["Sweeping Beam"],"picked":"SKIP","floor":45.0},{"not_picked":[],"picked":"Coolheaded+1","floor":47.0},{"not_picked":[],"picked":"Coolheaded+1","floor":47.0},{"not_picked":["Hologram"],"picked":"SKIP","floor":48.0},{"not_picked":["Barrage"],"picked":"SKIP","floor":54}],"player_experience":244432,"relics_obtained":[{"floor":6.0,"key":"Centennial Puzzle"},{"floor":8.0,"key":"Ice Cream"},{"floor":9.0,"key":"Happy Flower"},{"floor":14.0,"key":"Vajra"},{"floor":24.0,"key":"Kunai"},{"floor":26.0,"key":"Blood Vial"},{"floor":29.0,"key":"Prayer Wheel"},{"floor":37.0,"key":"WingedGreaves"},{"floor":40.0,"key":"DataDisk"},{"floor":41.0,"key":"Strawberry"},{"floor":42.0,"key":"Shuriken"},{"floor":44.0,"key":"Orichalcum"},{"floor":48.0,"key":"Anchor"},{"floor":54,"key":"Pocketwatch"}],"event_choices":[{"damage_healed":0.0,"max_hp_gain":5.0,"max_hp_loss":0.0,"gold_gain":0.0,"event_name":"Big Fish","player_choice":"Donut","floor":2.0,"gold_loss":0.0,"damage_taken":0.0},{"damage_healed":0.0,"max_hp_gain":0.0,"max_hp_loss":0.0,"gold_gain":0.0,"event_name":"Living Wall","player_choice":"Grow","floor":4.0,"gold_loss":0.0,"damage_taken":0.0,"cards_upgraded":["Glacier"]},{"damage_healed":0.0,"max_hp_gain":0.0,"max_hp_loss":0.0,"gold_gain":0.0,"event_name":"Shining Light","player_choice":"Entered Light","floor":5.0,"gold_loss":0.0,"damage_taken":16.0,"cards_upgraded":["Defend_B","Defend_B"]},{"cards_removed":["Defend_B"],"damage_healed":0.0,"max_hp_gain":0.0,"max_hp_loss":0.0,"gold_gain":0.0,"event_name":"Golden Wing","player_choice":"Card Removal","floor":10.0,"gold_loss":0.0,"damage_taken":7.0},{"damage_healed":0.0,"max_hp_gain":0.0,"max_hp_loss":0.0,"gold_gain":0.0,"event_name":"Golden Idol","player_choice":"Take Wound","floor":12.0,"gold_loss":0.0,"damage_taken":0.0,"relics_obtained":["Golden Idol"],"cards_obtained":["Injury"]},{"damage_healed":0.0,"max_hp_gain":0.0,"max_hp_loss":0.0,"gold_gain":0.0,"event_name":"Back to Basics","player_choice":"Simplicity","floor":19.0,"gold_loss":0.0,"damage_taken":0.0,"cards_upgraded":["Strike_B","Strike_B","Strike_B","Defend_B"]},{"damage_healed":0.0,"max_hp_gain":0.0,"max_hp_loss":0.0,"gold_gain":0.0,"event_name":"The Library","player_choice":"Read","floor":31.0,"gold_loss":0.0,"damage_taken":0.0,"cards_obtained":["Defragment"]},{"damage_healed":0.0,"max_hp_gain":0.0,"max_hp_loss":0.0,"gold_gain":0.0,"event_name":"Tomb of Lord Red Mask","player_choice":"Paid","floor":36.0,"gold_loss":161.0,"damage_taken":0.0,"relics_obtained":["Red Mask"]},{"damage_healed":0.0,"max_hp_gain":0.0,"max_hp_loss":0.0,"gold_gain":0.0,"event_name":"MindBloom","player_choice":"Fight","floor":37.0,"gold_loss":0.0,"damage_taken":0.0}],"is_beta":false,"boss_relics":[{"not_picked":["Pandora\u0027s Box","Astrolabe"],"picked":"Busted Crown"},{"not_picked":["Eternal Feather","Black Star"],"picked":"Fusion Hammer"}],"items_purged_floors":[3,30],"is_endless":false,"potions_floor_spawned":[6,8,16,24,29,33,38,40,41,42,47],"ascension_level":6}