{"gold_per_floor":[117,137,13,13,26,59,59,73,99,115,115,115,150,162,162,257,257,226,244,262,276,276],"floor_reached":22,"playtime":4631,"items_purged":[],"score":200,"play_id":"ce2791c0-c3d8-47f6-a9b2-bfecbe7496c6","local_time":"20181121170731","is_ascension_mode":false,"campfire_choices":[{"floor":7.0,"key":"REST"},{"data":"Rampage","floor":12.0,"key":"SMITH"},{"floor":15,"key":"REST"}],"neow_cost":"","seed_source_timestamp":0,"circlet_count":0,"master_deck":["Strike_R","Strike_R","Strike_R","Strike_R","Strike_R","Defend_R","Defend_R+1","Defend_R","Defend_R","Bash","Flame Barrier+1","Fire Breathing","Good Instincts","Whirlwind","Decay","Anger","Rampage+1","Armaments","Iron Wave","Disarm","Rampage","Barricade","Warcry","Cleave","Shrug It Off","Infernal Blade","Body Slam","Twin Strike+1","Flex"],"special_seed":0,"relics":["Burning Blood","Strawberry","Vajra","War Paint","Peace Pipe","Orrery"],"potions_floor_usage":[16,16,21,22,22],"damage_taken":[{"damage":10.0,"enemies":"Jaw Worm","floor":1.0,"turns":5.0},{"damage":1.0,"enemies":"Cultist","floor":2.0,"turns":6.0},{"damage":3.0,"enemies":"2 Louse","floor":5.0,"turns":4.0},{"damage":42.0,"enemies":"3 Sentries","floor":6.0,"turns":8.0},{"damage":0.0,"enemies":"Lots of Slimes","floor":8.0,"turns":1.0},{"damage":11.0,"enemies":"Blue Slaver","floor":10.0,"turns":4.0},{"damage":21.0,"enemies":"Lagavulin","floor":13.0,"turns":8.0},{"damage":15,"enemies":"Exordium Thugs","floor":14,"turns":5},{"damage":65,"enemies":"The Guardian","floor":16,"turns":12},{"damage":16,"enemies":"2 Thieves","floor":18,"turns":5},{"damage":10,"enemies":"3 Byrds","floor":19,"turns":4},{"damage":11,"enemies":"Centurion and Healer","floor":20,"turns":10},{"damage":46,"enemies":"Cultist and Chosen","floor":21,"turns":9},{"damage":31,"enemies":"Snecko","floor":22,"turns":5}],"seed_played":"-6168038324124094319","potions_obtained":[{"floor":1.0,"key":"FearPotion"},{"floor":6.0,"key":"Fire Potion"},{"floor":10.0,"key":"Swift Potion"},{"floor":13,"key":"AttackPotion"},{"floor":16,"key":"SneckoOil"},{"floor":18,"key":"Ancient Potion"},{"floor":19,"key":"Swift Potion"},{"floor":20,"key":"AttackPotion"}],"is_trial":false,"path_per_floor":["M","M","$","?","M","E","R","M","T","M","?","R","E","E","M","R","B",null,"M","M","M","M","M"],"character_chosen":"IRONCLAD","items_purchased":["Good Instincts","Whirlwind"],"campfire_rested":2,"item_purchase_floors":[3,3],"current_hp_per_floor":[76,80,80,80,80,51,77,83,83,78,78,78,63,54,80,21,87,77,73,68,28,0],"gold":276,"neow_bonus":"","is_prod":false,"is_daily":false,"chose_seed":false,"campfire_upgraded":1,"win_rate":0.0,"timestamp":1542787651,"path_taken":["M","M","$","?","?","E","R","M","T","M","?","R","E","?","R","BOSS","M","M","?","M","M"],"build_version":"2018-11-15","purchased_purges":0,"victory":false,"max_hp_per_floor":[80,80,80,80,80,87,87,87,87,87,87,87,87,87,87,87,87,87,87,87,87,87],"card_choices":[{"not_picked":["Uppercut","Rampage"],"picked":"Flame Barrier","floor":1.0},{"not_picked":["Clash","Reckless Charge"],"picked":"Fire Breathing","floor":2.0},{"not_picked":["Armaments","Battle Trance"],"picked":"Anger","floor":5.0},{"not_picked":["Perfected Strike","Flex"],"picked":"Rampage","floor":6.0},{"not_picked":["Clash","Flex"],"picked":"Armaments","floor":8.0},{"not_picked":["Sword Boomerang","Clothesline"],"picked":"Iron Wave","floor":10.0},{"not_picked":["Iron Wave","Fire Breathing"],"picked":"Disarm","floor":13},{"not_picked":["Clothesline","Carnage"],"picked":"Rampage","floor":14},{"not_picked":["Offering","Brutality"],"picked":"Barricade","floor":16},{"not_picked":["Clothesline","Clash"],"picked":"Warcry","floor":17},{"not_picked":["Iron Wave","Bloodletting"],"picked":"Cleave","floor":17},{"not_picked":["Shockwave","Iron Wave"],"picked":"Shrug It Off","floor":17},{"not_picked":["Reckless Charge","Thunderclap"],"picked":"Infernal Blade","floor":17},{"not_picked":["True Grit","Perfected Strike"],"picked":"Body Slam","floor":17},{"not_picked":["Blood for Blood","Warcry"],"picked":"Twin Strike+1","floor":18},{"not_picked":["Bludgeon","Perfected Strike","Sword Boomerang"],"picked":"SKIP","floor":19},{"not_picked":["Sever Soul","Iron Wave","Sword Boomerang"],"picked":"SKIP","floor":20},{"not_picked":["Warcry+1","Blood for Blood"],"picked":"Flex","floor":21}],"player_experience":0,"relics_obtained":[{"floor":6.0,"key":"Strawberry"},{"floor":9.0,"key":"Vajra"},{"floor":13,"key":"Peace Pipe"}],"event_choices":[{"damage_healed":0.0,"max_hp_gain":0.0,"max_hp_loss":0.0,"gold_gain":0.0,"event_name":"Match and Keep!","player_choice":"1 cards matched","floor":4.0,"gold_loss":0.0,"damage_taken":0.0,"cards_obtained":["Decay"]},{"damage_healed":0.0,"max_hp_gain":0.0,"max_hp_loss":0.0,"gold_gain":0.0,"event_name":"WeMeetAgain","player_choice":"Gave Potion","floor":11.0,"gold_loss":0.0,"damage_taken":0.0,"relics_obtained":["War Paint"]}],"is_beta":false,"boss_relics":[{"not_picked":["Runic Cube","Cursed Key"],"picked":"Orrery"}],"items_purged_floors":[],"is_endless":false,"potions_floor_spawned":[1,6,10,13,16,18,19,20],"killed_by":"Snecko","ascension_level":0}