{"gold_per_floor":[218,237,34,46,60,60,71,87,87,102,166,166,166,180,180,283,283,300,313,43,61,61,61,81,81,106,106,124,124,179,197,197,197],"floor_reached":33,"playtime":1819,"items_purged":["Strike_G"],"score":331,"play_id":"6c63b6ff-0c7f-4513-97dd-58fce06c0c52","local_time":"20190227162327","is_ascension_mode":true,"campfire_choices":[{"data":"Noxious Fumes","floor":6.0,"key":"SMITH"},{"floor":12.0,"key":"REST"},{"floor":15.0,"key":"REST"},{"floor":23.0,"key":"DIG"},{"floor":25.0,"key":"DIG"},{"floor":27.0,"key":"DIG"},{"floor":32,"key":"REST"}],"neow_cost":"NONE","seed_source_timestamp":12996378892360,"circlet_count":0,"master_deck":["Defend_G","Defend_G","Defend_G","Defend_G","Defend_G","Strike_G","Strike_G","Strike_G","Survivor","Neutralize","Deadly Poison","Noxious Fumes+1","Backflip","Well Laid Plans","Flash of Steel","Crippling Poison","Deadly Poison","Cloak And Dagger","Deflect","Deflect","Doppelganger","Footwork","Corpse Explosion","Backflip","Caltrops","Masterful Stab","Caltrops","Forethought","Cloak And Dagger"],"special_seed":0,"relics":["Ring of the Snake","Shovel","Ancient Tea Set","Tough Bandages","White Beast Statue","TwistedFunnel","StoneCalendar","Regal Pillow","Boot","Blood Vial","Tiny Chest"],"potions_floor_usage":[31,33],"damage_taken":[{"damage":0.0,"enemies":"Small Slimes","floor":1.0,"turns":6.0},{"damage":0.0,"enemies":"Jaw Worm","floor":2.0,"turns":4.0},{"damage":0.0,"enemies":"Cultist","floor":4.0,"turns":4.0},{"damage":1.0,"enemies":"Looter","floor":5.0,"turns":4.0},{"damage":9.0,"enemies":"Lots of Slimes","floor":7.0,"turns":4.0},{"damage":7.0,"enemies":"Exordium Wildlife","floor":8.0,"turns":5.0},{"damage":3.0,"enemies":"2 Fungi Beasts","floor":10.0,"turns":4.0},{"damage":58.0,"enemies":"Gremlin Nob","floor":11.0,"turns":6.0},{"damage":4.0,"enemies":"Blue Slaver","floor":14.0,"turns":4.0},{"damage":13.0,"enemies":"Slime Boss","floor":16.0,"turns":12.0},{"damage":8.0,"enemies":"3 Byrds","floor":18.0,"turns":3.0},{"damage":5.0,"enemies":"Shell Parasite","floor":19.0,"turns":8.0},{"damage":23.0,"enemies":"Shelled Parasite and Fungi","floor":21.0,"turns":7.0},{"damage":0.0,"enemies":"Centurion and Healer","floor":24.0,"turns":5.0},{"damage":15.0,"enemies":"Cultist and Chosen","floor":28.0,"turns":6.0},{"damage":0.0,"enemies":"Gremlin Leader","floor":30.0,"turns":7.0},{"damage":21,"enemies":"Chosen and Byrds","floor":31,"turns":5},{"damage":54,"enemies":"Collector","floor":33,"turns":5}],"seed_played":"-517415156648262397","potions_obtained":[{"floor":1.0,"key":"PowerPotion"},{"floor":2.0,"key":"Regen Potion"},{"floor":5.0,"key":"FearPotion"},{"floor":18.0,"key":"EntropicBrew"},{"floor":19.0,"key":"Regen Potion"},{"floor":21.0,"key":"SpeedPotion"},{"floor":24.0,"key":"GhostInAJar"},{"floor":28.0,"key":"Fire Potion"},{"floor":30.0,"key":"PowerPotion"},{"floor":31,"key":"SteroidPotion"}],"is_trial":false,"path_per_floor":["M","M","$","M","M","R","M","M","T","M","?","R","?","M","R","B",null,"M","M","$","M","?","R","M","R","T","R","M","?","E","M","R","B"],"character_chosen":"THE_SILENT","items_purchased":["Backflip","Well Laid Plans","Flash of Steel","TwistedFunnel"],"campfire_rested":3,"item_purchase_floors":[3,3,3,20],"current_hp_per_floor":[70,70,70,70,69,69,60,65,65,62,4,25,22,18,39,26,70,62,57,57,49,49,49,49,49,49,49,36,22,24,5,41,0],"gold":197,"neow_bonus":"HUNDRED_GOLD","is_prod":false,"is_daily":false,"chose_seed":false,"campfire_upgraded":1,"win_rate":0,"timestamp":1551255807,"path_taken":["M","M","$","M","M","R","M","M","T","M","?","R","?","M","R","BOSS","M","M","$","M","?","R","?","R","T","R","M","?","E","M","R","BOSS"],"build_version":"2019-01-23","purchased_purges":1,"victory":false,"max_hp_per_floor":[70,70,70,70,70,70,70,70,70,70,70,70,70,70,70,70,70,70,70,70,70,70,70,70,70,70,70,70,70,70,70,70,70],"card_choices":[{"not_picked":["Endless Agony","Expertise"],"picked":"Deadly Poison","floor":1.0},{"not_picked":["Setup","PiercingWail"],"picked":"Noxious Fumes","floor":2.0},{"not_picked":["Underhanded Strike","Infinite Blades"],"picked":"Crippling Poison","floor":4.0},{"not_picked":["Finisher","Quick Slash"],"picked":"Deadly Poison","floor":5.0},{"not_picked":["Predator","Blade Dance"],"picked":"Cloak And Dagger","floor":7.0},{"not_picked":["Masterful Stab","Terror"],"picked":"Deflect","floor":8.0},{"not_picked":["Quick Slash","Prepared"],"picked":"Deflect","floor":10.0},{"not_picked":["Finisher","Flechettes"],"picked":"Doppelganger","floor":11.0},{"not_picked":["Sucker Punch","Bane"],"picked":"Footwork","floor":14.0},{"not_picked":["Storm of Steel","Doppelganger"],"picked":"Corpse Explosion","floor":16.0},{"not_picked":["Reflex","Outmaneuver"],"picked":"Backflip","floor":18.0},{"not_picked":["Riddle With Holes","Slice","Concentrate"],"picked":"SKIP","floor":19.0},{"not_picked":["Poisoned Stab","Concentrate"],"picked":"Caltrops","floor":21.0},{"not_picked":["Cloak And Dagger","Blade Dance+1"],"picked":"Caltrops","floor":24.0},{"not_picked":["Heel Hook","Prepared","Skewer"],"picked":"SKIP","floor":28.0},{"not_picked":["Prepared","Dagger Spray+1","Riddle With Holes+1"],"picked":"SKIP","floor":30.0},{"not_picked":["Slice","Quick Slash"],"picked":"Cloak And Dagger","floor":31}],"player_experience":203776,"relics_obtained":[{"floor":9.0,"key":"Shovel"},{"floor":11.0,"key":"Ancient Tea Set"},{"floor":23.0,"key":"StoneCalendar"},{"floor":25.0,"key":"Regal Pillow"},{"floor":26.0,"key":"Boot"},{"floor":27.0,"key":"Blood Vial"},{"floor":30.0,"key":"Tiny Chest"}],"event_choices":[{"damage_healed":0.0,"max_hp_gain":0.0,"max_hp_loss":0.0,"gold_gain":0.0,"event_name":"Dead Adventurer","player_choice":"Searched \u00271\u0027 times","floor":11.0,"gold_loss":0.0,"damage_taken":0.0},{"damage_healed":0.0,"max_hp_gain":0.0,"max_hp_loss":0.0,"gold_gain":0.0,"event_name":"Scrap Ooze","player_choice":"Success","floor":13.0,"gold_loss":0.0,"damage_taken":3.0,"relics_obtained":["Tough Bandages"]},{"damage_healed":0.0,"max_hp_gain":0.0,"max_hp_loss":0.0,"gold_gain":0.0,"cards_transformed":["Strike_G"],"event_name":"Transmorgrifier","player_choice":"Transformed","floor":22.0,"gold_loss":0.0,"damage_taken":0.0,"cards_obtained":["Masterful Stab"]},{"damage_healed":0.0,"max_hp_gain":0.0,"max_hp_loss":0.0,"gold_gain":0.0,"event_name":"Knowing Skull","player_choice":"CARD ","floor":29.0,"potions_obtained":[],"gold_loss":0.0,"damage_taken":14.0,"cards_obtained":["Forethought"]},{"damage_healed":0.0,"max_hp_gain":0.0,"max_hp_loss":0.0,"gold_gain":0.0,"event_name":"Knowing Skull","player_choice":"CARD ","floor":29.0,"potions_obtained":[],"gold_loss":0.0,"damage_taken":14.0,"cards_obtained":["Forethought"]}],"is_beta":false,"boss_relics":[{"not_picked":["Cursed Key","WristBlade"],"picked":"White Beast Statue"}],"items_purged_floors":[20],"is_endless":false,"potions_floor_spawned":[1,2,5,18,19,21,24,28,30,31],"killed_by":"Collector","ascension_level":3}