{"gold_per_floor":[119,119,136,136,136,171,171,171,241,31,31,54,54,129,129,248,248,248],"floor_reached":18,"playtime":445,"items_purged":[],"score":203,"play_id":"6044bfd7-409f-45c4-afba-51e1d26bcbaa","local_time":"20190324015416","is_ascension_mode":true,"campfire_choices":[{"floor":7,"key":"REST"},{"data":"Bash","floor":13,"key":"SMITH"},{"floor":15,"key":"REST"}],"neow_cost":"NONE","seed_source_timestamp":350352456851316,"circlet_count":0,"master_deck":["Bash+1","True Grit+1","Pommel Strike","Clothesline","Headbutt","Bludgeon","Body Slam","Bludgeon","Demon Form+1","Heavy Blade","Dropkick","Ghostly Armor","Headbutt","Fiend Fire","Body Slam","Inflame+1"],"relics":["Burning Blood","Juzu Bracelet","Self Forming Clay","Frozen Egg 2","Golden Idol","Kunai","FaceOfCleric","Pandora\u0027s Box"],"potions_floor_usage":[],"damage_taken":[{"damage":9,"enemies":"2 Louse","floor":1,"turns":3},{"damage":12,"enemies":"Small Slimes","floor":3,"turns":4},{"damage":25,"enemies":"Gremlin Nob","floor":6,"turns":4},{"damage":0,"enemies":"Cultist","floor":12,"turns":2},{"damage":59,"enemies":"Hexaghost","floor":16,"turns":9},{"damage":0,"enemies":"2 Thieves","floor":18,"turns":1}],"seed_played":"-2171148799770070917","potions_obtained":[{"floor":12,"key":"SpeedPotion"}],"is_trial":false,"path_per_floor":["M","?","M","?","?","E","R","?","T","$","?","M","R","?","R","B",null,"M"],"character_chosen":"IRONCLAD","items_purchased":["Headbutt","Bludgeon"],"campfire_rested":2,"item_purchase_floors":[10,10],"current_hp_per_floor":[69,51,45,45,71,52,76,56,56,56,56,63,63,52,76,24,68,68],"gold":248,"neow_bonus":"RANDOM_COMMON_RELIC","is_prod":false,"is_daily":false,"chose_seed":false,"campfire_upgraded":1,"win_rate":0,"timestamp":1553388856,"path_taken":["M","?","M","?","?","E","R","?","T","$","?","M","R","?","R","BOSS","M"],"build_version":"2019-01-23","purchased_purges":0,"victory":false,"max_hp_per_floor":[80,80,80,80,80,80,80,80,80,80,80,81,81,81,81,82,82,82],"card_choices":[{"not_picked":["Cleave","Rage"],"picked":"True Grit","floor":1},{"not_picked":["Bloodletting","Iron Wave"],"picked":"Pommel Strike","floor":3},{"not_picked":["Anger","Spot Weakness"],"picked":"Clothesline","floor":6},{"not_picked":["Havoc","Clothesline"],"picked":"Body Slam","floor":12}],"player_experience":392423,"relics_obtained":[{"floor":6,"key":"Frozen Egg 2"},{"floor":9,"key":"Kunai"}],"event_choices":[{"damage_healed":0,"gold_gain":0,"player_choice":"Success","damage_taken":18,"relics_obtained":["Self Forming Clay"],"max_hp_gain":0,"max_hp_loss":0,"event_name":"Scrap Ooze","floor":2,"gold_loss":0},{"damage_healed":0,"gold_gain":0,"player_choice":"Grow","damage_taken":0,"max_hp_gain":0,"max_hp_loss":0,"event_name":"Living Wall","floor":4,"gold_loss":0,"cards_upgraded":["True Grit"]},{"damage_healed":26,"gold_gain":0,"player_choice":"Banana","damage_taken":0,"max_hp_gain":0,"max_hp_loss":0,"event_name":"Big Fish","floor":5,"gold_loss":0},{"damage_healed":0,"gold_gain":0,"player_choice":"Take Damage","damage_taken":20,"relics_obtained":["Golden Idol"],"max_hp_gain":0,"max_hp_loss":0,"event_name":"Golden Idol","floor":8,"gold_loss":0},{"damage_healed":0,"gold_gain":0,"player_choice":"Trade","damage_taken":0,"relics_obtained":["FaceOfCleric"],"max_hp_gain":0,"max_hp_loss":0,"event_name":"FaceTrader","floor":11,"gold_loss":0},{"damage_healed":0,"gold_gain":75,"player_choice":"Gather Gold","damage_taken":11,"max_hp_gain":0,"max_hp_loss":0,"event_name":"World of Goop","floor":14,"gold_loss":0}],"is_beta":false,"boss_relics":[{"not_picked":["Tiny House","Ectoplasm"],"picked":"Pandora\u0027s Box"}],"items_purged_floors":[],"is_endless":false,"potions_floor_spawned":[12],"killed_by":"2 Thieves","ascension_level":6}