{"gold_per_floor":[116,116,191,210,210,210,248,262,262,262,15,90,109,124,124,243,243,257,21,42,58,76,76,111,210,210,210],"floor_reached":27,"playtime":968,"items_purged":["Strike_B","Strike_B"],"score":310,"play_id":"d26561ef-4a4e-4c1b-b11a-21baa4632a48","local_time":"20190324232331","is_ascension_mode":true,"campfire_choices":[{"data":"Zap","floor":6,"key":"SMITH"},{"data":"Loop","floor":10,"key":"SMITH"},{"floor":15,"key":"REST"},{"floor":23,"key":"REST"}],"neow_cost":"NONE","seed_source_timestamp":43250047129400,"circlet_count":0,"master_deck":["Strike_B","Strike_B","Defend_B","Defend_B","Defend_B","Defend_B","Zap+1","Dualcast","Melter","Seek","Loop+1","Ball Lightning","Defragment","Loop","Seek","Leap","Heatsinks","Panacea","Force Field","Conserve Battery+1","Pain"],"relics":["Cracked Core","NeowsBlessing","Golden Idol","Letter Opener","DataDisk","Shuriken","Membership Card","Cursed Key","Toy Ornithopter","Bag of Preparation","Molten Egg 2"],"potions_floor_usage":[16,16,21,22],"damage_taken":[{"damage":0,"enemies":"2 Louse","floor":1,"turns":1},{"damage":0,"enemies":"Cultist","floor":4,"turns":1},{"damage":0,"enemies":"Gremlin Nob","floor":7,"turns":1},{"damage":2,"enemies":"Jaw Worm","floor":8,"turns":2},{"damage":2,"enemies":"3 Louse","floor":13,"turns":2},{"damage":8,"enemies":"Large Slime","floor":14,"turns":3},{"damage":27,"enemies":"Hexaghost","floor":16,"turns":7},{"damage":15,"enemies":"Shell Parasite","floor":18,"turns":3},{"damage":28,"enemies":"2 Thieves","floor":20,"turns":3},{"damage":9,"enemies":"Centurion and Healer","floor":21,"turns":6},{"damage":22,"enemies":"Snake Plant","floor":22,"turns":4},{"damage":32,"enemies":"Slavers","floor":24,"turns":4},{"damage":1,"enemies":"3 Cultists","floor":27,"turns":3}],"seed_played":"-2383059547575782325","potions_obtained":[{"floor":1,"key":"SneckoOil"},{"floor":7,"key":"GamblersBrew"},{"floor":13,"key":"Poison Potion"},{"floor":18,"key":"Block Potion"},{"floor":24,"key":"AttackPotion"}],"is_trial":false,"path_per_floor":["?","?","M","?","?","?"],"character_chosen":"DEFECT","items_purchased":["Membership Card","Ball Lightning","Leap","Heatsinks","Panacea","Toy Ornithopter"],"campfire_rested":2,"item_purchase_floors":[11,11,19,19,19,19],"current_hp_per_floor":[75,57,50,50,43,43,43,41,41,41,41,30,28,20,42,15,75,60,60,32,28,11,33,1,1,1,0],"gold":210,"neow_bonus":"THREE_ENEMY_KILL","is_prod":false,"is_daily":false,"chose_seed":false,"campfire_upgraded":2,"win_rate":0,"timestamp":1553484211,"path_taken":["M","?","?","?","?","R","E","M","T","R","$","?","M","M","R","BOSS","M","$","M","M","M","R","E","?","T","M"],"build_version":"2019-01-23","purchased_purges":2,"victory":false,"max_hp_per_floor":[75,75,75,75,75,75,75,75,75,75,75,75,75,75,75,75,75,75,75,75,75,75,75,75,75,75,75],"card_choices":[{"not_picked":["Chill","Force Field","Stack"],"picked":"SKIP","floor":1},{"not_picked":["Hologram","Redo"],"picked":"Melter","floor":4},{"not_picked":["Thunder Strike","Chaos"],"picked":"Seek","floor":7},{"not_picked":["Chill","Rebound"],"picked":"Loop","floor":8},{"not_picked":["Recycle","Ball Lightning"],"picked":"Defragment","floor":13},{"not_picked":["Fusion","Go for the Eyes"],"picked":"Loop","floor":14},{"not_picked":["Hyperbeam","Multi-Cast"],"picked":"Seek","floor":16},{"not_picked":["Hologram","Streamline","Coolheaded"],"picked":"SKIP","floor":18},{"not_picked":["Hologram","Rebound"],"picked":"Force Field","floor":20},{"not_picked":["Melter","Redo+1","Sweeping Beam"],"picked":"SKIP","floor":21},{"not_picked":["Rainbow","Doom and Gloom"],"picked":"Conserve Battery+1","floor":22},{"not_picked":["Gash+1","Darkness+1","Barrage"],"picked":"SKIP","floor":24}],"player_experience":263714,"relics_obtained":[{"floor":7,"key":"DataDisk"},{"floor":9,"key":"Shuriken"},{"floor":24,"key":"Bag of Preparation"},{"floor":26,"key":"Molten Egg 2"}],"event_choices":[{"damage_healed":0,"gold_gain":0,"player_choice":"Take Damage","damage_taken":18,"relics_obtained":["Golden Idol"],"max_hp_gain":0,"max_hp_loss":0,"event_name":"Golden Idol","floor":2,"gold_loss":0},{"damage_healed":0,"gold_gain":75,"player_choice":"Touch","damage_taken":7,"max_hp_gain":0,"max_hp_loss":0,"event_name":"FaceTrader","floor":3,"gold_loss":0},{"damage_healed":0,"gold_gain":0,"player_choice":"Success","damage_taken":7,"relics_obtained":["Letter Opener"],"max_hp_gain":0,"max_hp_loss":0,"event_name":"Scrap Ooze","floor":5,"gold_loss":0},{"damage_healed":0,"gold_gain":75,"player_choice":"Gather Gold","damage_taken":11,"max_hp_gain":0,"max_hp_loss":0,"event_name":"World of Goop","floor":12,"gold_loss":0},{"damage_healed":0,"gold_gain":99,"player_choice":"Stole From Cult","damage_taken":0,"max_hp_gain":0,"max_hp_loss":0,"event_name":"Nest","floor":25,"gold_loss":0}],"is_beta":false,"boss_relics":[{"not_picked":["Sozu","White Beast Statue"],"picked":"Cursed Key"}],"items_purged_floors":[11,19],"is_endless":false,"potions_floor_spawned":[1,7,13,14,18,24],"killed_by":"3 Cultists","ascension_level":4}