{"gold_per_floor":[114,133,28,39,53,109,127,57,138,103,122,133,133,162,162,257,257,269,281,63,83,96,96,107,107,107,121,137,157,157,256,256,361,411,426,439,439,1438,1457,1457,1457,1457,1482,1482,1482],"floor_reached":45,"playtime":3670,"items_purged":["Strike_G"],"score":506,"play_id":"ae45a3c9-9012-4468-893f-1d955e831c61","local_time":"20181222114431","is_ascension_mode":false,"campfire_choices":[{"data":"Catalyst","floor":13,"key":"SMITH"},{"floor":15,"key":"REST"},{"floor":23,"key":"REST"},{"data":"Bouncing Flask","floor":25,"key":"SMITH"},{"data":"Night Terror","floor":30,"key":"SMITH"},{"floor":32,"key":"REST"},{"floor":41,"key":"REST"},{"floor":44,"key":"REST"}],"neow_cost":"NONE","seed_source_timestamp":66801304123477,"circlet_count":0,"master_deck":["Defend_G","Defend_G","Defend_G","Defend_G","Defend_G","Strike_G","Strike_G","Strike_G","Strike_G","Survivor","Neutralize+1","Poisoned Stab","Crippling Poison","Poisoned Stab","Bouncing Flask+1","Catalyst+1","Noxious Fumes","Dodge and Roll","Noxious Fumes","Noxious Fumes","Outmaneuver","Deadly Poison","Reflex+1","Distraction","Acrobatics","Dodge and Roll+1","Bane","Night Terror+1","Deflect","Normality","Normality","Backflip+1"],"relics":["Ring of the Snake","Tiny Chest","Pear","Incense Burner","White Beast Statue","Anchor","Juzu Bracelet","Tiny House","Smiling Mask"],"potions_floor_usage":[5,11,16,16,22,22,28,29,33,36,45,45],"damage_taken":[{"damage":2,"enemies":"Small Slimes","floor":1,"turns":4},{"damage":0,"enemies":"2 Louse","floor":2,"turns":3},{"damage":0,"enemies":"Cultist","floor":4,"turns":3},{"damage":0,"enemies":"Blue Slaver","floor":5,"turns":3},{"damage":26,"enemies":"Lagavulin","floor":6,"turns":5},{"damage":5,"enemies":"3 Louse","floor":7,"turns":3},{"damage":7,"enemies":"Exordium Thugs","floor":11,"turns":4},{"damage":14,"enemies":"Exordium Wildlife","floor":12,"turns":4},{"damage":21,"enemies":"Gremlin Nob","floor":14,"turns":5},{"damage":25,"enemies":"The Guardian","floor":16,"turns":6},{"damage":11,"enemies":"3 Byrds","floor":18,"turns":4},{"damage":13,"enemies":"Shell Parasite","floor":19,"turns":6},{"damage":13,"enemies":"Cultist and Chosen","floor":21,"turns":6},{"damage":13,"enemies":"Snecko","floor":22,"turns":6},{"damage":11,"enemies":"Shelled Parasite and Fungi","floor":24,"turns":6},{"damage":8,"enemies":"Centurion and Healer","floor":27,"turns":7},{"damage":1,"enemies":"Snake Plant","floor":28,"turns":4},{"damage":10,"enemies":"Snecko","floor":29,"turns":4},{"damage":49,"enemies":"Collector","floor":33,"turns":8},{"damage":46,"enemies":"3 Darklings","floor":35,"turns":7},{"damage":2,"enemies":"3 Shapes","floor":36,"turns":7},{"damage":22,"enemies":"Maw","floor":39,"turns":6},{"damage":92,"enemies":"Reptomancer","floor":45,"turns":5}],"seed_played":"-6009545164647365844","potions_obtained":[{"floor":1,"key":"Energy Potion"},{"floor":5,"key":"SkillPotion"},{"floor":6,"key":"Energy Potion"},{"floor":7,"key":"Swift Potion"},{"floor":12,"key":"Strength Potion"},{"floor":18,"key":"FairyPotion"},{"floor":19,"key":"Energy Potion"},{"floor":21,"key":"PowerPotion"},{"floor":22,"key":"GamblersBrew"},{"floor":24,"key":"Poison Potion"},{"floor":29,"key":"FearPotion"},{"floor":33,"key":"Swift Potion"},{"floor":34,"key":"Strength Potion"},{"floor":35,"key":"Dexterity Potion"},{"floor":36,"key":"PowerPotion"},{"floor":39,"key":"Block Potion"}],"is_trial":false,"path_per_floor":["M","M","$","M","M","E","M","$","T","?","M","M","R","E","R","B",null,"M","M","$","M","M","R","M","R","T","M","M","M","R","?","R","B",null,"M","M","?","?","M","?","R","?","T","R","E"],"character_chosen":"THE_SILENT","items_purchased":["Poisoned Stab","Bouncing Flask","Noxious Fumes","Anchor"],"campfire_rested":5,"item_purchase_floors":[3,3,8,20],"current_hp_per_floor":[75,75,75,75,75,49,44,44,54,75,68,54,54,33,59,34,87,76,63,63,50,37,63,52,52,52,44,43,33,33,33,59,10,92,46,44,44,44,22,22,49,49,49,76,0],"gold":1482,"neow_bonus":"TEN_PERCENT_HP_BONUS","is_prod":false,"is_daily":false,"chose_seed":false,"campfire_upgraded":3,"win_rate":0.0,"timestamp":1545475471,"path_taken":["M","M","$","M","M","E","M","$","T","?","M","M","R","E","R","BOSS","M","M","$","M","M","R","M","R","T","M","M","M","R","?","R","BOSS","M","M","?","?","M","?","R","?","T","R","E"],"build_version":"2018-12-20","purchased_purges":1,"victory":false,"max_hp_per_floor":[77,77,77,77,77,77,77,77,87,87,87,87,87,87,87,87,87,87,87,87,87,87,87,87,87,87,87,87,87,87,87,87,87,92,92,92,92,92,92,92,92,92,92,92,92],"card_choices":[{"not_picked":["Well Laid Plans","Outmaneuver"],"picked":"Poisoned Stab","floor":1},{"not_picked":["Underhanded Strike","Leg Sweep"],"picked":"Crippling Poison","floor":2},{"not_picked":["Bane","Dash"],"picked":"Catalyst","floor":4},{"not_picked":["Crippling Poison","Quick Slash"],"picked":"Noxious Fumes","floor":5},{"not_picked":["Endless Agony","Sucker Punch"],"picked":"Dodge and Roll","floor":6},{"not_picked":["Acrobatics","Poisoned Stab"],"picked":"Noxious Fumes","floor":7},{"not_picked":["Dagger Throw","Prepared"],"picked":"Outmaneuver","floor":11},{"not_picked":["Prepared","Terror"],"picked":"Deadly Poison","floor":12},{"not_picked":["After Image","Outmaneuver","Tactician"],"picked":"SKIP","floor":14},{"not_picked":["A Thousand Cuts","Phantasmal Killer"],"picked":"Tools of the Trade","floor":16},{"not_picked":["All Out Attack","PiercingWail"],"picked":"Reflex+1","floor":18},{"not_picked":["Flying Knee","All Out Attack+1","Quick Slash"],"picked":"SKIP","floor":19},{"not_picked":["Footwork","Quick Slash"],"picked":"Distraction","floor":21},{"not_picked":["Predator","Underhanded Strike","Distraction"],"picked":"SKIP","floor":22},{"not_picked":["Endless Agony","Caltrops"],"picked":"Acrobatics","floor":24},{"not_picked":["Dagger Throw+1","Quick Slash+1"],"picked":"Dodge and Roll+1","floor":27},{"not_picked":["Envenom","Outmaneuver"],"picked":"Bane","floor":28},{"not_picked":["Riddle With Holes","Poisoned Stab"],"picked":"Night Terror","floor":29},{"not_picked":["Underhanded Strike","Quick Slash","Sucker Punch"],"picked":"SKIP","floor":35},{"not_picked":["Dagger Throw","Eviscerate"],"picked":"Deflect","floor":36},{"not_picked":["Slice","Distraction"],"picked":"Backflip+1","floor":39}],"player_experience":27258,"relics_obtained":[{"floor":6,"key":"Tiny Chest"},{"floor":9,"key":"Pear"},{"floor":14,"key":"Incense Burner"},{"floor":26,"key":"Juzu Bracelet"},{"floor":43,"key":"Smiling Mask"}],"event_choices":[{"damage_healed":21,"gold_gain":0,"player_choice":"Healed","damage_taken":0,"max_hp_gain":0,"max_hp_loss":0,"event_name":"The Cleric","floor":10,"gold_loss":35},{"damage_healed":0,"gold_gain":99,"player_choice":"Stole From Cult","damage_taken":0,"max_hp_gain":0,"max_hp_loss":0,"event_name":"Nest","floor":31,"gold_loss":0},{"damage_healed":0,"gold_gain":0,"player_choice":"Ignored","damage_taken":0,"max_hp_gain":0,"max_hp_loss":0,"event_name":"Mysterious Sphere","floor":37,"gold_loss":0},{"damage_healed":0,"gold_gain":999,"player_choice":"Gold","damage_taken":0,"max_hp_gain":0,"max_hp_loss":0,"event_name":"MindBloom","floor":38,"gold_loss":0,"cards_obtained":["Normality","Normality"]},{"damage_healed":0,"gold_gain":0,"player_choice":"Leave","damage_taken":0,"max_hp_gain":0,"max_hp_loss":0,"event_name":"FaceTrader","floor":40,"gold_loss":0},{"cards_removed":["Tools of the Trade"],"damage_healed":0,"gold_gain":0,"player_choice":"Removed Power","damage_taken":0,"max_hp_gain":0,"max_hp_loss":0,"event_name":"Falling","floor":42,"gold_loss":0}],"is_beta":false,"boss_relics":[{"not_picked":["Astrolabe","Ectoplasm"],"picked":"White Beast Statue"},{"not_picked":["Velvet Choker","Orrery"],"picked":"Tiny House"}],"items_purged_floors":[20],"is_endless":false,"potions_floor_spawned":[1,5,6,7,12,18,19,21,22,24,27,28,29,33,35,36,39],"killed_by":"Reptomancer","ascension_level":0}