{"gold_per_floor":[365,384,2,2,21,48,59,59,140,171,189,209,234,248,248,348,348,363,363],"floor_reached":19,"playtime":1212,"items_purged":["Strike_B"],"score":270,"play_id":"70b8f4ea-da88-4c62-b1f2-e74ef9054b6f","local_time":"20181206223603","is_ascension_mode":true,"campfire_choices":[{"data":"Buffer","floor":8,"key":"SMITH"},{"data":"White Noise","floor":15,"key":"SMITH"}],"neow_cost":"TEN_PERCENT_HP_LOSS","seed_source_timestamp":36157609864946,"circlet_count":0,"master_deck":["Strike_B","Strike_B","Strike_B","Defend_B","Defend_B","Defend_B","Defend_B","Zap","Dualcast","Chaos","Self Repair","White Noise+1","Bandage Up","Ball Lightning","Buffer+1","Capacitor","Go for the Eyes","Gash","Echo Form"],"relics":["Cracked Core","PreservedInsect","Calipers","Dodecahedron","Happy Flower","Kunai","Busted Crown"],"potions_floor_usage":[12,18,19,19],"damage_taken":[{"damage":0,"enemies":"Cultist","floor":1,"turns":4},{"damage":1,"enemies":"Jaw Worm","floor":2,"turns":4},{"damage":10,"enemies":"2 Louse","floor":5,"turns":5},{"damage":20,"enemies":"3 Sentries","floor":6,"turns":5},{"damage":0,"enemies":"Large Slime","floor":7,"turns":6},{"damage":0,"enemies":"Gremlin Nob","floor":10,"turns":4},{"damage":8,"enemies":"Blue Slaver","floor":11,"turns":3},{"damage":6,"enemies":"Lots of Slimes","floor":12,"turns":2},{"damage":5,"enemies":"3 Sentries","floor":13,"turns":7},{"damage":8,"enemies":"2 Fungi Beasts","floor":14,"turns":5},{"damage":39,"enemies":"Hexaghost","floor":16,"turns":9},{"damage":49,"enemies":"3 Byrds","floor":18,"turns":6},{"damage":32,"enemies":"Colosseum Slavers","floor":19,"turns":3}],"seed_played":"6345555953471127851","potions_obtained":[{"floor":2,"key":"Fire Potion"},{"floor":4,"key":"Dexterity Potion"},{"floor":4,"key":"SkillPotion"},{"floor":11,"key":"Explosive Potion"},{"floor":13,"key":"FocusPotion"}],"is_trial":false,"path_per_floor":["M","M","$","?","M","E","M","R","T","E","M","M","E","M","R","B",null,"M","?"],"character_chosen":"DEFECT","items_purchased":["White Noise","PreservedInsect","Bandage Up"],"campfire_rested":0,"item_purchase_floors":[3,3,3],"current_hp_per_floor":[68,67,67,67,68,59,68,68,68,68,67,62,68,68,68,40,61,23,0],"gold":363,"neow_bonus":"TWO_FIFTY_GOLD","is_prod":false,"is_daily":false,"chose_seed":false,"campfire_upgraded":2,"win_rate":0,"timestamp":1544103363,"path_taken":["M","M","$","?","?","E","M","R","T","E","M","M","E","M","R","BOSS","M","?"],"build_version":"2018-11-15","purchased_purges":1,"victory":false,"max_hp_per_floor":[68,68,68,68,68,68,68,68,68,68,68,68,68,68,68,68,68,68,68],"card_choices":[{"not_picked":["Hologram","Recycle"],"picked":"Chaos","floor":1},{"not_picked":["Ball Lightning","Steam Power"],"picked":"Self Repair","floor":2},{"not_picked":["Scrape","Steam"],"picked":"Ball Lightning","floor":5},{"not_picked":["Ball Lightning","Self Repair"],"picked":"Buffer","floor":6},{"not_picked":["Beam Cell","Conserve Battery","Steam"],"picked":"SKIP","floor":7},{"not_picked":["Beam Cell","Conserve Battery","Steam"],"picked":"SKIP","floor":7},{"not_picked":["Barrage","Stack","Rebound"],"picked":"SKIP","floor":10},{"not_picked":["Streamline","Conserve Battery","Barrage"],"picked":"SKIP","floor":11},{"not_picked":["Compile Driver","Storm"],"picked":"Capacitor","floor":12},{"not_picked":["Fusion","Conserve Battery"],"picked":"Go for the Eyes","floor":13},{"not_picked":["Darkness","Thunder Strike"],"picked":"Gash","floor":14},{"not_picked":["Thunder Strike","Seek"],"picked":"Echo Form","floor":16},{"not_picked":["Ball Lightning"],"picked":"SKIP","floor":18}],"player_experience":162192,"relics_obtained":[{"floor":6,"key":"Calipers"},{"floor":9,"key":"Dodecahedron"},{"floor":10,"key":"Happy Flower"},{"floor":13,"key":"Kunai"}],"event_choices":[{"damage_healed":0,"gold_gain":0,"player_choice":"Got Potions","damage_taken":0,"max_hp_gain":0,"max_hp_loss":0,"event_name":"Lab","floor":4,"gold_loss":0},{"damage_healed":0,"gold_gain":0,"player_choice":"Fight","damage_taken":0,"max_hp_gain":0,"max_hp_loss":0,"event_name":"Colosseum","floor":19,"gold_loss":0}],"is_beta":false,"boss_relics":[{"not_picked":["Orrery","Fusion Hammer"],"picked":"Busted Crown"}],"items_purged_floors":[3],"is_endless":false,"potions_floor_spawned":[2,6,11,12,13],"killed_by":"Colosseum Slavers","ascension_level":5}