{"gold_per_floor":[116,134,147,147,222,255,265,36,36,71,71,100,110,143,143,243,243,229,156,255,273,288,288],"floor_reached":23,"playtime":2337,"items_purged":[],"score":232,"play_id":"de29708b-df76-47a0-a604-1537c872d9d1","local_time":"20181126204833","is_ascension_mode":true,"campfire_choices":[{"data":"Loop","floor":15,"key":"SMITH"}],"neow_cost":"NONE","seed_source_timestamp":35065522213166,"circlet_count":0,"master_deck":["Strike_B","Defend_B","Defend_B","Defend_B","Defend_B","Zap","Dualcast","Coolheaded","Go for the Eyes","Beam Cell","Leap","Steam Power","Static Discharge","Loop+1","Leap","Chaos","Go for the Eyes","Machine Learning","Capacitor+1","Lockon+1","BootSequence+1","Leap","Capacitor","Coolheaded","Echo Form"],"relics":["Cracked Core","NeowsBlessing","Gremlin Horn","Lee\u0027s Waffle","Mercury Hourglass","Ornamental Fan","Anchor","Sundial","Astrolabe"],"potions_floor_usage":[22,23],"damage_taken":[{"damage":0,"enemies":"2 Louse","floor":1,"turns":1},{"damage":0,"enemies":"Small Slimes","floor":2,"turns":1},{"damage":0,"enemies":"Jaw Worm","floor":3,"turns":1},{"damage":33,"enemies":"3 Sentries","floor":6,"turns":9},{"damage":14,"enemies":"Large Slime","floor":7,"turns":6},{"damage":9,"enemies":"Lagavulin","floor":10,"turns":7},{"damage":5,"enemies":"3 Sentries","floor":12,"turns":6},{"damage":0,"enemies":"Gremlin Gang","floor":13,"turns":4},{"damage":13,"enemies":"Lagavulin","floor":14,"turns":11},{"damage":10,"enemies":"The Guardian","floor":16,"turns":12},{"damage":2,"enemies":"2 Thieves","floor":18,"turns":4},{"damage":24,"enemies":"Chosen","floor":21,"turns":6},{"damage":3,"enemies":"Snake Plant","floor":22,"turns":6},{"damage":60,"enemies":"Slavers","floor":23,"turns":4}],"seed_played":"-8757556565725065340","potions_obtained":[{"floor":3,"key":"Weak Potion"},{"floor":7,"key":"FocusPotion"},{"floor":12,"key":"SteroidPotion"},{"floor":13,"key":"Swift Potion"},{"floor":22,"key":"LiquidBronze"}],"is_trial":false,"path_per_floor":["M","M","M","?","?","E","M","$","T","E","?","E","M","E","R","B",null,"M","$","?","M","M","E"],"character_chosen":"DEFECT","items_purchased":["Lee\u0027s Waffle","Static Discharge","Capacitor"],"campfire_rested":0,"item_purchase_floors":[8,8,19],"current_hp_per_floor":[75,75,75,80,69,36,22,87,87,78,78,73,73,60,60,50,87,85,85,85,61,58,0],"gold":288,"neow_bonus":"THREE_ENEMY_KILL","is_prod":false,"is_daily":false,"chose_seed":false,"campfire_upgraded":1,"win_rate":0,"timestamp":1543232913,"path_taken":["M","M","M","?","?","E","M","$","T","E","?","E","M","E","R","BOSS","M","$","?","M","M","E"],"build_version":"2018-11-15","purchased_purges":0,"victory":false,"max_hp_per_floor":[75,75,75,80,80,80,80,87,87,87,87,87,87,87,87,87,87,87,87,87,87,87,87],"card_choices":[{"not_picked":["Doom and Gloom","Barrage"],"picked":"Coolheaded","floor":1},{"not_picked":["Recycle","Core Surge"],"picked":"Go for the Eyes","floor":2},{"not_picked":["Redo","Ball Lightning"],"picked":"Beam Cell","floor":3},{"not_picked":["Scrape","Doom and Gloom"],"picked":"Leap","floor":6},{"not_picked":["Streamline","Steam"],"picked":"Steam Power","floor":7},{"not_picked":["BootSequence","Rebound"],"picked":"Loop","floor":10},{"not_picked":["Scrape","Reprogram"],"picked":"Leap","floor":12},{"not_picked":["Rip and Tear","Tempest"],"picked":"Chaos","floor":13},{"not_picked":["Reprogram","Coolheaded"],"picked":"Go for the Eyes","floor":14},{"not_picked":["Core Surge","Hyperbeam"],"picked":"Machine Learning","floor":16},{"not_picked":["Compile Driver","Hologram"],"picked":"Leap","floor":18},{"not_picked":["Redo","Recycle"],"picked":"Coolheaded","floor":21},{"not_picked":["Sweeping Beam","Hologram"],"picked":"Echo Form","floor":22}],"player_experience":82704,"relics_obtained":[{"floor":6,"key":"Gremlin Horn"},{"floor":9,"key":"Mercury Hourglass"},{"floor":10,"key":"Ornamental Fan"},{"floor":12,"key":"Anchor"},{"floor":14,"key":"Sundial"}],"event_choices":[{"damage_healed":0,"gold_gain":0,"player_choice":"Donut","damage_taken":0,"max_hp_gain":5,"max_hp_loss":0,"event_name":"Big Fish","floor":4,"gold_loss":0},{"damage_healed":0,"gold_gain":75,"player_choice":"Gather Gold","damage_taken":11,"max_hp_gain":0,"max_hp_loss":0,"event_name":"World of Goop","floor":5,"gold_loss":0},{"damage_healed":0,"gold_gain":0,"player_choice":"Ignored","damage_taken":0,"max_hp_gain":0,"max_hp_loss":0,"event_name":"Liars Game","floor":11,"gold_loss":0},{"damage_healed":0,"gold_gain":99,"player_choice":"Stole From Cult","damage_taken":0,"max_hp_gain":0,"max_hp_loss":0,"event_name":"Nest","floor":20,"gold_loss":0}],"is_beta":false,"boss_relics":[{"not_picked":["Sozu","Empty Cage"],"picked":"Astrolabe"}],"items_purged_floors":[],"is_endless":false,"potions_floor_spawned":[3,7,12,13,16,22],"killed_by":"Slavers","ascension_level":1}