{"gold_per_floor":[118,118,141,141,155,155,181,181,181,192,192,204,194,224,224,324,324,324,324,26,26,26,26,26,26,26,26,26,26,26,26,26,26,26,26,0,0,0,0,0,0,0,0,0,0,0,0,0,0,0,0,0,0,0,0],"floor_reached":56,"playtime":4244,"items_purged":["Strike_R"],"score":1372,"play_id":"72aa718f-9edb-428b-8988-e1ac396fd7b6","local_time":"20181203000718","is_ascension_mode":true,"campfire_choices":[{"data":"Juggernaut","floor":6,"key":"SMITH"},{"data":"Shrug It Off","floor":8,"key":"SMITH"},{"data":"Flame Barrier","floor":11,"key":"SMITH"},{"data":"Disarm","floor":15,"key":"SMITH"},{"data":"Armaments","floor":24,"key":"SMITH"},{"data":"Battle Trance","floor":29,"key":"SMITH"},{"data":"Defend_R","floor":32,"key":"SMITH"},{"data":"Juggernaut","floor":44,"key":"SMITH"},{"floor":49,"key":"RECALL"},{"data":"Metallicize","floor":52,"key":"SMITH"}],"neow_cost":"TEN_PERCENT_HP_LOSS","seed_source_timestamp":45080002527874,"circlet_count":0,"master_deck":["Strike_R","Strike_R","Strike_R","Defend_R+1","Defend_R+1","Defend_R","Defend_R+1","Juggernaut+1","Shrug It Off+1","Battle Trance+1","Flame Barrier+1","Disarm+1","Feed","Armaments+1","Metallicize+1","Juggernaut+1","Burning Pact","Seeing Red","Seeing Red","True Grit+1"],"relics":["Burning Blood","Centennial Puzzle","PreservedInsect","Meat on the Bone","Ancient Tea Set","Ectoplasm","Lantern","Happy Flower","Boot","Omamori","Lizard Tail","Red Mask","Pen Nib","Ice Cream","Bronze Scales","War Paint","Blood Vial","Dream Catcher"],"potions_floor_usage":[13,22,23,25,35,37,54,55,55,55],"damage_taken":[{"damage":5,"enemies":"Jaw Worm","floor":1,"turns":5},{"damage":1,"enemies":"Cultist","floor":5,"turns":3},{"damage":31,"enemies":"3 Sentries","floor":7,"turns":9},{"damage":0,"enemies":"2 Louse","floor":10,"turns":3},{"damage":2,"enemies":"Exordium Wildlife","floor":12,"turns":7},{"damage":0,"enemies":"Exordium Thugs","floor":13,"turns":4},{"damage":8,"enemies":"The Guardian","floor":16,"turns":13},{"damage":0,"enemies":"3 Byrds","floor":18,"turns":3},{"damage":14,"enemies":"Chosen","floor":22,"turns":6},{"damage":4,"enemies":"Slavers","floor":23,"turns":6},{"damage":0,"enemies":"3 Cultists","floor":25,"turns":5},{"damage":0,"enemies":"Book of Stabbing","floor":27,"turns":5},{"damage":0,"enemies":"Snecko","floor":28,"turns":5},{"damage":11,"enemies":"Gremlin Leader","floor":30,"turns":9},{"damage":68,"enemies":"Champ","floor":33,"turns":14},{"damage":0,"enemies":"3 Shapes","floor":35,"turns":5},{"damage":7,"enemies":"Orb Walker","floor":37,"turns":4},{"damage":6,"enemies":"4 Shapes","floor":39,"turns":7},{"damage":1,"enemies":"Reptomancer","floor":40,"turns":7},{"damage":3,"enemies":"Mind Bloom Boss Battle","floor":41,"turns":8},{"damage":4,"enemies":"Nemesis","floor":42,"turns":7},{"damage":8,"enemies":"Reptomancer","floor":45,"turns":5},{"damage":3,"enemies":"Spire Growth","floor":48,"turns":5},{"damage":27,"enemies":"Time Eater","floor":50,"turns":11},{"damage":49,"enemies":"Shield and Spear","floor":54,"turns":5},{"damage":109,"enemies":"The Heart","floor":55,"turns":10}],"seed_played":"4933807176882990947","potions_obtained":[{"floor":5,"key":"FearPotion"},{"floor":7,"key":"Block Potion"},{"floor":13,"key":"Swift Potion"},{"floor":16,"key":"Swift Potion"},{"floor":22,"key":"Swift Potion"},{"floor":25,"key":"Weak Potion"},{"floor":27,"key":"Fire Potion"},{"floor":28,"key":"Weak Potion"},{"floor":41,"key":"Dexterity Potion"},{"floor":45,"key":"Poison Potion"},{"floor":48,"key":"Swift Potion"},{"floor":54,"key":"SteroidPotion"}],"is_trial":false,"path_per_floor":["M","?","T","?","M","R","E","R","T","M","R","M","M","?","R","B",null,"M","?","$","?","M","E","R","M","T","E","M","R","E","$","R","B",null,"M","?","M","?","M","E","?","E","T","R","E","?","?","M","R","B",null,"R","$","E","B",null],"character_chosen":"IRONCLAD","items_purchased":["Lantern","Metallicize"],"campfire_rested":0,"item_purchase_floors":[20,20],"current_hp_per_floor":[72,65,65,65,70,70,45,45,45,51,51,55,61,61,61,59,72,72,72,72,72,67,72,72,82,82,82,82,82,77,77,77,27,82,86,86,89,89,92,93,97,97,97,97,95,95,95,100,100,79,100,100,100,57,45],"gold":0,"neow_bonus":"THREE_RARE_CARDS","is_prod":false,"is_daily":false,"chose_seed":false,"campfire_upgraded":9,"win_rate":0,"timestamp":1543763238,"path_taken":["M","?","?","?","M","R","E","R","T","M","R","M","?","?","R","BOSS","M","?","?","?","M","E","R","?","T","E","M","R","E","$","R","BOSS","M","?","M","?","?","E","?","E","T","R","E","?","?","M","R","BOSS","R","$","E","BOSS"],"build_version":"2018-11-15","purchased_purges":1,"victory":true,"max_hp_per_floor":[72,72,72,72,72,72,72,72,72,72,72,72,72,72,72,72,72,72,72,72,72,75,78,78,82,82,82,82,82,82,82,82,82,82,86,86,90,90,93,93,97,97,97,97,97,97,97,100,100,100,100,100,100,100,100],"card_choices":[{"not_picked":["Impervious","Double Tap"],"picked":"Juggernaut","floor":0},{"not_picked":["Anger","Fire Breathing","Twin Strike"],"picked":"SKIP","floor":1},{"not_picked":["Headbutt","Rupture"],"picked":"Shrug It Off","floor":5},{"not_picked":["Clothesline","Sword Boomerang"],"picked":"Battle Trance","floor":7},{"not_picked":["Cleave","Headbutt"],"picked":"Flame Barrier","floor":10},{"not_picked":["Entrench","Combust","Heavy Blade"],"picked":"SKIP","floor":12},{"not_picked":["Heavy Blade","Headbutt"],"picked":"Disarm","floor":13},{"not_picked":["Double Tap","Exhume"],"picked":"Feed","floor":16},{"not_picked":["Clothesline+1","Warcry"],"picked":"Armaments","floor":18},{"not_picked":["Heavy Blade+1","Flex","Carnage+1"],"picked":"SKIP","floor":22},{"not_picked":["Blood for Blood+1","Sword Boomerang","Thunderclap+1"],"picked":"SKIP","floor":23},{"not_picked":["Iron Wave","Pummel","Wild Strike"],"picked":"SKIP","floor":25},{"not_picked":["Havoc","Power Through","Clothesline"],"picked":"SKIP","floor":27},{"not_picked":["Pommel Strike+1","Twin Strike","Inflame"],"picked":"SKIP","floor":28},{"not_picked":["Twin Strike","Armaments","Searing Blow"],"picked":"SKIP","floor":30},{"not_picked":["Offering","Feed"],"picked":"Juggernaut","floor":33},{"not_picked":["Twin Strike+1","Sword Boomerang+1","Headbutt"],"picked":"SKIP","floor":35},{"not_picked":["Sever Soul+1","Sword Boomerang"],"picked":"Burning Pact","floor":37},{"not_picked":["Body Slam","Corruption+1","Carnage"],"picked":"SKIP","floor":39},{"not_picked":["Rampage+1","Havoc+1"],"picked":"Seeing Red","floor":40},{"not_picked":["Warcry","Uppercut+1"],"picked":"Seeing Red","floor":41},{"not_picked":["Flex","Double Tap","Havoc+1"],"picked":"SKIP","floor":42},{"not_picked":["Fire Breathing+1","Headbutt+1","Body Slam+1"],"picked":"SKIP","floor":45},{"not_picked":["Shrug It Off","Sever Soul"],"picked":"True Grit+1","floor":48},{"not_picked":["Body Slam","Heavy Blade","Rampage+1"],"picked":"SKIP","floor":54}],"player_experience":133268,"relics_obtained":[{"floor":3,"key":"PreservedInsect"},{"floor":7,"key":"Meat on the Bone"},{"floor":23,"key":"Happy Flower"},{"floor":27,"key":"Boot"},{"floor":30,"key":"Omamori"},{"floor":40,"key":"Pen Nib"},{"floor":41,"key":"Ice Cream"},{"floor":42,"key":"Bronze Scales"},{"floor":43,"key":"War Paint"},{"floor":45,"key":"Blood Vial"},{"floor":54,"key":"Dream Catcher"}],"event_choices":[{"damage_healed":0,"gold_gain":0,"player_choice":"Success","damage_taken":7,"relics_obtained":["Centennial Puzzle"],"max_hp_gain":0,"max_hp_loss":0,"event_name":"Scrap Ooze","floor":2,"gold_loss":0},{"damage_healed":0,"gold_gain":0,"player_choice":"Bought 0 Potions","damage_taken":0,"max_hp_gain":0,"max_hp_loss":0,"event_name":"The Woman in Blue","floor":4,"gold_loss":0},{"damage_healed":0,"gold_gain":30,"player_choice":"Searched \u00272\u0027 times","damage_taken":0,"relics_obtained":["Ancient Tea Set"],"max_hp_gain":0,"max_hp_loss":0,"event_name":"Dead Adventurer","floor":14,"gold_loss":0},{"damage_healed":0,"gold_gain":0,"player_choice":"Ignored","damage_taken":0,"max_hp_gain":0,"max_hp_loss":0,"event_name":"N\u0027loth","floor":19,"gold_loss":0},{"damage_healed":0,"gold_gain":0,"player_choice":"Ignored","damage_taken":0,"max_hp_gain":0,"max_hp_loss":0,"event_name":"The Mausoleum","floor":21,"gold_loss":0},{"damage_healed":0,"gold_gain":0,"player_choice":"Paid","damage_taken":0,"relics_obtained":["Red Mask"],"max_hp_gain":0,"max_hp_loss":0,"event_name":"Tomb of Lord Red Mask","floor":36,"gold_loss":26},{"cards_removed":["Bash"],"damage_healed":0,"gold_gain":0,"player_choice":"Offered Basic","damage_taken":0,"max_hp_gain":0,"max_hp_loss":0,"event_name":"Bonfire Elementals","floor":38,"gold_loss":0},{"damage_healed":0,"gold_gain":0,"player_choice":"Fight","damage_taken":0,"max_hp_gain":0,"max_hp_loss":0,"event_name":"MindBloom","floor":41,"gold_loss":0},{"cards_removed":["Strike_R"],"damage_healed":0,"gold_gain":0,"player_choice":"Removed Attack","damage_taken":0,"max_hp_gain":0,"max_hp_loss":0,"event_name":"Falling","floor":46,"gold_loss":0},{"damage_healed":0,"gold_gain":0,"player_choice":"Memory 1","damage_taken":0,"max_hp_gain":0,"max_hp_loss":0,"event_name":"SensoryStone","floor":47,"gold_loss":0}],"is_beta":false,"boss_relics":[{"not_picked":["Fusion Hammer","Snecko Eye"],"picked":"Ectoplasm"},{"not_picked":["Astrolabe","Orrery"],"picked":"Lizard Tail"}],"items_purged_floors":[20],"is_endless":false,"potions_floor_spawned":[5,7,13,16,22,25,27,28,33,41,45,48,54],"ascension_level":1}