{"gold_per_floor":[115,135,147,147,158,158,158,178,178,206,206,241,241,259,259,259],"floor_reached":16,"playtime":767,"items_purged":[],"score":140,"play_id":"21d7c084-8533-4771-a651-f93ed5b97c8e","local_time":"20190228173756","is_ascension_mode":true,"campfire_choices":[{"data":"Defend_B","floor":6.0,"key":"SMITH"},{"floor":11,"key":"REST"},{"data":"Hologram","floor":13,"key":"SMITH"},{"data":"Reinforced Body","floor":15,"key":"SMITH"}],"neow_cost":"NONE","seed_source_timestamp":27338597433342,"circlet_count":0,"master_deck":["Strike_B+1","Strike_B+1","Strike_B","Strike_B+1","Defend_B","Defend_B","Defend_B","Defend_B+1","Zap","Dualcast","Amplify","Consume","Undo","Redo+1","Steam","Conserve Battery","Hologram+1","Aggregate","Reinforced Body+1"],"special_seed":0,"relics":["Cracked Core","Bottled Flame","Whetstone","Mercury Hourglass"],"potions_floor_usage":[10,12,16],"damage_taken":[{"damage":7.0,"enemies":"Small Slimes","floor":1.0,"turns":4.0},{"damage":0.0,"enemies":"Cultist","floor":2.0,"turns":4.0},{"damage":7.0,"enemies":"Jaw Worm","floor":3.0,"turns":6.0},{"damage":3.0,"enemies":"Blue Slaver","floor":5.0,"turns":2.0},{"damage":1,"enemies":"3 Louse","floor":8,"turns":4},{"damage":20,"enemies":"3 Sentries","floor":10,"turns":8},{"damage":12,"enemies":"Gremlin Nob","floor":12,"turns":3},{"damage":4,"enemies":"Red Slaver","floor":14,"turns":2},{"damage":31,"enemies":"The Guardian","floor":16,"turns":10}],"seed_played":"4925764837962785421","potions_obtained":[{"floor":1.0,"key":"Poison Potion"},{"floor":3.0,"key":"LiquidBronze"},{"floor":4.0,"key":"Block Potion"},{"floor":4.0,"key":"Fire Potion"},{"floor":10,"key":"Poison Potion"},{"floor":12,"key":"GamblersBrew"}],"is_trial":false,"path_per_floor":["M","M","M","?","M","R","?","M","T","E","R","E","R","M","R","B"],"character_chosen":"DEFECT","items_purchased":[],"campfire_rested":1,"item_purchase_floors":[],"current_hp_per_floor":[68,68,61,61,58,58,43,42,42,22,44,32,32,28,28,0],"gold":259,"neow_bonus":"ONE_RANDOM_RARE_CARD","is_prod":false,"is_daily":false,"chose_seed":false,"campfire_upgraded":3,"win_rate":0,"timestamp":1551346676,"path_taken":["M","M","M","?","?","R","?","M","T","E","R","E","R","M","R","BOSS"],"build_version":"2019-01-23","purchased_purges":0,"victory":false,"max_hp_per_floor":[75,75,75,75,75,75,75,75,75,75,75,75,75,75,75,75],"card_choices":[{"not_picked":["Cold Snap","Hologram"],"picked":"Consume","floor":1.0},{"not_picked":["Sunder","Compile Driver"],"picked":"Undo","floor":2.0},{"not_picked":["Blizzard","Coolheaded"],"picked":"Redo","floor":3.0},{"not_picked":["Melter","Streamline"],"picked":"Steam","floor":5.0},{"not_picked":["Fusion","Stack"],"picked":"Conserve Battery","floor":8},{"not_picked":["FTL","White Noise"],"picked":"Hologram","floor":10},{"not_picked":["Barrage","Beam Cell"],"picked":"Aggregate","floor":12},{"not_picked":["Conserve Battery","Amplify"],"picked":"Reinforced Body","floor":14}],"player_experience":223878,"relics_obtained":[{"floor":9,"key":"Bottled Flame"},{"floor":10,"key":"Whetstone"},{"floor":12,"key":"Mercury Hourglass"}],"event_choices":[{"damage_healed":0.0,"max_hp_gain":0.0,"max_hp_loss":0.0,"gold_gain":0.0,"event_name":"Lab","player_choice":"Got Potions","floor":4.0,"gold_loss":0.0,"damage_taken":0.0},{"damage_healed":0.0,"max_hp_gain":0.0,"max_hp_loss":0.0,"gold_gain":0.0,"event_name":"Shining Light","player_choice":"Entered Light","floor":7.0,"gold_loss":0.0,"damage_taken":15.0,"cards_upgraded":["Redo","Strike_B"]}],"is_beta":false,"boss_relics":[],"items_purged_floors":[],"is_endless":false,"potions_floor_spawned":[1,3,10,12],"killed_by":"The Guardian","ascension_level":5}