{"gold_per_floor":[112,131,142,152,227,227,256,181,181,211,211,211,111,111,111,111],"floor_reached":16,"playtime":896,"items_purged":["Strike_G","Strike_G"],"score":108,"play_id":"d13b13ca-e1dd-49d6-a10b-e09128bb20d0","local_time":"20190312161802","is_ascension_mode":false,"campfire_choices":[{"data":"Dagger Spray","floor":6,"key":"SMITH"},{"floor":11,"key":"REST"},{"data":"Neutralize","floor":15,"key":"SMITH"}],"neow_cost":"TEN_PERCENT_HP_LOSS","seed_source_timestamp":15205160477500,"circlet_count":0,"master_deck":["Defend_G","Defend_G","Defend_G","Defend_G","Defend_G","Strike_G","Strike_G","Survivor","Neutralize+1","Dagger Spray+1","Noxious Fumes","Bane","Die Die Die"],"relics":["Ring of the Snake","Torii","Orichalcum","Regal Pillow","Toxic Egg 2","Golden Idol"],"potions_floor_usage":[7,10,16],"damage_taken":[{"damage":0,"enemies":"Jaw Worm","floor":1,"turns":7},{"damage":0,"enemies":"2 Louse","floor":2,"turns":3},{"damage":0,"enemies":"Small Slimes","floor":3,"turns":3},{"damage":12,"enemies":"Gremlin Gang","floor":4,"turns":4},{"damage":20,"enemies":"Lagavulin","floor":7,"turns":8},{"damage":12,"enemies":"3 Sentries","floor":10,"turns":9},{"damage":36,"enemies":"Slime Boss","floor":16,"turns":9}],"seed_played":"-7188723553939124297","potions_obtained":[{"floor":4,"key":"SkillPotion"},{"floor":7,"key":"SpeedPotion"},{"floor":10,"key":"SkillPotion"}],"is_trial":false,"path_per_floor":["?","?","?"],"character_chosen":"THE_SILENT","items_purchased":[],"campfire_rested":1,"item_purchase_floors":[],"current_hp_per_floor":[63,63,63,51,40,40,20,20,20,8,41,41,41,34,34,0],"gold":111,"neow_bonus":"ONE_RARE_RELIC","is_prod":false,"is_daily":false,"chose_seed":false,"campfire_upgraded":2,"win_rate":0,"timestamp":1552421882,"path_taken":["M","M","M","M","?","R","E","$","T","E","R","?","$","?","R","BOSS"],"build_version":"2019-01-23","purchased_purges":2,"victory":false,"max_hp_per_floor":[63,63,63,63,63,63,63,63,63,63,63,58,58,58,58,58],"card_choices":[{"not_picked":["Prepared","PiercingWail"],"picked":"Dagger Spray","floor":1},{"not_picked":["Poisoned Stab","Acrobatics"],"picked":"Noxious Fumes","floor":2},{"not_picked":["Outmaneuver","Leg Sweep"],"picked":"Bane","floor":3},{"not_picked":["Blade Dance","Masterful Stab","Blur"],"picked":"SKIP","floor":4},{"not_picked":["Dagger Throw","Infinite Blades"],"picked":"Die Die Die","floor":7},{"not_picked":["Quick Slash","Outmaneuver","Bane"],"picked":"SKIP","floor":10}],"player_experience":171066,"relics_obtained":[{"floor":7,"key":"Orichalcum"},{"floor":9,"key":"Regal Pillow"},{"floor":10,"key":"Toxic Egg 2"}],"event_choices":[{"damage_healed":0,"gold_gain":75,"player_choice":"Gather Gold","damage_taken":11,"max_hp_gain":0,"max_hp_loss":0,"event_name":"World of Goop","floor":5,"gold_loss":0},{"damage_healed":0,"gold_gain":0,"player_choice":"Lose Max HP","damage_taken":0,"relics_obtained":["Golden Idol"],"max_hp_gain":0,"max_hp_loss":5,"event_name":"Golden Idol","floor":12,"gold_loss":0},{"cards_removed":["Strike_G"],"damage_healed":0,"gold_gain":0,"player_choice":"Card Removal","damage_taken":7,"max_hp_gain":0,"max_hp_loss":0,"event_name":"Golden Wing","floor":14,"gold_loss":0}],"is_beta":false,"boss_relics":[],"items_purged_floors":[8,13],"is_endless":false,"potions_floor_spawned":[4,7,10],"killed_by":"Slime Boss","ascension_level":0}