{"gold_per_floor":[365,18,18,31,31,31,59,83,141,183,207,232,244,256,268,385,397,409],"floor_reached":18,"playtime":957,"items_purged":[],"score":238,"play_id":"a2f4ef48-984d-467a-90a8-069da8946590","local_time":"20190315143616","is_ascension_mode":true,"campfire_choices":[{"data":"Disarm","floor":6.0,"key":"SMITH"},{"data":"Iron Wave","floor":13.0,"key":"SMITH"},{"data":"Bash","floor":15.0,"key":"SMITH"}],"neow_cost":"TEN_PERCENT_HP_LOSS","seed_source_timestamp":175962524482,"circlet_count":0,"master_deck":["Strike_R","Strike_R","Strike_R","Strike_R","Defend_R","Defend_R","Defend_R","Defend_R","Bash+1","Battle Trance","Thunderclap+1","Impatience","Disarm+1","Exhume","Iron Wave+1","Dark Embrace"],"special_seed":0,"relics":["Burning Blood","Gremlin Horn","MawBank","Centennial Puzzle","Mercury Hourglass","Lizard Tail"],"potions_floor_usage":[16,16],"damage_taken":[{"damage":10.0,"enemies":"Small Slimes","floor":1.0,"turns":6.0},{"damage":3.0,"enemies":"Jaw Worm","floor":4.0,"turns":4.0},{"damage":34.0,"enemies":"3 Sentries","floor":7.0,"turns":9.0},{"damage":1.0,"enemies":"2 Louse","floor":8.0,"turns":3.0},{"damage":26.0,"enemies":"Gremlin Nob","floor":10.0,"turns":4.0},{"damage":0.0,"enemies":"Large Slime","floor":11.0,"turns":5.0},{"damage":5.0,"enemies":"Gremlin Gang","floor":12.0,"turns":3.0},{"damage":19,"enemies":"Slime Boss","floor":16,"turns":10},{"damage":49,"enemies":"Spheric Guardian","floor":18,"turns":7}],"seed_played":"2972115309034914197","potions_obtained":[{"floor":1.0,"key":"Dexterity Potion"},{"floor":7.0,"key":"AttackPotion"},{"floor":11.0,"key":"Dexterity Potion"},{"floor":16,"key":"GamblersBrew"}],"is_trial":false,"path_per_floor":["M","$","?","M","$","R","E","M","T","E","M","M","R","?","R","B",null,"M"],"character_chosen":"IRONCLAD","items_purchased":["Gremlin Horn","Thunderclap","Impatience"],"campfire_rested":0,"item_purchase_floors":[2,2,2],"current_hp_per_floor":[68,68,68,71,71,71,43,48,48,28,34,35,35,28,28,15,58,9],"gold":409,"neow_bonus":"TWO_FIFTY_GOLD","is_prod":false,"is_daily":false,"chose_seed":false,"campfire_upgraded":3,"win_rate":0,"timestamp":1552631776,"path_taken":["M","$","?","M","$","R","E","M","T","E","M","M","R","?","R","BOSS","M"],"build_version":"2019-01-23","purchased_purges":0,"victory":false,"max_hp_per_floor":[72,72,72,72,72,72,72,72,72,72,72,72,72,72,72,72,72,72],"card_choices":[{"not_picked":["Iron Wave","Pommel Strike"],"picked":"Battle Trance","floor":1.0},{"not_picked":["Headbutt","Wild Strike"],"picked":"Disarm","floor":4.0},{"not_picked":["Clothesline","Sword Boomerang"],"picked":"Exhume","floor":7.0},{"not_picked":["Reckless Charge","Anger","Wild Strike"],"picked":"SKIP","floor":8.0},{"not_picked":["Twin Strike","Bloodletting"],"picked":"Iron Wave","floor":10.0},{"not_picked":["Warcry","Flex","Wild Strike"],"picked":"SKIP","floor":11.0},{"not_picked":["Twin Strike","Clash","Battle Trance"],"picked":"SKIP","floor":12.0},{"not_picked":["Offering","Bludgeon"],"picked":"Dark Embrace","floor":16}],"player_experience":301727,"relics_obtained":[{"floor":7.0,"key":"MawBank"},{"floor":9.0,"key":"Centennial Puzzle"},{"floor":10.0,"key":"Mercury Hourglass"}],"event_choices":[{"damage_healed":0.0,"max_hp_gain":0.0,"max_hp_loss":0.0,"gold_gain":0.0,"event_name":"Living Wall","player_choice":"Grow","floor":3.0,"gold_loss":0.0,"damage_taken":0.0,"cards_upgraded":["Thunderclap"]},{"cards_removed":["Strike_R"],"damage_healed":0.0,"max_hp_gain":0.0,"max_hp_loss":0.0,"gold_gain":0.0,"event_name":"Golden Wing","player_choice":"Card Removal","floor":14.0,"gold_loss":0.0,"damage_taken":7.0}],"is_beta":false,"boss_relics":[{"not_picked":["Snecko Eye","Busted Crown"],"picked":"Lizard Tail"}],"items_purged_floors":[],"is_endless":false,"potions_floor_spawned":[1,7,11,16],"killed_by":"Spheric Guardian","ascension_level":8}