{"gold_per_floor":[110,120,130,149,149,149,169,210,236,236,255,279,279,11,11,131,131,125,150,150,2,16,16,41,41,41,41,41,56,95,27,27,156,156,179,203,219,243,5,43,43,81,104,104,104,118,0,24,24,24],"floor_reached":50,"playtime":2162,"items_purged":["Strike_R","Strike_R"],"score":716,"play_id":"cfc061fc-6140-4280-b75f-13617e6ab220","local_time":"20190309144756","is_ascension_mode":true,"campfire_choices":[{"data":"Armaments","floor":6,"key":"SMITH"},{"data":"Juggernaut","floor":15,"key":"SMITH"},{"data":"Barricade","floor":23,"key":"SMITH"},{"data":"Entrench","floor":25,"key":"SMITH"},{"data":"Armaments","floor":27,"key":"SMITH"},{"data":"Seeing Red","floor":32,"key":"SMITH"},{"floor":41,"key":"REST"},{"floor":44,"key":"REST"},{"floor":49,"key":"REST"}],"neow_cost":"NONE","seed_source_timestamp":8435157781672,"circlet_count":0,"master_deck":["Strike_R","Defend_R","Defend_R","Defend_R","Defend_R","Bash","Armaments+1","Demon Form","Intimidate","Injury","Shrug It Off","Juggernaut+1","Ghostly Armor","Shrug It Off","Mayhem+1","Armaments+1","Barricade+1","Entrench+1","Body Slam+1","Metallicize","Seeing Red+1","Limit Break","Bandage Up","Ghostly Armor+1"],"relics":["Burning Blood","Oddly Smooth Stone","Golden Idol","Pen Nib","Centennial Puzzle","Omamori","Mercury Hourglass","Velvet Choker","Ancient Tea Set","Boot","Empty Cage","Meat on the Bone","Shuriken","Champion Belt","Potion Belt","Red Mask"],"potions_floor_usage":[11,16,19,24,29,33,37,38,40,50,50],"damage_taken":[{"damage":8,"enemies":"2 Louse","floor":1,"turns":3},{"damage":16,"enemies":"Jaw Worm","floor":2,"turns":6},{"damage":2,"enemies":"Small Slimes","floor":3,"turns":4},{"damage":20,"enemies":"Exordium Thugs","floor":4,"turns":6},{"damage":0,"enemies":"Exordium Wildlife","floor":7,"turns":5},{"damage":17,"enemies":"Lagavulin","floor":8,"turns":8},{"damage":12,"enemies":"Lots of Slimes","floor":11,"turns":5},{"damage":4,"enemies":"3 Louse","floor":12,"turns":4},{"damage":13,"enemies":"Slime Boss","floor":16,"turns":6},{"damage":4,"enemies":"2 Thieves","floor":18,"turns":4},{"damage":8,"enemies":"Spheric Guardian","floor":19,"turns":4},{"damage":0,"enemies":"Snake Plant","floor":22,"turns":4},{"damage":0,"enemies":"Cultist and Chosen","floor":24,"turns":6},{"damage":12,"enemies":"Snecko","floor":29,"turns":6},{"damage":27,"enemies":"Book of Stabbing","floor":30,"turns":6},{"damage":22,"enemies":"Collector","floor":33,"turns":7},{"damage":45,"enemies":"3 Shapes","floor":35,"turns":4},{"damage":13,"enemies":"3 Darklings","floor":36,"turns":6},{"damage":2,"enemies":"Sphere and 2 Shapes","floor":37,"turns":6},{"damage":15,"enemies":"Spire Growth","floor":38,"turns":5},{"damage":3,"enemies":"Nemesis","floor":40,"turns":7},{"damage":38,"enemies":"Reptomancer","floor":42,"turns":6},{"damage":22,"enemies":"4 Shapes","floor":46,"turns":6},{"damage":37,"enemies":"Sphere and 2 Shapes","floor":48,"turns":4},{"damage":62,"enemies":"Donu and Deca","floor":50,"turns":9}],"seed_played":"-6338795254164107603","potions_obtained":[{"floor":3,"key":"SneckoOil"},{"floor":7,"key":"SpeedPotion"},{"floor":11,"key":"Ancient Potion"},{"floor":12,"key":"AttackPotion"},{"floor":16,"key":"SneckoOil"},{"floor":24,"key":"Fire Potion"},{"floor":29,"key":"PowerPotion"},{"floor":30,"key":"Poison Potion"},{"floor":33,"key":"Ancient Potion"},{"floor":36,"key":"Energy Potion"},{"floor":38,"key":"Swift Potion"},{"floor":48,"key":"LiquidBronze"}],"is_trial":false,"path_per_floor":["M","M","M","M","?","R","M","E","T","?","M","M","T","$","R","B",null,"M","M","?","$","M","R","M","R","T","R","$","M","E","$","R","B",null,"M","M","M","M","$","E","R","E","T","R","?","M","?","M","R","B"],"character_chosen":"IRONCLAD","items_purchased":["Mayhem","Armaments","Block Potion","Seeing Red","Meat on the Bone"],"campfire_rested":3,"item_purchase_floors":[14,14,21,31,39],"current_hp_per_floor":[70,60,64,50,50,50,56,45,45,38,32,34,34,34,34,27,67,69,67,67,67,73,73,79,79,79,79,79,73,52,52,52,36,69,30,23,27,18,18,33,57,37,37,61,61,49,49,34,58,0],"gold":24,"neow_bonus":"RANDOM_COMMON_RELIC","is_prod":false,"is_daily":false,"chose_seed":false,"campfire_upgraded":6,"win_rate":0,"timestamp":1552114076,"path_taken":["M","M","M","M","?","R","M","E","T","?","M","M","?","$","R","BOSS","M","M","?","$","M","R","M","R","T","R","?","M","E","?","R","BOSS","M","M","M","M","?","E","R","E","T","R","?","M","?","M","R","BOSS"],"build_version":"2019-01-23","purchased_purges":2,"victory":false,"max_hp_per_floor":[80,80,80,80,80,80,80,80,80,80,80,80,80,80,80,80,80,80,80,80,80,80,80,80,80,80,80,80,80,80,80,80,80,80,80,80,80,80,80,80,80,80,80,80,80,80,80,80,80,80],"card_choices":[{"not_picked":["Twin Strike","Perfected Strike","Thunderclap"],"picked":"SKIP","floor":1},{"not_picked":["True Grit","Perfected Strike"],"picked":"Armaments","floor":2},{"not_picked":["Perfected Strike","Headbutt"],"picked":"Demon Form","floor":3},{"not_picked":["Battle Trance","Carnage"],"picked":"Intimidate","floor":4},{"not_picked":["Cleave","Twin Strike"],"picked":"Shrug It Off","floor":7},{"not_picked":["Warcry","Armaments"],"picked":"Juggernaut","floor":8},{"not_picked":["Bloodletting","Rupture"],"picked":"Ghostly Armor","floor":11},{"not_picked":["Infernal Blade","Havoc"],"picked":"Shrug It Off","floor":12},{"not_picked":["Immolate","Juggernaut"],"picked":"Barricade","floor":16},{"not_picked":["Perfected Strike","Anger+1"],"picked":"Entrench","floor":18},{"not_picked":["Anger","Armaments"],"picked":"Body Slam+1","floor":19},{"not_picked":["Havoc","Cleave","Anger"],"picked":"SKIP","floor":22},{"not_picked":["Infernal Blade","Clothesline","True Grit"],"picked":"SKIP","floor":24},{"not_picked":["Armaments","Perfected Strike+1"],"picked":"Metallicize","floor":29},{"not_picked":["Anger","Feed","Hemokinesis"],"picked":"SKIP","floor":30},{"not_picked":["Offering","Berserk"],"picked":"Limit Break","floor":33},{"not_picked":["Twin Strike+1","Pommel Strike+1","Iron Wave+1"],"picked":"SKIP","floor":35},{"not_picked":["Blood for Blood","Spot Weakness+1","Heavy Blade"],"picked":"SKIP","floor":36},{"not_picked":["Flex+1","Headbutt+1","Body Slam"],"picked":"SKIP","floor":37},{"not_picked":["Anger+1","Immolate","Heavy Blade"],"picked":"SKIP","floor":38},{"not_picked":["Warcry","Sword Boomerang+1","Reckless Charge"],"picked":"SKIP","floor":40},{"not_picked":["Corruption+1","Whirlwind+1","Armaments+1"],"picked":"SKIP","floor":42},{"not_picked":["Dramatic Entrance","Dark Shackles"],"picked":"Bandage Up","floor":45},{"not_picked":["Sever Soul+1","Iron Wave"],"picked":"Ghostly Armor+1","floor":46},{"not_picked":["Corruption","Fire Breathing","Hemokinesis+1"],"picked":"SKIP","floor":48}],"player_experience":265796,"relics_obtained":[{"floor":8,"key":"Pen Nib"},{"floor":9,"key":"Centennial Puzzle"},{"floor":13,"key":"Mercury Hourglass"},{"floor":26,"key":"Ancient Tea Set"},{"floor":30,"key":"Boot"},{"floor":40,"key":"Shuriken"},{"floor":42,"key":"Champion Belt"},{"floor":43,"key":"Potion Belt"}],"event_choices":[{"damage_healed":0,"gold_gain":0,"player_choice":"Take Wound","damage_taken":0,"relics_obtained":["Golden Idol"],"max_hp_gain":0,"max_hp_loss":0,"event_name":"Golden Idol","floor":5,"gold_loss":0,"cards_obtained":["Injury"]},{"damage_healed":0,"gold_gain":0,"player_choice":"Success","damage_taken":7,"relics_obtained":["Omamori"],"max_hp_gain":0,"max_hp_loss":0,"event_name":"Scrap Ooze","floor":10,"gold_loss":0},{"damage_healed":0,"gold_gain":0,"player_choice":"Upgraded","damage_taken":0,"max_hp_gain":0,"max_hp_loss":0,"event_name":"Upgrade Shrine","floor":20,"gold_loss":0,"cards_upgraded":["Mayhem"]},{"damage_healed":0,"gold_gain":0,"player_choice":"Memory 1","damage_taken":0,"max_hp_gain":0,"max_hp_loss":0,"event_name":"SensoryStone","floor":45,"gold_loss":0},{"damage_healed":0,"gold_gain":0,"player_choice":"Paid","damage_taken":0,"relics_obtained":["Red Mask"],"max_hp_gain":0,"max_hp_loss":0,"event_name":"Tomb of Lord Red Mask","floor":47,"gold_loss":118}],"is_beta":false,"boss_relics":[{"not_picked":["Mark of Pain","Orrery"],"picked":"Velvet Choker"},{"not_picked":["Runic Pyramid","Pandora\u0027s Box"],"picked":"Empty Cage"}],"items_purged_floors":[14,21],"is_endless":false,"potions_floor_spawned":[3,7,11,12,16,24,29,30,33,35,36,38,48],"killed_by":"Donu and Deca","ascension_level":6}