{"gold_per_floor":[118,129,141,141,161,199,199,238,317,317,341,341,16,30,30,160,160,176,197,213,228,128,128,141,162,162,182,34,57,97,97,97,195,195,210,210,225,187,198,233,233,266,289,289,289,32,46,60,60,60],"floor_reached":51,"playtime":6491,"items_purged":["Strike_R","Strike_R","Strike_R"],"score":923,"play_id":"3a18baff-fca0-4c19-95ae-8ef260f11081","local_time":"20190324183427","is_ascension_mode":true,"campfire_choices":[{"data":"Carnage","floor":7,"key":"SMITH"},{"floor":10,"key":"REST"},{"data":"Disarm","floor":12,"key":"SMITH"},{"data":"Flame Barrier","floor":15,"key":"SMITH"},{"floor":23,"key":"REST"},{"data":"Havoc","floor":32,"key":"SMITH"},{"floor":41,"key":"REST"},{"floor":44,"key":"REST"},{"data":"Corruption","floor":49,"key":"SMITH"}],"neow_cost":"TEN_PERCENT_HP_LOSS","seed_source_timestamp":20369494346100,"circlet_count":0,"master_deck":["Strike_R","Strike_R+1","Defend_R","Defend_R","Defend_R","Defend_R","Bash+1","Disarm+1","Carnage+1","Flame Barrier+1","Shrug It Off","Impervious","Pummel","True Grit","Shrug It Off","Havoc+1","Havoc+1","Offering","Infernal Blade","Demon Form","Flame Barrier+1","Shrug It Off+1","Fiend Fire","Shrug It Off+1","Body Slam+1","PanicButton","Feel No Pain","Shockwave+1","Warcry+1","Corruption+1"],"relics":["Burning Blood","Dead Branch","Bloody Idol","Boot","Turnip","Kunai","ClockworkSouvenir","Mark of Pain","Mummified Hand","Whetstone","Orrery","Sundial","Strawberry","Anchor"],"potions_floor_usage":[30,39,42,42,50,50],"damage_taken":[{"damage":5,"enemies":"Small Slimes","floor":1,"turns":4},{"damage":11,"enemies":"Jaw Worm","floor":2,"turns":5},{"damage":3,"enemies":"Cultist","floor":3,"turns":5},{"damage":8,"enemies":"Blue Slaver","floor":5,"turns":6},{"damage":9,"enemies":"3 Sentries","floor":6,"turns":6},{"damage":25,"enemies":"Gremlin Nob","floor":8,"turns":4},{"damage":5,"enemies":"Gremlin Gang","floor":11,"turns":6},{"damage":1,"enemies":"Looter","floor":14,"turns":4},{"damage":11,"enemies":"The Guardian","floor":16,"turns":13},{"damage":6,"enemies":"Chosen","floor":18,"turns":5},{"damage":0,"enemies":"Shell Parasite","floor":19,"turns":5},{"damage":30,"enemies":"Centurion and Healer","floor":20,"turns":9},{"damage":16,"enemies":"Snecko","floor":21,"turns":5},{"damage":12,"enemies":"Shelled Parasite and Fungi","floor":24,"turns":8},{"damage":6,"enemies":"Centurion and Healer","floor":25,"turns":7},{"damage":7,"enemies":"3 Cultists","floor":27,"turns":5},{"damage":1,"enemies":"Shelled Parasite and Fungi","floor":29,"turns":5},{"damage":13,"enemies":"Slavers","floor":30,"turns":4},{"damage":7,"enemies":"Automaton","floor":33,"turns":6},{"damage":6,"enemies":"Orb Walker","floor":35,"turns":5},{"damage":6,"enemies":"3 Shapes","floor":37,"turns":4},{"damage":19,"enemies":"Transient","floor":39,"turns":5},{"damage":47,"enemies":"Reptomancer","floor":40,"turns":5},{"damage":48,"enemies":"Giant Head","floor":42,"turns":8},{"damage":13,"enemies":"4 Shapes","floor":47,"turns":4},{"damage":0,"enemies":"Sphere and 2 Shapes","floor":48,"turns":3},{"damage":7,"enemies":"Time Eater","floor":50,"turns":11}],"seed_played":"-5514765093308593212","potions_obtained":[{"floor":3,"key":"EssenceOfSteel"},{"floor":6,"key":"Ancient Potion"},{"floor":8,"key":"Explosive Potion"},{"floor":16,"key":"Dexterity Potion"},{"floor":20,"key":"Dexterity Potion"},{"floor":37,"key":"AttackPotion"},{"floor":40,"key":"BloodPotion"},{"floor":47,"key":"FearPotion"}],"is_trial":false,"path_per_floor":["?","?","?","M","?"],"character_chosen":"IRONCLAD","items_purchased":["ClockworkSouvenir","True Grit","Demon Form","Feel No Pain","Corruption","Swift Potion"],"campfire_rested":4,"item_purchase_floors":[13,13,28,38,46,46],"current_hp_per_floor":[72,67,70,52,50,47,47,28,28,49,50,50,50,55,55,50,67,67,72,48,38,38,59,53,53,53,52,52,57,50,50,50,54,68,72,72,72,72,64,28,49,26,31,54,54,54,52,63,63,62],"gold":60,"neow_bonus":"ONE_RARE_RELIC","is_prod":false,"is_daily":false,"chose_seed":false,"campfire_upgraded":5,"win_rate":0,"timestamp":1553466867,"path_taken":["M","M","M","?","M","E","R","E","T","R","M","R","$","M","R","BOSS","M","M","M","M","$","R","M","M","T","M","$","M","E","?","R","BOSS","M","?","?","$","M","E","R","E","T","R","?","$","M","M","R","BOSS"],"build_version":"2019-01-23","purchased_purges":3,"victory":true,"max_hp_per_floor":[72,72,72,72,72,72,72,72,72,72,72,72,72,72,72,72,72,72,72,72,72,72,72,72,72,72,72,72,72,72,72,72,72,72,72,72,72,72,72,72,72,79,79,79,79,79,79,79,79,79],"card_choices":[{"not_picked":["Anger","Metallicize"],"picked":"Disarm","floor":1},{"not_picked":["Heavy Blade","Anger"],"picked":"Carnage","floor":2},{"not_picked":["Anger","Brutality"],"picked":"Flame Barrier","floor":3},{"not_picked":["Wild Strike","Blood for Blood"],"picked":"Shrug It Off","floor":5},{"not_picked":["Evolve","Blood for Blood","Brutality"],"picked":"SKIP","floor":6},{"not_picked":["Whirlwind","Dropkick"],"picked":"Impervious","floor":8},{"not_picked":["Cleave","Battle Trance"],"picked":"Pummel","floor":11},{"not_picked":["Armaments","Iron Wave"],"picked":"Shrug It Off","floor":14},{"not_picked":["Clash","Clothesline","Body Slam"],"picked":"SKIP","floor":18},{"not_picked":["True Grit+1","Shrug It Off"],"picked":"Havoc","floor":19},{"not_picked":["Perfected Strike","Flex"],"picked":"Havoc+1","floor":20},{"not_picked":["Flex+1","Heavy Blade+1"],"picked":"Offering","floor":21},{"not_picked":["Armaments","Heavy Blade","Hemokinesis"],"picked":"SKIP","floor":24},{"not_picked":["Blood for Blood","Second Wind+1"],"picked":"Infernal Blade","floor":25},{"not_picked":["Flex","Wild Strike","Shrug It Off"],"picked":"SKIP","floor":27},{"not_picked":["Hemokinesis+1","Wild Strike+1"],"picked":"Flame Barrier+1","floor":29},{"not_picked":["Juggernaut","Body Slam"],"picked":"Shrug It Off+1","floor":30},{"not_picked":["Feed","Dark Embrace"],"picked":"Fiend Fire","floor":33},{"not_picked":["Clothesline+1","Hemokinesis"],"picked":"Shrug It Off+1","floor":34},{"not_picked":["Entrench+1","Iron Wave+1"],"picked":"Body Slam+1","floor":35},{"not_picked":["Body Slam","Shrug It Off","Bloodletting"],"picked":"SKIP","floor":37},{"not_picked":["Sword Boomerang+1","Thunderclap"],"picked":"Shockwave+1","floor":39},{"not_picked":["Juggernaut","Pommel Strike+1","Anger+1"],"picked":"SKIP","floor":40},{"not_picked":["Cleave+1","Headbutt+1"],"picked":"Warcry+1","floor":42},{"not_picked":["Combust+1","Iron Wave+1","Headbutt+1"],"picked":"SKIP","floor":47},{"not_picked":["Wild Strike","Armaments","Flex"],"picked":"SKIP","floor":48}],"player_experience":251274,"relics_obtained":[{"floor":6,"key":"Boot"},{"floor":8,"key":"Turnip"},{"floor":9,"key":"Kunai"},{"floor":26,"key":"Mummified Hand"},{"floor":30,"key":"Whetstone"},{"floor":40,"key":"Sundial"},{"floor":42,"key":"Strawberry"},{"floor":43,"key":"Anchor"}],"event_choices":[{"damage_healed":0,"gold_gain":0,"player_choice":"Take Damage","damage_taken":18,"relics_obtained":["Golden Idol"],"max_hp_gain":0,"max_hp_loss":0,"event_name":"Golden Idol","floor":4,"gold_loss":0},{"damage_healed":0,"gold_gain":0,"player_choice":"Gave Idol","damage_taken":0,"relics_obtained":["Bloody Idol"],"max_hp_gain":0,"max_hp_loss":0,"event_name":"Forgotten Altar","floor":31,"relics_lost":["Golden Idol"],"gold_loss":0},{"damage_healed":0,"gold_gain":0,"player_choice":"1 cards matched","damage_taken":0,"max_hp_gain":0,"max_hp_loss":0,"event_name":"Match and Keep!","floor":36,"gold_loss":0,"cards_obtained":["PanicButton"]},{"damage_healed":0,"gold_gain":0,"player_choice":"Ignored","damage_taken":0,"max_hp_gain":0,"max_hp_loss":0,"event_name":"SecretPortal","floor":45,"gold_loss":0}],"is_beta":false,"boss_relics":[{"not_picked":["Runic Cube","Fusion Hammer"],"picked":"Mark of Pain"},{"not_picked":["Calling Bell","White Beast Statue"],"picked":"Orrery"}],"items_purged_floors":[13,22,46],"is_endless":false,"potions_floor_spawned":[3,6,8,11,16,18,20,21,25,37,40,47],"ascension_level":5}