{"gold_per_floor":[117,135,66,83,9,9,39,39,39,114,132,150,177,22,22,119,119,131,131,59,79,34,34,48,48,48,48,48,2,2,17,17,118,118,129,144,154,164,176,176,176,176,258,258,258,358,71,85,85,85,85,85,85,117,117],"floor_reached":56,"playtime":3931,"items_purged":["Pain"],"score":1155,"play_id":"2cbec91d-c580-4687-ac8a-0626ea69415f","local_time":"20190327212949","is_ascension_mode":false,"campfire_choices":[{"data":"Defragment","floor":6,"key":"SMITH"},{"data":"Capacitor","floor":8,"key":"SMITH"},{"floor":15,"key":"REST"},{"data":"Turbo","floor":23,"key":"SMITH"},{"data":"Redo","floor":25,"key":"SMITH"},{"data":"Blizzard","floor":27,"key":"SMITH"},{"data":"Blizzard","floor":30,"key":"SMITH"},{"data":"Barrage","floor":32,"key":"SMITH"},{"floor":40,"key":"REST"},{"floor":42,"key":"REST"},{"floor":44,"key":"RECALL"},{"floor":49,"key":"REST"},{"data":"Redo","floor":52,"key":"SMITH"}],"neow_cost":"NONE","seed_source_timestamp":38427598427671,"circlet_count":0,"master_deck":["Strike_B","Strike_B","Strike_B","Defend_B","Defend_B","Defend_B","Defend_B","Zap","Dualcast","Cold Snap+1","Blizzard+1","Defragment+1","Capacitor+1","Cold Snap","Coolheaded","Conserve Battery","Barrage+1","Turbo","Conserve Battery","Turbo+1","Echo Form","FTL+1","Blizzard+1","Redo+1","Cold Snap","Redo+1","Coolheaded","Seek","Redo+1","Chaos+1","Leap+1","White Noise+1","Steam Power","Cold Snap+1"],"relics":["FrozenCore","NeowsBlessing","Shuriken","Emotion Chip","Du-Vu Doll","Dream Catcher","Calipers","WarpedTongs","Busted Crown","Pocketwatch","Art of War","Whetstone"],"potions_floor_usage":[13,13,16,33,39,46,55,55,55],"damage_taken":[{"damage":0,"enemies":"Cultist","floor":1,"turns":1},{"damage":0,"enemies":"Jaw Worm","floor":2,"turns":1},{"damage":0,"enemies":"Small Slimes","floor":4,"turns":2},{"damage":7,"enemies":"3 Sentries","floor":7,"turns":8},{"damage":9,"enemies":"Exordium Thugs","floor":11,"turns":5},{"damage":8,"enemies":"Lots of Slimes","floor":12,"turns":3},{"damage":16,"enemies":"Gremlin Nob","floor":13,"turns":4},{"damage":27,"enemies":"Hexaghost","floor":16,"turns":11},{"damage":0,"enemies":"Spheric Guardian","floor":18,"turns":6},{"damage":0,"enemies":"3 Byrds","floor":21,"turns":6},{"damage":0,"enemies":"Snake Plant","floor":24,"turns":6},{"damage":7,"enemies":"Shelled Parasite and Fungi","floor":31,"turns":5},{"damage":4,"enemies":"Automaton","floor":33,"turns":10},{"damage":4,"enemies":"3 Shapes","floor":35,"turns":3},{"damage":0,"enemies":"Orb Walker","floor":36,"turns":4},{"damage":13,"enemies":"Jaw Worm Horde","floor":37,"turns":6},{"damage":18,"enemies":"Spire Growth","floor":38,"turns":6},{"damage":24,"enemies":"Transient","floor":39,"turns":5},{"damage":11,"enemies":"Mind Bloom Boss Battle","floor":46,"turns":6},{"damage":13,"enemies":"4 Shapes","floor":48,"turns":5},{"damage":14,"enemies":"Donu and Deca","floor":50,"turns":11},{"damage":29,"enemies":"Shield and Spear","floor":54,"turns":9},{"damage":23,"enemies":"The Heart","floor":55,"turns":12}],"seed_played":"-6353694942971230872","potions_obtained":[{"floor":1,"key":"AttackPotion"},{"floor":7,"key":"PowerPotion"},{"floor":11,"key":"Dexterity Potion"},{"floor":13,"key":"Regen Potion"},{"floor":16,"key":"PowerPotion"},{"floor":18,"key":"Strength Potion"},{"floor":33,"key":"AttackPotion"},{"floor":35,"key":"Poison Potion"},{"floor":39,"key":"SpeedPotion"},{"floor":46,"key":"LiquidBronze"},{"floor":48,"key":"Energy Potion"}],"is_trial":false,"path_per_floor":["M","M","$","M","$","R","E","R","T","?","M","M","E","$","R","B",null,"M","?","$","M","$","R","M","R","T","R","?","$","R","M","R","B",null,"M","M","M","M","M","R","?","R","T","R","?","?","$","M","R","B",null,"R","$","E","B",null],"character_chosen":"DEFECT","items_purchased":["Defragment","Cold Snap","Coolheaded","Dream Catcher","Blizzard","Cold Snap","Coolheaded","Art of War","Steam Power"],"campfire_rested":4,"item_purchase_floors":[3,5,5,14,20,22,29,47,47],"current_hp_per_floor":[75,75,75,75,75,75,68,68,68,57,48,40,24,24,46,34,75,75,75,75,75,75,75,75,75,75,75,75,75,75,68,68,64,75,71,71,58,40,16,38,38,59,59,59,59,48,48,35,56,42,71,71,71,42,19],"gold":117,"neow_bonus":"THREE_ENEMY_KILL","is_prod":false,"is_daily":false,"chose_seed":false,"campfire_upgraded":8,"win_rate":0,"timestamp":1553718589,"path_taken":["M","M","?","M","$","R","E","R","T","?","M","M","E","$","R","BOSS","M","?","?","?","?","R","M","R","T","R","?","$","R","M","R","BOSS","M","M","M","M","M","R","?","R","T","R","?","?","$","M","R","BOSS","R","$","E","BOSS"],"build_version":"2019-01-23","purchased_purges":1,"victory":true,"max_hp_per_floor":[75,75,75,75,75,75,75,75,75,75,75,75,75,75,75,75,75,75,75,75,75,75,75,75,75,75,75,75,75,75,75,75,75,75,75,75,75,75,75,75,71,71,71,71,71,71,71,71,71,71,71,71,71,71,71],"card_choices":[{"not_picked":["Reinforced Body","Streamline"],"picked":"Cold Snap","floor":1},{"not_picked":["Sweeping Beam","Beam Cell"],"picked":"Blizzard","floor":2},{"not_picked":["Lockon","FTL"],"picked":"Capacitor","floor":4},{"not_picked":["Buffer","Stack"],"picked":"Conserve Battery","floor":7},{"not_picked":["Compile Driver","Hologram"],"picked":"Barrage","floor":11},{"not_picked":["Steam","Auto Shields"],"picked":"Turbo","floor":12},{"not_picked":["Go for the Eyes","Barrage"],"picked":"Conserve Battery","floor":13},{"not_picked":["Streamline","Stack"],"picked":"Turbo","floor":15},{"not_picked":["Creative AI","Thunder Strike"],"picked":"Echo Form","floor":16},{"not_picked":["Fusion","Ball Lightning","Redo+1"],"picked":"SKIP","floor":18},{"not_picked":["Stack","Force Field"],"picked":"Redo+1","floor":21},{"not_picked":["Genetic Algorithm","Doom and Gloom"],"picked":"Redo","floor":24},{"not_picked":["Sweeping Beam","Ball Lightning","Beam Cell"],"picked":"SKIP","floor":31},{"not_picked":["Meteor Strike","Hyperbeam"],"picked":"Seek","floor":33},{"not_picked":["Darkness+1"],"picked":"SKIP","floor":35},{"not_picked":["Ball Lightning"],"picked":"SKIP","floor":36},{"not_picked":[],"picked":"Redo","floor":37},{"not_picked":["Scrape"],"picked":"SKIP","floor":38},{"not_picked":[],"picked":"Chaos+1","floor":39},{"not_picked":[],"picked":"Leap+1","floor":42},{"not_picked":[],"picked":"White Noise+1","floor":46},{"not_picked":["Chaos"],"picked":"SKIP","floor":48},{"not_picked":[],"picked":"Cold Snap+1","floor":49},{"not_picked":["Compile Driver"],"picked":"SKIP","floor":54}],"player_experience":98834,"relics_obtained":[{"floor":7,"key":"Shuriken"},{"floor":9,"key":"Emotion Chip"},{"floor":13,"key":"Du-Vu Doll"},{"floor":26,"key":"Calipers"},{"floor":46,"key":"Pocketwatch"},{"floor":54,"key":"Whetstone"}],"event_choices":[{"damage_healed":0,"gold_gain":75,"player_choice":"Gather Gold","damage_taken":11,"max_hp_gain":0,"max_hp_loss":0,"event_name":"World of Goop","floor":10,"gold_loss":0},{"damage_healed":0,"gold_gain":0,"cards_transformed":["Strike_B"],"player_choice":"Transformed","damage_taken":0,"max_hp_gain":0,"max_hp_loss":0,"event_name":"Transmorgrifier","floor":19,"gold_loss":0,"cards_obtained":["FTL"]},{"damage_healed":0,"gold_gain":0,"player_choice":"Rummage","damage_taken":0,"relics_obtained":["WarpedTongs"],"max_hp_gain":0,"max_hp_loss":0,"event_name":"Accursed Blacksmith","floor":28,"gold_loss":0,"cards_obtained":["Pain"]},{"damage_healed":0,"gold_gain":0,"player_choice":"Max HP","damage_taken":0,"max_hp_gain":0,"max_hp_loss":4,"event_name":"Winding Halls","floor":41,"gold_loss":0},{"damage_healed":0,"gold_gain":0,"player_choice":"Ignored","damage_taken":0,"max_hp_gain":0,"max_hp_loss":0,"event_name":"Mysterious Sphere","floor":45,"gold_loss":0},{"damage_healed":0,"gold_gain":0,"player_choice":"Fight","damage_taken":0,"max_hp_gain":0,"max_hp_loss":0,"event_name":"MindBloom","floor":46,"gold_loss":0}],"is_beta":false,"boss_relics":[{"not_picked":["Snecko Eye","Eternal Feather"],"picked":"FrozenCore"},{"not_picked":["Philosopher\u0027s Stone","Inserter"],"picked":"Busted Crown"}],"items_purged_floors":[47],"is_endless":false,"potions_floor_spawned":[1,7,11,13,16,18,33,35,37,39,46,48],"ascension_level":0}