{"gold_per_floor":[109,122,47,47,58,58,87,87,87,106,106,106,125,154,154,252,252,265,275,275,285,300,300,327,327,327,45,45,64,64,78,78,183,183,198,211,227,27,127,127,154,165,165,182,193,193,203,222,222,222],"floor_reached":51,"playtime":4135,"items_purged":["Strike_R","Strike_R","Strike_R"],"score":738,"play_id":"a4f53220-f8b4-4eed-beea-b13eb49ea406","local_time":"20190203190758","is_ascension_mode":false,"campfire_choices":[{"data":"Body Slam","floor":6,"key":"SMITH"},{"data":"Barricade","floor":8,"key":"SMITH"},{"data":"Bash","floor":11,"key":"SMITH"},{"data":"Body Slam","floor":15,"key":"SMITH"},{"floor":23,"key":"REST"},{"data":"True Grit","floor":25,"key":"SMITH"},{"floor":30,"key":"REST"},{"data":"Flame Barrier","floor":32,"key":"SMITH"},{"data":"Impervious","floor":40,"key":"SMITH"},{"data":"Metamorphosis","floor":49,"key":"SMITH"}],"neow_cost":"NONE","seed_source_timestamp":23307567971409,"circlet_count":0,"master_deck":["Strike_R","Strike_R","Defend_R","Defend_R","Defend_R","Defend_R","Bash+1","True Grit+1","Body Slam+1","Shrug It Off","Barricade+1","Inflame+1","Evolve+1","Body Slam+1","Impervious+1","Flame Barrier+1","Shrug It Off+1","Feel No Pain+1","Metamorphosis+1","Intimidate+1","Juggernaut+1","Impervious+1","Warcry+1","Spot Weakness+1","Entrench+1","Power Through+1","Armaments+1","Offering+1"],"relics":["Burning Blood","Centennial Puzzle","Frozen Egg 2","Orichalcum","Black Star","Red Skull","Lantern","Singing Bowl","Sozu","Magic Flower","Strawberry","Toxic Egg 2","Sundial"],"potions_floor_usage":[7,7,19,24,33,33,35],"damage_taken":[{"damage":0,"enemies":"Small Slimes","floor":1,"turns":3},{"damage":0,"enemies":"Cultist","floor":2,"turns":3},{"damage":6,"enemies":"Jaw Worm","floor":5,"turns":5},{"damage":15,"enemies":"Gremlin Nob","floor":7,"turns":4},{"damage":8,"enemies":"Red Slaver","floor":10,"turns":7},{"damage":24,"enemies":"Exordium Thugs","floor":13,"turns":5},{"damage":13,"enemies":"3 Sentries","floor":14,"turns":9},{"damage":12,"enemies":"The Guardian","floor":16,"turns":12},{"damage":20,"enemies":"3 Byrds","floor":18,"turns":8},{"damage":13,"enemies":"Shell Parasite","floor":19,"turns":6},{"damage":28,"enemies":"Sentry and Sphere","floor":21,"turns":9},{"damage":9,"enemies":"Centurion and Healer","floor":22,"turns":8},{"damage":35,"enemies":"Book of Stabbing","floor":24,"turns":8},{"damage":6,"enemies":"Snake Plant","floor":29,"turns":4},{"damage":0,"enemies":"Snecko","floor":31,"turns":3},{"damage":9,"enemies":"Champ","floor":33,"turns":9},{"damage":7,"enemies":"3 Darklings","floor":35,"turns":5},{"damage":13,"enemies":"Orb Walker","floor":36,"turns":6},{"damage":12,"enemies":"Spire Growth","floor":37,"turns":4},{"damage":26,"enemies":"Mind Bloom Boss Battle","floor":39,"turns":6},{"damage":0,"enemies":"Nemesis","floor":41,"turns":9},{"damage":1,"enemies":"Transient","floor":42,"turns":5},{"damage":16,"enemies":"3 Darklings","floor":44,"turns":5},{"damage":13,"enemies":"Writhing Mass","floor":45,"turns":5},{"damage":14,"enemies":"Jaw Worm Horde","floor":47,"turns":6},{"damage":0,"enemies":"Sphere and 2 Shapes","floor":48,"turns":5},{"damage":18,"enemies":"Awakened One","floor":50,"turns":13}],"seed_played":"-6671643507831087519","potions_obtained":[{"floor":0,"key":"AttackPotion"},{"floor":0,"key":"AttackPotion"},{"floor":0,"key":"Strength Potion"},{"floor":1,"key":"Strength Potion"},{"floor":13,"key":"FearPotion"},{"floor":16,"key":"Explosive Potion"},{"floor":19,"key":"GamblersBrew"},{"floor":21,"key":"Fire Potion"},{"floor":24,"key":"GamblersBrew"},{"floor":31,"key":"Energy Potion"}],"is_trial":false,"path_per_floor":["?","M","?","M","?","?","M","?","?"],"character_chosen":"IRONCLAD","items_purchased":["Metamorphosis","Impervious"],"campfire_rested":2,"item_purchase_floors":[27,38],"current_hp_per_floor":[80,80,80,80,80,80,71,71,71,69,69,69,51,44,44,38,80,66,59,44,22,19,44,15,15,15,15,15,15,40,46,46,45,87,88,83,79,79,59,59,75,83,83,76,72,72,67,78,78,69],"gold":222,"neow_bonus":"THREE_SMALL_POTIONS","is_prod":false,"is_daily":false,"chose_seed":false,"campfire_upgraded":8,"win_rate":0,"timestamp":1549238878,"path_taken":["M","M","$","?","?","R","E","R","T","M","R","?","?","E","R","BOSS","M","M","?","M","M","R","E","R","T","$","?","M","R","?","R","BOSS","M","M","M","$","?","R","E","M","T","M","M","?","M","M","R","BOSS"],"build_version":"2019-01-23","purchased_purges":3,"victory":true,"max_hp_per_floor":[80,80,80,80,80,80,80,80,80,80,80,80,80,80,80,80,80,80,80,85,85,85,85,85,85,85,85,85,85,85,85,85,87,87,89,91,93,93,93,93,100,100,100,100,100,100,100,102,102,102],"card_choices":[{"not_picked":["Blood for Blood","Thunderclap"],"picked":"True Grit","floor":1},{"not_picked":["Thunderclap","Flex"],"picked":"Body Slam","floor":2},{"not_picked":["Sentinel","Perfected Strike"],"picked":"Shrug It Off","floor":5},{"not_picked":["Intimidate","Second Wind"],"picked":"Barricade","floor":7},{"not_picked":["Headbutt","Battle Trance"],"picked":"Inflame+1","floor":10},{"not_picked":["Ghostly Armor","Warcry"],"picked":"Evolve+1","floor":13},{"not_picked":["Anger","True Grit"],"picked":"Body Slam","floor":14},{"not_picked":["Juggernaut+1","Reaper"],"picked":"Impervious","floor":16},{"not_picked":["Uppercut+1","Searing Blow+1"],"picked":"Flame Barrier","floor":18},{"not_picked":["Flex","Armaments"],"picked":"Shrug It Off+1","floor":19},{"not_picked":["Fire Breathing+1","Sword Boomerang"],"picked":"Feel No Pain+1","floor":21},{"not_picked":["Warcry","Rampage+1","Headbutt"],"picked":"SKIP","floor":22},{"not_picked":["Rampage+1","Second Wind","Armaments"],"picked":"SKIP","floor":24},{"not_picked":["Flex","Sword Boomerang"],"picked":"Intimidate+1","floor":29},{"not_picked":["Shockwave","Wild Strike+1"],"picked":"Juggernaut+1","floor":31},{"not_picked":["Immolate","Barricade+1","Double Tap"],"picked":"Singing Bowl","floor":33},{"not_picked":["Anger+1","Perfected Strike+1","True Grit"],"picked":"Singing Bowl","floor":35},{"not_picked":["Heavy Blade","Flex+1","Carnage+1"],"picked":"Singing Bowl","floor":36},{"not_picked":["Havoc+1","Warcry","Iron Wave+1"],"picked":"Singing Bowl","floor":37},{"not_picked":["Cleave+1","Perfected Strike+1"],"picked":"Warcry+1","floor":39},{"not_picked":["Rupture+1","Blood for Blood+1"],"picked":"Spot Weakness+1","floor":41},{"not_picked":["Armaments+1","Corruption+1"],"picked":"Entrench+1","floor":42},{"not_picked":["Headbutt","Burning Pact+1"],"picked":"Power Through+1","floor":44},{"not_picked":["Combust+1","Rupture+1"],"picked":"Armaments+1","floor":45},{"not_picked":["Clash","Warcry+1"],"picked":"Offering+1","floor":47},{"not_picked":["Havoc+1","Twin Strike+1","Heavy Blade+1"],"picked":"Singing Bowl","floor":48}],"player_experience":88143,"relics_obtained":[{"floor":7,"key":"Centennial Puzzle"},{"floor":9,"key":"Frozen Egg 2"},{"floor":14,"key":"Orichalcum"},{"floor":24,"key":"Red Skull"},{"floor":24,"key":"Lantern"},{"floor":26,"key":"Singing Bowl"},{"floor":39,"key":"Magic Flower"},{"floor":41,"key":"Strawberry"},{"floor":41,"key":"Toxic Egg 2"},{"floor":43,"key":"Sundial"}],"event_choices":[{"damage_healed":0,"gold_gain":0,"player_choice":"Ignored","damage_taken":0,"max_hp_gain":0,"max_hp_loss":0,"event_name":"NoteForYourself","floor":4,"gold_loss":0},{"damage_healed":0,"gold_gain":0,"player_choice":"Bought 0 Potions","damage_taken":0,"max_hp_gain":0,"max_hp_loss":0,"event_name":"The Woman in Blue","floor":12,"gold_loss":0},{"damage_healed":0,"gold_gain":0,"player_choice":"Shed Blood","damage_taken":20,"max_hp_gain":5,"max_hp_loss":0,"event_name":"Forgotten Altar","floor":20,"gold_loss":0},{"damage_healed":0,"gold_gain":0,"player_choice":"Upgraded","damage_taken":0,"max_hp_gain":0,"max_hp_loss":0,"event_name":"Upgrade Shrine","floor":28,"gold_loss":0,"cards_upgraded":["Impervious"]},{"damage_healed":0,"gold_gain":0,"player_choice":"Fight","damage_taken":0,"max_hp_gain":0,"max_hp_loss":0,"event_name":"MindBloom","floor":39,"gold_loss":0},{"damage_healed":0,"gold_gain":0,"player_choice":"Ignored","damage_taken":0,"max_hp_gain":0,"max_hp_loss":0,"event_name":"Mysterious Sphere","floor":46,"gold_loss":0}],"is_beta":false,"boss_relics":[{"not_picked":["White Beast Statue","Lizard Tail"],"picked":"Black Star"},{"not_picked":["Orrery","Calling Bell"],"picked":"Sozu"}],"items_purged_floors":[3,27,38],"is_endless":false,"potions_floor_spawned":[1,2,13,16,19,21,22,24,31,35,37,42,44,45,48],"ascension_level":0}