{"gold_per_floor":[110,120,220,174,189,189,203,203,227,75,89,89,63,76,76,177,177,187,207,207,207,161,161,76,76,76,76,76,76,76,76,76,76],"floor_reached":33,"playtime":580,"items_purged":[],"score":251,"play_id":"4e72477e-c1ba-488f-8148-da84529d298a","local_time":"20190318171307","is_ascension_mode":false,"campfire_choices":[{"data":"Perfected Strike","floor":6,"key":"SMITH"},{"data":"Wild Strike","floor":8,"key":"SMITH"},{"data":"Rampage","floor":12,"key":"SMITH"},{"data":"Pommel Strike","floor":15,"key":"SMITH"},{"data":"Flex","floor":23,"key":"SMITH"},{"data":"Thunderclap","floor":25,"key":"SMITH"},{"floor":29,"key":"REST"},{"floor":32,"key":"REST"}],"neow_cost":"NONE","seed_source_timestamp":273826121370565,"circlet_count":0,"master_deck":["Strike_R","Strike_R","Strike_R","Strike_R","Strike_R","Defend_R","Defend_R","Defend_R","Defend_R","Bash","Anger","Pommel Strike","Wild Strike+1","Perfected Strike+1","Rampage+1","Pommel Strike+1","Thunderclap+1","Flex","Flex+1","Necronomicurse"],"relics":["Burning Blood","Red Skull","Ancient Tea Set","Vajra","Mark of Pain","Juzu Bracelet","Boot","Question Card","Necronomicon"],"potions_floor_usage":[27,33],"damage_taken":[{"damage":6,"enemies":"Cultist","floor":1,"turns":4},{"damage":5,"enemies":"Small Slimes","floor":2,"turns":3},{"damage":6,"enemies":"Jaw Worm","floor":5,"turns":3},{"damage":13,"enemies":"Large Slime","floor":7,"turns":4},{"damage":0,"enemies":"3 Louse","floor":11,"turns":2},{"damage":0,"enemies":"Looter","floor":14,"turns":2},{"damage":65,"enemies":"The Guardian","floor":16,"turns":8},{"damage":5,"enemies":"Chosen","floor":18,"turns":3},{"damage":12,"enemies":"Shell Parasite","floor":19,"turns":3},{"damage":0,"enemies":"Book of Stabbing","floor":27,"turns":1},{"damage":105,"enemies":"Automaton","floor":33,"turns":8}],"seed_played":"-7601040439557365120","potions_obtained":[{"floor":11,"key":"Dexterity Potion"},{"floor":14,"key":"SpeedPotion"},{"floor":16,"key":"Regen Potion"},{"floor":18,"key":"SmokeBomb"}],"is_trial":false,"path_per_floor":["M","M","?","$","M","R","M","R","T","$","M","R","$","M","R","B",null,"M","M","?","?","$","R","?","R","T","E","?","R","$","?","R","B"],"character_chosen":"IRONCLAD","items_purchased":["Wild Strike","Vajra","Pommel Strike","Flex"],"campfire_rested":2,"item_purchase_floors":[4,10,13,22],"current_hp_per_floor":[80,80,80,80,80,80,73,73,73,73,79,79,79,80,80,21,80,80,74,74,74,74,74,74,74,74,80,65,85,85,69,85,0],"gold":76,"neow_bonus":"RANDOM_COMMON_RELIC","is_prod":false,"is_daily":false,"chose_seed":false,"campfire_upgraded":6,"win_rate":0,"timestamp":1552925587,"path_taken":["M","M","?","$","?","R","?","R","T","$","M","R","?","M","R","BOSS","M","M","?","?","?","R","?","R","T","E","?","R","?","?","R","BOSS"],"build_version":"2019-01-23","purchased_purges":0,"victory":false,"max_hp_per_floor":[80,80,80,80,80,80,80,80,80,80,80,80,80,80,80,80,80,80,80,80,80,80,80,80,80,80,80,85,85,85,85,85,85],"card_choices":[{"not_picked":["True Grit","Pummel"],"picked":"Anger","floor":1},{"not_picked":["Headbutt","Feel No Pain"],"picked":"Pommel Strike","floor":2},{"not_picked":["Dual Wield","Thunderclap"],"picked":"Perfected Strike","floor":5},{"not_picked":["Disarm","Havoc","Warcry"],"picked":"SKIP","floor":7},{"not_picked":["True Grit","Headbutt"],"picked":"Rampage","floor":11},{"not_picked":["Burning Pact","Rupture"],"picked":"Thunderclap","floor":14},{"not_picked":["Havoc","Warcry"],"picked":"Flex","floor":18},{"not_picked":["Whirlwind","Corruption+1","Havoc+1"],"picked":"SKIP","floor":19}],"player_experience":303615,"relics_obtained":[{"floor":9,"key":"Ancient Tea Set"},{"floor":26,"key":"Question Card"},{"floor":31,"key":"Necronomicon"}],"event_choices":[{"damage_healed":0,"gold_gain":100,"player_choice":"Gold","damage_taken":0,"max_hp_gain":0,"max_hp_loss":0,"event_name":"Wheel of Change","floor":3,"gold_loss":0},{"damage_healed":0,"gold_gain":0,"player_choice":"Ignored","damage_taken":0,"max_hp_gain":0,"max_hp_loss":0,"event_name":"Vampires","floor":20,"gold_loss":0},{"damage_healed":0,"gold_gain":0,"player_choice":"Opened","damage_taken":0,"relics_obtained":["Juzu Bracelet"],"max_hp_gain":0,"max_hp_loss":0,"event_name":"The Mausoleum","floor":21,"gold_loss":0},{"damage_healed":0,"gold_gain":0,"player_choice":"Obtained Relic","damage_taken":0,"relics_obtained":["Boot"],"max_hp_gain":0,"max_hp_loss":0,"event_name":"Addict","floor":24,"gold_loss":85},{"damage_healed":0,"gold_gain":0,"player_choice":"Shed Blood","damage_taken":20,"max_hp_gain":5,"max_hp_loss":0,"event_name":"Forgotten Altar","floor":28,"gold_loss":0},{"damage_healed":0,"gold_gain":0,"player_choice":"Obtained Book","damage_taken":16,"max_hp_gain":0,"max_hp_loss":0,"event_name":"Cursed Tome","floor":31,"gold_loss":0}],"is_beta":false,"boss_relics":[{"not_picked":["Runic Cube","Runic Dome"],"picked":"Mark of Pain"}],"items_purged_floors":[],"is_endless":false,"potions_floor_spawned":[11,14,16,18],"killed_by":"Automaton","ascension_level":0}