{"gold_per_floor":[110,127,35,35,35,35,93,109,177,189,189,202,219,238,238,340,340,355,367,383,383,383,383,416,416,416,441,441,641,658,672,672,672],"floor_reached":33,"playtime":1355,"items_purged":[],"score":465,"play_id":"1c1dc88d-5047-42fb-97d9-ffa56ffad466","local_time":"20190313224433","is_ascension_mode":true,"campfire_choices":[{"data":"Zap","floor":6.0,"key":"SMITH"},{"data":"Scrape","floor":11.0,"key":"SMITH"},{"data":"Beam Cell","floor":15.0,"key":"SMITH"},{"floor":23.0,"key":"REST"},{"floor":25.0,"key":"REST"},{"floor":28.0,"key":"REST"},{"floor":32.0,"key":"REST"}],"neow_cost":"NONE","seed_source_timestamp":38395173626802,"circlet_count":0,"master_deck":["Strike_B+1","Strike_B+1","Strike_B+1","Defend_B+1","Defend_B+1","Defend_B+1","Defend_B+1","Zap+1","Dualcast","Gash","BootSequence","Dramatic Entrance","Scrape+1","Go for the Eyes","Go for the Eyes","Beam Cell+1","All For One","Steam","Beam Cell","Beam Cell","Leap","FTL","Steam+1","All For One","Necronomicurse","Leap","BootSequence","Beam Cell","Beam Cell+1"],"special_seed":0,"relics":["Cracked Core","NeowsBlessing","Tiny Chest","Bottled Lightning","Orrery","Necronomicon","Gambling Chip","Sundial","Meat on the Bone"],"potions_floor_usage":[33],"damage_taken":[{"damage":0.0,"enemies":"2 Louse","floor":1.0,"turns":1.0},{"damage":0.0,"enemies":"Cultist","floor":2.0,"turns":1.0},{"damage":0.0,"enemies":"Lagavulin","floor":7.0,"turns":1.0},{"damage":0.0,"enemies":"Jaw Worm","floor":8.0,"turns":2.0},{"damage":0.0,"enemies":"Looter","floor":10.0,"turns":3.0},{"damage":5.0,"enemies":"Large Slime","floor":12.0,"turns":5.0},{"damage":0.0,"enemies":"Gremlin Gang","floor":13.0,"turns":2.0},{"damage":1.0,"enemies":"Looter","floor":14.0,"turns":2.0},{"damage":51.0,"enemies":"The Guardian","floor":16.0,"turns":9.0},{"damage":15.0,"enemies":"2 Thieves","floor":18.0,"turns":3.0},{"damage":0.0,"enemies":"Chosen","floor":19.0,"turns":4.0},{"damage":5.0,"enemies":"3 Cultists","floor":20.0,"turns":5.0},{"damage":31.0,"enemies":"Gremlin Leader","floor":24.0,"turns":5.0},{"damage":19.0,"enemies":"Book of Stabbing","floor":27.0,"turns":5.0},{"damage":10.0,"enemies":"Snecko","floor":30.0,"turns":5.0},{"damage":14.0,"enemies":"Shelled Parasite and Fungi","floor":31.0,"turns":5.0},{"damage":61,"enemies":"Collector","floor":33,"turns":7}],"seed_played":"-2535358193366908687","potions_obtained":[{"floor":2.0,"key":"Block Potion"},{"floor":7.0,"key":"Fire Potion"},{"floor":12.0,"key":"AttackPotion"},{"floor":13.0,"key":"AttackPotion"},{"floor":19.0,"key":"LiquidBronze"},{"floor":20.0,"key":"FocusPotion"},{"floor":24.0,"key":"PowerPotion"},{"floor":31.0,"key":"SneckoOil"}],"is_trial":false,"path_per_floor":["M","M","$","?","?","R","E","M","T","M","R","M","M","M","R","B",null,"M","M","M","?","?","R","E","R","T","E","R","?","M","M","R","B"],"character_chosen":"DEFECT","items_purchased":["Dramatic Entrance"],"campfire_rested":4,"item_purchase_floors":[3],"current_hp_per_floor":[68,68,68,61,61,61,61,61,61,61,61,56,56,55,55,4,57,42,42,37,21,21,43,12,34,34,15,37,37,39,37,59,0],"gold":672,"neow_bonus":"THREE_ENEMY_KILL","is_prod":false,"is_daily":false,"chose_seed":false,"campfire_upgraded":3,"win_rate":0,"timestamp":1552488273,"path_taken":["M","M","$","?","?","R","E","M","T","M","R","M","M","?","R","BOSS","M","M","M","?","?","R","E","R","T","E","R","?","?","M","R","BOSS"],"build_version":"2019-01-23","purchased_purges":0,"victory":false,"max_hp_per_floor":[75,75,75,75,75,75,75,75,75,75,75,75,75,75,75,75,75,75,75,75,75,75,75,75,75,75,75,75,75,75,75,75,75],"card_choices":[{"not_picked":["Recycle","Barrage"],"picked":"Gash","floor":1.0},{"not_picked":["Stack","Hello World"],"picked":"BootSequence","floor":2.0},{"not_picked":["Stack","Chill"],"picked":"Scrape","floor":7.0},{"not_picked":["Barrage","Compile Driver"],"picked":"Go for the Eyes","floor":8.0},{"not_picked":["Stack","Sweeping Beam","Conserve Battery"],"picked":"SKIP","floor":10.0},{"not_picked":["Core Surge","Rebound"],"picked":"Go for the Eyes","floor":12.0},{"not_picked":["Heatsinks","Doom and Gloom"],"picked":"Beam Cell","floor":13.0},{"not_picked":["Fusion","Sweeping Beam","Barrage"],"picked":"SKIP","floor":14.0},{"not_picked":["Electrodynamics","Thunder Strike"],"picked":"All For One","floor":16.0},{"not_picked":["Stack","Heatsinks"],"picked":"Steam","floor":17.0},{"not_picked":["Sweeping Beam","Hello World"],"picked":"Beam Cell","floor":17.0},{"not_picked":["Streamline","Sweeping Beam"],"picked":"Beam Cell","floor":17.0},{"not_picked":["Redo","Darkness"],"picked":"Leap","floor":17.0},{"not_picked":["Stack","Sweeping Beam"],"picked":"FTL","floor":17.0},{"not_picked":["Rainbow","Conserve Battery"],"picked":"Steam+1","floor":18.0},{"not_picked":["Rebound+1","Coolheaded","Blizzard"],"picked":"SKIP","floor":19.0},{"not_picked":["Conserve Battery","Rebound"],"picked":"All For One","floor":20.0},{"not_picked":["Sweeping Beam","Static Discharge"],"picked":"Leap","floor":24.0},{"not_picked":["Rebound","Melter"],"picked":"BootSequence","floor":27.0},{"not_picked":["Heatsinks","Undo"],"picked":"Beam Cell","floor":30.0},{"not_picked":["Turbo","Blizzard"],"picked":"Beam Cell+1","floor":31.0}],"player_experience":296004,"relics_obtained":[{"floor":7.0,"key":"Tiny Chest"},{"floor":9.0,"key":"Bottled Lightning"},{"floor":21.0,"key":"Necronomicon"},{"floor":24.0,"key":"Gambling Chip"},{"floor":26.0,"key":"Sundial"},{"floor":27.0,"key":"Meat on the Bone"}],"event_choices":[{"cards_removed":["Strike_B"],"damage_healed":0.0,"max_hp_gain":0.0,"max_hp_loss":0.0,"gold_gain":0.0,"event_name":"Golden Wing","player_choice":"Card Removal","floor":4.0,"gold_loss":0.0,"damage_taken":7.0},{"damage_healed":0.0,"max_hp_gain":0.0,"max_hp_loss":0.0,"gold_gain":0.0,"event_name":"Accursed Blacksmith","player_choice":"Forge","floor":5.0,"gold_loss":0.0,"damage_taken":0.0,"cards_upgraded":["Defend_B"]},{"damage_healed":0.0,"max_hp_gain":0.0,"max_hp_loss":0.0,"gold_gain":0.0,"event_name":"Cursed Tome","player_choice":"Obtained Book","floor":21.0,"gold_loss":0.0,"damage_taken":16.0},{"damage_healed":0.0,"max_hp_gain":0.0,"max_hp_loss":0.0,"gold_gain":0.0,"event_name":"Back to Basics","player_choice":"Simplicity","floor":22.0,"gold_loss":0.0,"damage_taken":0.0,"cards_upgraded":["Strike_B","Strike_B","Strike_B","Defend_B","Defend_B","Defend_B"]},{"damage_healed":0.0,"max_hp_gain":0.0,"max_hp_loss":0.0,"gold_gain":200.0,"event_name":"Wheel of Change","player_choice":"Gold","floor":29.0,"gold_loss":0.0,"damage_taken":0.0}],"is_beta":false,"boss_relics":[{"not_picked":["Snecko Eye","Black Star"],"picked":"Orrery"}],"items_purged_floors":[],"is_endless":false,"potions_floor_spawned":[2,7,12,13,19,20,24,31],"killed_by":"Collector","ascension_level":8}