{"gold_per_floor":[109,184,199,199,217,246,256,272,297,326,352,393,405,431,443,552,564,590,617,647,659,671],"floor_reached":22,"playtime":1383,"items_purged":[],"score":267,"play_id":"783259a7-d005-4b60-8cfe-14460db2b9d7","local_time":"20190227142615","is_ascension_mode":true,"campfire_choices":[{"floor":13.0,"key":"REST"},{"data":"Neutralize","floor":15.0,"key":"SMITH"}],"neow_cost":"NONE","seed_source_timestamp":6493829339763,"circlet_count":0,"master_deck":["Defend_G","Defend_G","Defend_G","Defend_G","Defend_G","Strike_G","Strike_G","Strike_G","Strike_G","Strike_G","Survivor","Neutralize+1","Heel Hook","Sucker Punch","Heel Hook","Poisoned Stab","Crippling Poison","Heel Hook","Catalyst","Heel Hook","Predator","PiercingWail","A Thousand Cuts","Distraction","Setup+1","Distraction"],"special_seed":0,"relics":["Runic Dome","Pen Nib","Omamori","MawBank","Orichalcum","Black Star"],"potions_floor_usage":[],"damage_taken":[{"damage":0.0,"enemies":"Jaw Worm","floor":1.0,"turns":5.0},{"damage":4.0,"enemies":"Small Slimes","floor":3.0,"turns":4.0},{"damage":0.0,"enemies":"Cultist","floor":5.0,"turns":3.0},{"damage":10.0,"enemies":"Lagavulin","floor":6.0,"turns":6.0},{"damage":0.0,"enemies":"3 Louse","floor":7.0,"turns":4.0},{"damage":8.0,"enemies":"Large Slime","floor":8.0,"turns":4.0},{"damage":29.0,"enemies":"Gremlin Nob","floor":10.0,"turns":5.0},{"damage":0.0,"enemies":"Blue Slaver","floor":11.0,"turns":2.0},{"damage":2.0,"enemies":"Lagavulin","floor":12.0,"turns":5.0},{"damage":2.0,"enemies":"3 Louse","floor":14.0,"turns":4.0},{"damage":10.0,"enemies":"Hexaghost","floor":16.0,"turns":9.0},{"damage":24.0,"enemies":"2 Thieves","floor":18.0,"turns":4.0},{"damage":9.0,"enemies":"Shell Parasite","floor":19.0,"turns":4.0},{"damage":10,"enemies":"3 Cultists","floor":20,"turns":5},{"damage":21,"enemies":"Colosseum Slavers","floor":21,"turns":5},{"damage":9,"enemies":"Snake Plant","floor":22,"turns":4}],"seed_played":"-3305141761807936264","potions_obtained":[{"floor":1.0,"key":"LiquidBronze"},{"floor":5.0,"key":"Poison Potion"},{"floor":8.0,"key":"Dexterity Potion"},{"floor":10.0,"key":"Fire Potion"},{"floor":14.0,"key":"Ancient Potion"},{"floor":19.0,"key":"Ancient Potion"},{"floor":20,"key":"GhostInAJar"}],"is_trial":false,"path_per_floor":["M","?","M","?","M","E","M","M","T","E","M","E","R","M","R","B",null,"M","M","M","?","M"],"character_chosen":"THE_SILENT","items_purchased":[],"campfire_rested":1,"item_purchase_floors":[],"current_hp_per_floor":[70,59,55,55,55,45,45,37,37,8,8,6,27,25,25,15,70,46,37,27,6,0],"gold":671,"neow_bonus":"BOSS_RELIC","is_prod":false,"is_daily":false,"chose_seed":false,"campfire_upgraded":1,"win_rate":0,"timestamp":1551248775,"path_taken":["M","?","M","?","M","E","M","M","T","E","?","E","R","M","R","BOSS","M","?","M","?","M"],"build_version":"2019-01-23","purchased_purges":0,"victory":false,"max_hp_per_floor":[70,70,70,70,70,70,70,70,70,70,70,70,70,70,70,70,70,70,70,70,70,70],"card_choices":[{"not_picked":["Masterful Stab","Flechettes"],"picked":"Heel Hook","floor":1.0},{"not_picked":["Poisoned Stab","Cloak And Dagger"],"picked":"Sucker Punch","floor":3.0},{"not_picked":["Dodge and Roll","Riddle With Holes"],"picked":"Heel Hook","floor":5.0},{"not_picked":["Skewer","Deadly Poison"],"picked":"Poisoned Stab","floor":6.0},{"not_picked":["Slice","Eviscerate"],"picked":"Crippling Poison","floor":7.0},{"not_picked":["Poisoned Stab","Dash"],"picked":"Heel Hook","floor":8.0},{"not_picked":["Cloak And Dagger","Bane"],"picked":"Catalyst","floor":10.0},{"not_picked":["Poisoned Stab","Dagger Spray"],"picked":"Heel Hook","floor":11.0},{"not_picked":["Prepared","Backstab"],"picked":"Predator","floor":12.0},{"not_picked":["Choke","Blade Dance"],"picked":"PiercingWail","floor":14.0},{"not_picked":["Bullet Time","Phantasmal Killer"],"picked":"A Thousand Cuts","floor":16.0},{"not_picked":["Reflex","Dodge and Roll"],"picked":"Distraction","floor":18.0},{"not_picked":["Slice","Eviscerate"],"picked":"Setup+1","floor":19.0},{"not_picked":["Dodge and Roll","Flechettes"],"picked":"Distraction","floor":20}],"player_experience":198894,"relics_obtained":[{"floor":6.0,"key":"Pen Nib"},{"floor":9.0,"key":"Omamori"},{"floor":10.0,"key":"MawBank"},{"floor":12.0,"key":"Orichalcum"}],"event_choices":[{"damage_healed":0.0,"max_hp_gain":0.0,"max_hp_loss":0.0,"gold_gain":75.0,"event_name":"World of Goop","player_choice":"Gather Gold","floor":2.0,"gold_loss":0.0,"damage_taken":11.0},{"damage_healed":0.0,"max_hp_gain":0.0,"max_hp_loss":0.0,"gold_gain":0.0,"event_name":"Liars Game","player_choice":"Ignored","floor":4.0,"gold_loss":0.0,"damage_taken":0.0},{"damage_healed":0,"gold_gain":0,"player_choice":"Fight","damage_taken":0,"max_hp_gain":0,"max_hp_loss":0,"event_name":"Colosseum","floor":21,"gold_loss":0},{"damage_healed":0,"gold_gain":0,"player_choice":"Fled From Nobs","damage_taken":0,"max_hp_gain":0,"max_hp_loss":0,"event_name":"Colosseum","floor":21,"gold_loss":0}],"is_beta":false,"boss_relics":[{"not_picked":["Pandora\u0027s Box","Tiny House"],"picked":"Black Star"}],"items_purged_floors":[],"is_endless":false,"potions_floor_spawned":[1,5,8,10,14,19,20,21],"killed_by":"Snake Plant","ascension_level":3}