{"gold_per_floor":[114,114,128,32,32,32,48,65,65,65,84,113,113,123,123,123],"floor_reached":16,"playtime":539,"items_purged":[],"score":102,"play_id":"90ecc496-fa24-4be6-b2d5-6492a59cb8ae","local_time":"20190321192038","is_ascension_mode":false,"campfire_choices":[{"data":"Trip","floor":6,"key":"SMITH"},{"floor":10,"key":"REST"},{"floor":13,"key":"REST"},{"floor":15,"key":"REST"}],"neow_cost":"NONE","seed_source_timestamp":153821408867170,"circlet_count":0,"master_deck":["Defend_G","Defend_G","Defend_G","Defend_G","Defend_G","Strike_G","Strike_G","Strike_G","Strike_G","Survivor","Neutralize","Trip+1","Heel Hook","Bane","PiercingWail","Bane","Backstab","Dash","Catalyst","Acrobatics"],"special_seed":0,"relics":["Ring of the Snake","Bird Faced Urn","Ice Cream"],"potions_floor_usage":[8],"damage_taken":[{"damage":0,"enemies":"Small Slimes","floor":1,"turns":4},{"damage":0,"enemies":"Cultist","floor":3,"turns":4},{"damage":0,"enemies":"Jaw Worm","floor":7,"turns":3},{"damage":11,"enemies":"Large Slime","floor":8,"turns":5},{"damage":2,"enemies":"3 Louse","floor":11,"turns":3},{"damage":35,"enemies":"Gremlin Nob","floor":12,"turns":5},{"damage":5,"enemies":"Looter","floor":14,"turns":3},{"damage":77,"enemies":"Slime Boss","floor":16,"turns":9}],"seed_played":"6224389673084237627","potions_obtained":[{"floor":1,"key":"Poison Potion"},{"floor":8,"key":"SpeedPotion"},{"floor":12,"key":"Energy Potion"}],"is_trial":false,"path_per_floor":["M","?","M","$","?","R","M","M","T","R","M","E","R","M","R","B"],"character_chosen":"THE_SILENT","items_purchased":["PiercingWail","Bane"],"campfire_rested":3,"item_purchase_floors":[4,4],"current_hp_per_floor":[70,70,70,70,70,70,70,59,59,70,68,33,54,49,70,0],"gold":123,"neow_bonus":"RANDOM_COLORLESS","is_prod":false,"is_daily":false,"chose_seed":false,"campfire_upgraded":1,"win_rate":0.0,"timestamp":1553192438,"path_taken":["M","?","?","$","?","R","M","M","T","R","M","E","R","M","R","BOSS"],"build_version":"2019-01-23","purchased_purges":0,"victory":false,"max_hp_per_floor":[70,70,70,70,70,70,70,70,70,70,70,70,70,70,70,70],"card_choices":[{"not_picked":["Outmaneuver","Quick Slash"],"picked":"Heel Hook","floor":1},{"not_picked":["Accuracy","Blur"],"picked":"Bane","floor":3},{"not_picked":["Outmaneuver","PiercingWail","Wraith Form v2"],"picked":"SKIP","floor":7},{"not_picked":["Dagger Throw","Flying Knee"],"picked":"Backstab","floor":8},{"not_picked":["Acrobatics","Outmaneuver"],"picked":"Dash","floor":11},{"not_picked":["Phantasmal Killer","Prepared"],"picked":"Catalyst","floor":12},{"not_picked":["PiercingWail","Outmaneuver"],"picked":"Acrobatics","floor":14}],"player_experience":349164,"relics_obtained":[{"floor":9,"key":"Bird Faced Urn"},{"floor":12,"key":"Ice Cream"}],"event_choices":[{"cards_removed":["Strike_G"],"damage_healed":0,"gold_gain":0,"player_choice":"Offered Basic","damage_taken":0,"max_hp_gain":0,"max_hp_loss":0,"event_name":"Bonfire Elementals","floor":2,"gold_loss":0},{"damage_healed":0,"gold_gain":0,"player_choice":"Leave","damage_taken":0,"max_hp_gain":0,"max_hp_loss":0,"event_name":"The Cleric","floor":5,"gold_loss":0}],"is_beta":false,"boss_relics":[],"items_purged_floors":[],"is_endless":false,"potions_floor_spawned":[1,8,12],"killed_by":"Slime Boss","ascension_level":0}