{"gold_per_floor":[112,112,112,132,132,132,148,148,229,75,95,105,105,118,118,118],"floor_reached":16,"playtime":369,"items_purged":[],"score":92,"play_id":"bc950e79-f620-43e6-a2d0-d75c825adf5e","local_time":"20181002214913","is_ascension_mode":false,"campfire_choices":[{"data":"Cleave","floor":6,"key":"SMITH"},{"data":"Flame Barrier","floor":15,"key":"SMITH"}],"neow_cost":"","seed_source_timestamp":18007340720495,"circlet_count":0,"master_deck":["Strike_R","Strike_R+1","Strike_R","Strike_R","Strike_R","Defend_R","Defend_R","Defend_R","Bash+1","Twin Strike+1","Cleave+1","Shrug It Off","Flame Barrier+1","Pommel Strike"],"relics":["Burning Blood","Bag of Marbles"],"potions_floor_usage":[],"damage_taken":[{"damage":7,"enemies":"Small Slimes","floor":1,"turns":4},{"damage":6,"enemies":"2 Louse","floor":4,"turns":2},{"damage":0,"enemies":"Cultist","floor":7,"turns":2},{"damage":2,"enemies":"Large Slime","floor":11,"turns":4},{"damage":14,"enemies":"Exordium Thugs","floor":12,"turns":3},{"damage":0,"enemies":"2 Fungi Beasts","floor":14,"turns":2},{"damage":0,"enemies":"Slime Boss","floor":16,"turns":1}],"seed_played":"3777388489943545197","potions_obtained":[{"floor":4,"key":"SpeedPotion"},{"floor":14,"key":"Explosive Potion"}],"is_trial":false,"path_per_floor":["M","?","?","M","?","R","M","T","T","$","M","M","?","M","R"],"character_chosen":"IRONCLAD","items_purchased":["Bag of Marbles"],"campfire_rested":0,"item_purchase_floors":[10],"current_hp_per_floor":[79,79,79,79,79,79,80,80,80,80,80,72,56,62,62,62],"gold":118,"neow_bonus":"","is_prod":false,"is_daily":false,"chose_seed":false,"campfire_upgraded":2,"win_rate":0,"timestamp":1538509753,"path_taken":["M","?","?","?","?","R","M","?","T","$","M","M","?","?","R","BOSS"],"build_version":"2018-09-27","purchased_purges":0,"victory":false,"max_hp_per_floor":[80,80,80,80,80,80,80,80,80,80,80,80,80,80,80,80],"card_choices":[{"not_picked":["Thunderclap","Flex"],"picked":"Twin Strike","floor":1},{"not_picked":["Headbutt","Armaments"],"picked":"Cleave","floor":4},{"not_picked":["Headbutt","Havoc"],"picked":"Shrug It Off","floor":7},{"not_picked":["Carnage","True Grit","Evolve"],"picked":"SKIP","floor":11},{"not_picked":["Burning Pact","Iron Wave"],"picked":"Flame Barrier","floor":12},{"not_picked":["Headbutt","Iron Wave"],"picked":"Pommel Strike","floor":14}],"player_experience":213726,"relics_obtained":[],"event_choices":[{"event_name":"Living Wall","player_choice":"Grow","floor":2,"damage_taken":0},{"event_name":"Bonfire Elementals","player_choice":"BASIC","floor":3,"damage_taken":0},{"event_name":"Golden Wing","player_choice":"Ignored","floor":5,"damage_taken":0},{"event_name":"Shining Light","player_choice":"Entered Light","floor":13,"damage_taken":0}],"is_beta":false,"boss_relics":[],"items_purged_floors":[],"is_endless":false,"potions_floor_spawned":[4,14],"killed_by":"Slime Boss","ascension_level":0}