{"gold_per_floor":[209,209,225,225,225,225,256,256,327,327,327,339,373,385,385,483,483,501,517,289,184,215,227,259,271],"floor_reached":25,"playtime":3332,"items_purged":[],"score":222,"play_id":"44834091-35f8-43e9-b8c3-e7578da43f9d","local_time":"20190131124752","is_ascension_mode":true,"campfire_choices":[{"data":"Defend_R","floor":6,"key":"SMITH"},{"floor":8,"key":"REST"},{"floor":10,"key":"REST"},{"data":"Flame Barrier","floor":15,"key":"SMITH"},{"floor":23,"key":"REST"}],"neow_cost":"NONE","seed_source_timestamp":8319487726979,"circlet_count":0,"master_deck":["Strike_R","Strike_R","Strike_R","Strike_R","Strike_R","Defend_R","Defend_R","Defend_R","Defend_R+1","Bash","Uppercut","Flame Barrier+1","Reaper","True Grit","Evolve","Disarm+1","Armaments"],"relics":["Burning Blood","FossilizedHelix","Red Skull","Pantograph","Sundial","White Beast Statue","Omamori","MawBank"],"potions_floor_usage":[13,16,19,22,22,24],"damage_taken":[{"damage":2,"enemies":"2 Louse","floor":1,"turns":3},{"damage":0,"enemies":"Small Slimes","floor":3,"turns":3},{"damage":48,"enemies":"Lagavulin","floor":7,"turns":9},{"damage":0,"enemies":"Cultist","floor":12,"turns":3},{"damage":37,"enemies":"3 Sentries","floor":13,"turns":9},{"damage":1,"enemies":"Red Slaver","floor":14,"turns":4},{"damage":58,"enemies":"Slime Boss","floor":16,"turns":20},{"damage":26,"enemies":"Spheric Guardian","floor":18,"turns":6},{"damage":43,"enemies":"3 Byrds","floor":19,"turns":8},{"damage":9,"enemies":"Snecko","floor":22,"turns":7},{"damage":43,"enemies":"Centurion and Healer","floor":24,"turns":13},{"damage":46,"enemies":"Cultist and Chosen","floor":25,"turns":9}],"seed_played":"-3078036443766291774","potions_obtained":[{"floor":3,"key":"Ancient Potion"},{"floor":12,"key":"Swift Potion"},{"floor":16,"key":"EssenceOfSteel"},{"floor":18,"key":"Dexterity Potion"},{"floor":19,"key":"GamblersBrew"},{"floor":22,"key":"Strength Potion"},{"floor":24,"key":"LiquidBronze"}],"is_trial":false,"path_per_floor":["?","?","M","?"],"character_chosen":"IRONCLAD","items_purchased":["Evolve","Omamori"],"campfire_rested":3,"item_purchase_floors":[20,20],"current_hp_per_floor":[80,80,80,73,73,73,31,55,55,79,71,77,46,51,51,24,80,60,29,29,29,26,50,31,0],"gold":271,"neow_bonus":"HUNDRED_GOLD","is_prod":false,"is_daily":false,"chose_seed":false,"campfire_upgraded":2,"win_rate":0,"timestamp":1548956872,"path_taken":["M","$","M","?","$","R","E","R","T","R","?","M","E","?","R","BOSS","M","M","$","?","M","R","M","M"],"build_version":"2019-01-23","purchased_purges":0,"victory":false,"max_hp_per_floor":[80,80,80,80,80,80,80,80,80,80,80,80,80,80,80,80,80,80,80,80,80,80,80,80,80],"card_choices":[{"not_picked":["Iron Wave","Body Slam","Havoc"],"picked":"SKIP","floor":1},{"not_picked":["Twin Strike","Cleave","Body Slam"],"picked":"SKIP","floor":3},{"not_picked":["Dropkick","Reckless Charge"],"picked":"Uppercut","floor":7},{"not_picked":["Wild Strike","Sever Soul","Iron Wave"],"picked":"SKIP","floor":12},{"not_picked":["Second Wind","Thunderclap"],"picked":"Flame Barrier","floor":13},{"not_picked":["Burning Pact","Clash","Twin Strike"],"picked":"SKIP","floor":14},{"not_picked":["Double Tap","Juggernaut"],"picked":"Reaper","floor":16},{"not_picked":["Thunderclap","Perfected Strike","Flex"],"picked":"SKIP","floor":18},{"not_picked":["Bloodletting","Sword Boomerang"],"picked":"True Grit","floor":19},{"not_picked":["Warcry+1","Shockwave"],"picked":"Disarm+1","floor":22},{"not_picked":["Havoc","True Grit"],"picked":"Armaments","floor":24}],"player_experience":17894,"relics_obtained":[{"floor":7,"key":"Red Skull"},{"floor":9,"key":"Pantograph"},{"floor":13,"key":"Sundial"}],"event_choices":[{"damage_healed":0,"gold_gain":0,"player_choice":"Success","damage_taken":7,"relics_obtained":["FossilizedHelix"],"max_hp_gain":0,"max_hp_loss":0,"event_name":"Scrap Ooze","floor":4,"gold_loss":0},{"damage_healed":0,"gold_gain":0,"player_choice":"Damaged","damage_taken":8,"max_hp_gain":0,"max_hp_loss":0,"event_name":"Wheel of Change","floor":11,"gold_loss":0},{"damage_healed":0,"gold_gain":0,"player_choice":"Paid Gold","damage_taken":0,"relics_obtained":["MawBank"],"max_hp_gain":0,"max_hp_loss":0,"event_name":"WeMeetAgain","floor":21,"gold_loss":105}],"is_beta":false,"boss_relics":[{"not_picked":["Orrery","Runic Cube"],"picked":"White Beast Statue"}],"items_purged_floors":[],"is_endless":false,"potions_floor_spawned":[3,12,16,18,19,22,24],"killed_by":"Cultist and Chosen","ascension_level":1}