{"gold_per_floor":[219,219,219,294,294,294,311,326,349,349,360,370,370,388,388,492,492,457,457,302,335,351,351,351,351,351,351,362,373,388,388,388,388],"floor_reached":33,"playtime":969,"items_purged":[],"score":237,"play_id":"523aa5a7-fd66-403c-9233-a8e8b7d96173","local_time":"20190321145046","is_ascension_mode":false,"campfire_choices":[{"floor":6.0,"key":"REST"},{"data":"Cleave","floor":10.0,"key":"SMITH"},{"data":"Shrug It Off","floor":13.0,"key":"SMITH"},{"data":"Impervious","floor":15.0,"key":"SMITH"},{"floor":23.0,"key":"REST"},{"floor":25.0,"key":"REST"},{"floor":32.0,"key":"REST"}],"neow_cost":"NONE","seed_source_timestamp":137145046080776,"circlet_count":0,"master_deck":["Strike_R","Strike_R","Strike_R","Strike_R","Strike_R","Defend_R+1","Defend_R+1","Defend_R","Defend_R","Bash","Shrug It Off+1","Anger","Cleave+1","Pommel Strike","Impervious+1","Limit Break","Flex","RitualDagger","Twin Strike","Perfected Strike+1","Pommel Strike","Seeing Red+1","Pommel Strike","Cleave"],"special_seed":0,"relics":["Burning Blood"],"potions_floor_usage":[33,33],"damage_taken":[{"damage":8.0,"enemies":"Small Slimes","floor":1.0,"turns":4.0},{"damage":0.0,"enemies":"2 Louse","floor":7.0,"turns":3.0},{"damage":11.0,"enemies":"Jaw Worm","floor":8.0,"turns":2.0},{"damage":1.0,"enemies":"Gremlin Gang","floor":11.0,"turns":5.0},{"damage":4.0,"enemies":"Blue Slaver","floor":12.0,"turns":2.0},{"damage":2.0,"enemies":"Looter","floor":14.0,"turns":2.0},{"damage":52.0,"enemies":"Slime Boss","floor":16.0,"turns":13.0},{"damage":15.0,"enemies":"2 Thieves","floor":18.0,"turns":5.0},{"damage":9.0,"enemies":"Masked Bandits","floor":21.0,"turns":3.0},{"damage":35.0,"enemies":"3 Byrds","floor":22.0,"turns":7.0},{"damage":33.0,"enemies":"Shelled Parasite and Fungi","floor":28.0,"turns":6.0},{"damage":7.0,"enemies":"Cultist and Chosen","floor":29.0,"turns":6.0},{"damage":12.0,"enemies":"Snecko","floor":30.0,"turns":7.0},{"damage":66,"enemies":"Collector","floor":33,"turns":7}],"seed_played":"7452454399150689410","potions_obtained":[{"floor":1.0,"key":"Block Potion"},{"floor":7.0,"key":"LiquidBronze"},{"floor":8.0,"key":"FearPotion"},{"floor":12.0,"key":"Block Potion"},{"floor":14.0,"key":"Ancient Potion"},{"floor":21.0,"key":"Ancient Potion"},{"floor":28.0,"key":"Block Potion"},{"floor":30.0,"key":"FearPotion"}],"is_trial":false,"path_per_floor":["M","?","?","?","?","R","M","M","T","R","M","M","R","M","R","B",null,"M","?","$","?","M","R","?","R","T","?","M","M","M","T","R","B"],"character_chosen":"IRONCLAD","items_purchased":["Twin Strike","Fire Potion","Explosive Potion"],"campfire_rested":4,"item_purchase_floors":[20,20,20],"current_hp_per_floor":[78,78,62,51,51,75,80,75,75,75,80,80,80,80,80,34,80,71,65,65,62,33,57,42,67,67,67,40,39,33,33,58,0],"gold":388,"neow_bonus":"HUNDRED_GOLD","is_prod":false,"is_daily":false,"chose_seed":false,"campfire_upgraded":3,"win_rate":0,"timestamp":1553176246,"path_taken":["M","?","?","?","?","R","M","M","T","R","?","M","R","?","R","BOSS","M","?","$","?","M","R","?","R","T","?","?","M","M","?","R","BOSS"],"build_version":"2019-01-23","purchased_purges":0,"victory":false,"max_hp_per_floor":[80,80,80,80,80,80,80,80,80,80,80,80,80,80,80,80,80,80,80,80,80,80,80,85,85,85,85,85,85,85,85,85,85],"card_choices":[{"not_picked":["Power Through","Corruption"],"picked":"Shrug It Off","floor":1.0},{"not_picked":["Battle Trance","Havoc"],"picked":"Anger","floor":7.0},{"not_picked":["Whirlwind","Evolve"],"picked":"Cleave","floor":8.0},{"not_picked":["Anger","Thunderclap"],"picked":"Pommel Strike","floor":11.0},{"not_picked":["Evolve","Sword Boomerang"],"picked":"Impervious","floor":12.0},{"not_picked":["Intimidate","Carnage","Clash"],"picked":"SKIP","floor":14.0},{"not_picked":["Juggernaut","Fiend Fire"],"picked":"Limit Break","floor":16.0},{"not_picked":["Bloodletting","True Grit"],"picked":"Flex","floor":18.0},{"not_picked":["Battle Trance","Dropkick"],"picked":"Perfected Strike","floor":21.0},{"not_picked":["Entrench","Clash"],"picked":"Pommel Strike","floor":22.0},{"not_picked":["Reckless Charge","Shrug It Off"],"picked":"Seeing Red+1","floor":28.0},{"not_picked":["Reaper","Combust"],"picked":"Pommel Strike","floor":29.0},{"not_picked":["True Grit+1","Second Wind"],"picked":"Cleave","floor":30.0}],"player_experience":334786,"relics_obtained":[],"event_choices":[{"damage_healed":0.0,"max_hp_gain":0.0,"max_hp_loss":0.0,"gold_gain":0.0,"event_name":"Scrap Ooze","player_choice":"Fled","floor":2.0,"gold_loss":0.0,"damage_taken":0.0},{"damage_healed":0.0,"max_hp_gain":0.0,"max_hp_loss":0.0,"gold_gain":0.0,"event_name":"Shining Light","player_choice":"Entered Light","floor":3.0,"gold_loss":0.0,"damage_taken":16.0,"cards_upgraded":["Defend_R","Defend_R"]},{"damage_healed":0.0,"max_hp_gain":0.0,"max_hp_loss":0.0,"gold_gain":75.0,"event_name":"World of Goop","player_choice":"Gather Gold","floor":4.0,"gold_loss":0.0,"damage_taken":11.0},{"damage_healed":0.0,"max_hp_gain":0.0,"max_hp_loss":0.0,"gold_gain":0.0,"event_name":"Golden Wing","player_choice":"Ignored","floor":5.0,"gold_loss":0.0,"damage_taken":0.0},{"damage_healed":0.0,"max_hp_gain":0.0,"max_hp_loss":0.0,"gold_gain":0.0,"event_name":"Nest","player_choice":"Joined the Cult","floor":19.0,"gold_loss":0.0,"damage_taken":6.0,"cards_obtained":["RitualDagger"]},{"damage_healed":0.0,"max_hp_gain":0.0,"max_hp_loss":0.0,"gold_gain":0.0,"event_name":"Masked Bandits","player_choice":"Fought Bandits","floor":21.0,"gold_loss":0.0,"damage_taken":0.0},{"damage_healed":0.0,"max_hp_gain":5.0,"max_hp_loss":0.0,"gold_gain":0.0,"event_name":"Forgotten Altar","player_choice":"Shed Blood","floor":24.0,"gold_loss":0.0,"damage_taken":20.0},{"damage_healed":0.0,"max_hp_gain":0.0,"max_hp_loss":0.0,"gold_gain":0.0,"event_name":"Accursed Blacksmith","player_choice":"Forge","floor":27.0,"gold_loss":0.0,"damage_taken":0.0,"cards_upgraded":["Perfected Strike"]}],"is_beta":false,"boss_relics":[{"not_picked":["Mark of Pain","Tiny House","Empty Cage"]}],"items_purged_floors":[],"is_endless":false,"potions_floor_spawned":[1,7,8,12,14,21,28,30],"killed_by":"Collector","ascension_level":0}