{"gold_per_floor":[118,293,305,317,329,400,400,411,411,424,443,443,443,393,393,490,490,501,17,33,43,43,56,56,73,73,103,119,119,119,129,129,225,225,245,245,259,259,359,387,387,402,402,402,402,437,437],"floor_reached":47,"playtime":1998,"items_purged":["Strike_R"],"score":624,"play_id":"346d6398-e5a4-4aa2-8607-04b9de76b659","local_time":"20190228132204","is_ascension_mode":true,"campfire_choices":[{"data":"Juggernaut","floor":7,"key":"SMITH"},{"data":"Armaments","floor":12,"key":"SMITH"},{"data":"Shrug It Off","floor":15,"key":"SMITH"},{"data":"Exhume","floor":24,"key":"SMITH"},{"data":"Seeing Red","floor":29,"key":"SMITH"},{"data":"Shrug It Off","floor":32,"key":"SMITH"},{"data":"Iron Wave","floor":41,"key":"SMITH"},{"data":"Body Slam","floor":44,"key":"SMITH"}],"neow_cost":"PERCENT_DAMAGE","seed_source_timestamp":10814925273058,"circlet_count":0,"master_deck":["Strike_R","Strike_R","Defend_R","Defend_R","Defend_R","Defend_R","Bash","Juggernaut+1","Shrug It Off+1","Iron Wave+1","Body Slam+1","Armaments+1","Seeing Red+1","Shrug It Off+1","Exhume+1","Sentinel+1","Second Wind","Body Slam+1","Flame Barrier+1","Armaments+1","True Grit+1","Entrench+1","Shrug It Off+1","Metallicize","Parasite","Bandage Up"],"relics":["Burning Blood","Mercury Hourglass","Juzu Bracelet","PreservedInsect","Empty Cage","Self Forming Clay","Oddly Smooth Stone","Charon\u0027s Ashes","Ornamental Fan","Cursed Key","Prayer Wheel","Orichalcum","Strawberry","Boot"],"potions_floor_usage":[8,10,10,21,25,33,33,39,39,46],"damage_taken":[{"damage":1,"enemies":"Cultist","floor":1,"turns":4},{"damage":5,"enemies":"Jaw Worm","floor":3,"turns":7},{"damage":10,"enemies":"Small Slimes","floor":4,"turns":5},{"damage":2,"enemies":"2 Fungi Beasts","floor":5,"turns":5},{"damage":7,"enemies":"Exordium Thugs","floor":8,"turns":4},{"damage":8,"enemies":"Blue Slaver","floor":10,"turns":2},{"damage":0,"enemies":"3 Louse","floor":11,"turns":2},{"damage":23,"enemies":"Hexaghost","floor":16,"turns":10},{"damage":2,"enemies":"Chosen","floor":18,"turns":4},{"damage":2,"enemies":"Shell Parasite","floor":20,"turns":5},{"damage":1,"enemies":"Snake Plant","floor":21,"turns":3},{"damage":23,"enemies":"Centurion and Healer","floor":23,"turns":6},{"damage":17,"enemies":"Shelled Parasite and Fungi","floor":25,"turns":4},{"damage":12,"enemies":"Book of Stabbing","floor":27,"turns":5},{"damage":3,"enemies":"Snake Plant","floor":28,"turns":4},{"damage":1,"enemies":"Snecko","floor":31,"turns":4},{"damage":51,"enemies":"Collector","floor":33,"turns":9},{"damage":8,"enemies":"Orb Walker","floor":35,"turns":5},{"damage":17,"enemies":"3 Darklings","floor":37,"turns":5},{"damage":22,"enemies":"Mind Bloom Boss Battle","floor":39,"turns":5},{"damage":3,"enemies":"Nemesis","floor":40,"turns":5},{"damage":22,"enemies":"Spire Growth","floor":42,"turns":5},{"damage":70,"enemies":"Giant Head","floor":46,"turns":9},{"damage":31,"enemies":"Jaw Worm Horde","floor":47,"turns":1}],"seed_played":"7241356421842017332","potions_obtained":[{"floor":3,"key":"EntropicBrew"},{"floor":5,"key":"Energy Potion"},{"floor":11,"key":"Swift Potion"},{"floor":21,"key":"Poison Potion"},{"floor":23,"key":"Regen Potion"},{"floor":28,"key":"Poison Potion"},{"floor":33,"key":"EssenceOfSteel"},{"floor":35,"key":"BloodPotion"},{"floor":39,"key":"SteroidPotion"},{"floor":42,"key":"Energy Potion"}],"is_trial":false,"path_per_floor":["M","?","M","M","M","T","R","M","T","M","M","R","?","?","R","B",null,"M","$","M","M","?","M","R","M","T","E","M","R","?","M","R","B",null,"M","?","M","?","?","E","R","M","T","R","?","E","M"],"character_chosen":"IRONCLAD","items_purchased":["Self Forming Clay","Oddly Smooth Stone"],"campfire_rested":0,"item_purchase_floors":[19,19],"current_hp_per_floor":[61,61,62,58,62,62,62,61,61,59,65,65,47,47,47,30,80,80,80,80,80,80,63,63,64,64,58,61,61,61,66,66,21,80,78,78,67,90,74,77,77,61,68,68,68,21,0],"gold":437,"neow_bonus":"THREE_RARE_CARDS","is_prod":false,"is_daily":false,"chose_seed":false,"campfire_upgraded":8,"win_rate":0,"timestamp":1551331324,"path_taken":["M","?","M","M","M","?","R","M","T","M","M","R","?","?","R","BOSS","M","$","M","M","?","M","R","M","T","E","M","R","?","M","R","BOSS","M","?","M","?","?","E","R","M","T","R","?","E","M"],"build_version":"2019-01-23","purchased_purges":1,"victory":false,"max_hp_per_floor":[80,80,80,80,80,80,80,80,80,80,80,80,80,80,80,80,80,80,80,80,80,80,80,80,80,80,80,80,80,80,80,80,80,80,80,80,80,90,90,90,90,90,97,97,97,97,97],"card_choices":[{"not_picked":["Fiend Fire","Demon Form"],"picked":"Juggernaut","floor":0},{"not_picked":["Cleave","Body Slam"],"picked":"Shrug It Off","floor":1},{"not_picked":["Cleave","Clothesline","Infernal Blade"],"picked":"SKIP","floor":3},{"not_picked":["Carnage","Body Slam"],"picked":"Iron Wave","floor":4},{"not_picked":["Flex","Clash"],"picked":"Body Slam","floor":5},{"not_picked":["Cleave","Rupture"],"picked":"Armaments","floor":8},{"not_picked":["Clash","Corruption"],"picked":"Seeing Red","floor":10},{"not_picked":["Body Slam","Uppercut"],"picked":"Shrug It Off","floor":11},{"not_picked":["Offering","Fiend Fire"],"picked":"Exhume","floor":16},{"not_picked":["Clash","Flex"],"picked":"Sentinel+1","floor":18},{"not_picked":["Warcry","Anger"],"picked":"Second Wind","floor":20},{"not_picked":["Bloodletting+1","Uppercut"],"picked":"Body Slam+1","floor":21},{"not_picked":["Cleave+1","Anger+1","Clash"],"picked":"SKIP","floor":23},{"not_picked":["Second Wind","Body Slam","Spot Weakness"],"picked":"SKIP","floor":25},{"not_picked":["Flex","Immolate"],"picked":"Flame Barrier+1","floor":27},{"not_picked":["Warcry","Rage+1"],"picked":"Armaments+1","floor":28},{"not_picked":["Cleave","Heavy Blade","Dropkick"],"picked":"SKIP","floor":31},{"not_picked":["Reaper","Brutality"],"picked":"Demon Form","floor":33},{"not_picked":["Perfected Strike","Anger+1"],"picked":"True Grit+1","floor":35},{"not_picked":["Sword Boomerang+1","Dual Wield"],"picked":"Entrench+1","floor":37},{"not_picked":["Armaments","Brutality"],"picked":"Shrug It Off+1","floor":39},{"not_picked":["Burning Pact+1","Flex"],"picked":"Metallicize","floor":40},{"not_picked":["Heavy Blade","Pommel Strike","Clash+1"],"picked":"SKIP","floor":42},{"not_picked":["Twin Strike+1","Armaments","Wild Strike"],"picked":"SKIP","floor":42},{"not_picked":["Madness","Blind"],"picked":"Bandage Up","floor":45},{"not_picked":["Combust+1","Clash","Pommel Strike"],"picked":"SKIP","floor":46}],"player_experience":215124,"relics_obtained":[{"floor":6,"key":"Mercury Hourglass"},{"floor":9,"key":"Juzu Bracelet"},{"floor":26,"key":"Charon\u0027s Ashes"},{"floor":27,"key":"Ornamental Fan"},{"floor":39,"key":"Prayer Wheel"},{"floor":40,"key":"Orichalcum"},{"floor":43,"key":"Strawberry"},{"floor":46,"key":"Boot"}],"event_choices":[{"damage_healed":0,"gold_gain":175,"player_choice":"AGREE","damage_taken":0,"max_hp_gain":0,"max_hp_loss":0,"event_name":"Liars Game","floor":2,"gold_loss":0,"cards_obtained":["Doubt"]},{"damage_healed":0,"gold_gain":0,"player_choice":"Success","damage_taken":18,"relics_obtained":["PreservedInsect"],"max_hp_gain":0,"max_hp_loss":0,"event_name":"Scrap Ooze","floor":13,"gold_loss":0},{"cards_removed":["Doubt"],"damage_healed":0,"gold_gain":0,"player_choice":"Card Removal","damage_taken":0,"max_hp_gain":0,"max_hp_loss":0,"event_name":"The Cleric","floor":14,"gold_loss":50},{"damage_healed":0,"gold_gain":0,"player_choice":"Ignored","damage_taken":0,"max_hp_gain":0,"max_hp_loss":0,"event_name":"Ghosts","floor":22,"gold_loss":0},{"damage_healed":0,"gold_gain":0,"player_choice":"Bought 0 Potions","damage_taken":0,"max_hp_gain":0,"max_hp_loss":0,"event_name":"The Woman in Blue","floor":30,"gold_loss":0},{"damage_healed":0,"gold_gain":0,"player_choice":"Ignored","damage_taken":0,"max_hp_gain":0,"max_hp_loss":0,"event_name":"Mysterious Sphere","floor":36,"gold_loss":0},{"cards_removed":["Demon Form"],"damage_healed":13,"gold_gain":0,"player_choice":"Offered Rare","damage_taken":0,"max_hp_gain":10,"max_hp_loss":0,"event_name":"Bonfire Elementals","floor":38,"gold_loss":0},{"damage_healed":0,"gold_gain":0,"player_choice":"Fight","damage_taken":0,"max_hp_gain":0,"max_hp_loss":0,"event_name":"MindBloom","floor":39,"gold_loss":0},{"damage_healed":0,"gold_gain":0,"player_choice":"Memory 1","damage_taken":0,"max_hp_gain":0,"max_hp_loss":0,"event_name":"SensoryStone","floor":45,"gold_loss":0}],"is_beta":false,"boss_relics":[{"not_picked":["Busted Crown","Lizard Tail"],"picked":"Empty Cage"},{"not_picked":["Philosopher\u0027s Stone","Eternal Feather"],"picked":"Cursed Key"}],"items_purged_floors":[19],"is_endless":false,"potions_floor_spawned":[3,5,11,16,20,21,23,28,33,35,39,42],"killed_by":"Jaw Worm Horde","ascension_level":4}