{"gold_per_floor":[109,34,47,61,61,72,87,99,99,99,87,87,87,98,98,98],"floor_reached":16,"playtime":578,"items_purged":["Strike_G"],"score":96,"play_id":"f6df9a42-514e-46f0-a4c1-09326b2b3532","local_time":"20190322121754","is_ascension_mode":false,"campfire_choices":[{"data":"Catalyst","floor":13.0,"key":"SMITH"},{"data":"Crippling Poison","floor":15.0,"key":"SMITH"}],"neow_cost":"NONE","seed_source_timestamp":9353413694657,"circlet_count":0,"master_deck":["Defend_G","Defend_G","Defend_G","Defend_G","Defend_G","Strike_G","Strike_G","Strike_G","Strike_G","Survivor","Neutralize","Malaise","Bouncing Flask+1","Blur","Crippling Poison+1","PiercingWail","Catalyst+1","PiercingWail","Calculated Gamble"],"special_seed":0,"relics":["Ring of the Snake"],"potions_floor_usage":[16],"damage_taken":[{"damage":0.0,"enemies":"2 Louse","floor":1.0,"turns":3.0},{"damage":0.0,"enemies":"Cultist","floor":3.0,"turns":5.0},{"damage":0.0,"enemies":"Jaw Worm","floor":4.0,"turns":8.0},{"damage":0.0,"enemies":"Large Slime","floor":6.0,"turns":7.0},{"damage":13.0,"enemies":"Gremlin Gang","floor":7.0,"turns":5.0},{"damage":10.0,"enemies":"Lots of Slimes","floor":8.0,"turns":4.0},{"damage":5.0,"enemies":"Exordium Thugs","floor":11.0,"turns":5.0},{"damage":5.0,"enemies":"Blue Slaver","floor":14.0,"turns":10.0},{"damage":25,"enemies":"Slime Boss","floor":16,"turns":7}],"seed_played":"-9074904376015365198","potions_obtained":[{"floor":6.0,"key":"Ancient Potion"},{"floor":8.0,"key":"AttackPotion"}],"is_trial":false,"path_per_floor":["M","$","M","M","?","M","M","M","T","$","M","$","R","M","R","B"],"character_chosen":"THE_SILENT","items_purchased":[],"campfire_rested":0,"item_purchase_floors":[],"current_hp_per_floor":[70,70,70,70,70,70,57,47,47,47,42,42,42,37,37,12],"gold":98,"neow_bonus":"ONE_RANDOM_RARE_CARD","is_prod":false,"is_daily":false,"chose_seed":false,"campfire_upgraded":2,"win_rate":0,"timestamp":1553224674,"path_taken":["M","$","M","M","?","M","M","?","T","$","M","?","R","M","R","BOSS"],"build_version":"2019-01-23","purchased_purges":1,"victory":false,"max_hp_per_floor":[70,70,70,70,70,70,70,70,70,70,70,70,70,70,70,70],"card_choices":[{"not_picked":["Quick Slash","Bane"],"picked":"Bouncing Flask","floor":1.0},{"not_picked":["Bane","Quick Slash"],"picked":"Blur","floor":3.0},{"not_picked":["Endless Agony","Acrobatics","Dagger Throw"],"picked":"SKIP","floor":4.0},{"not_picked":["Acrobatics","Dodge and Roll"],"picked":"Crippling Poison","floor":6.0},{"not_picked":["Well Laid Plans","Acrobatics"],"picked":"PiercingWail","floor":7.0},{"not_picked":["Prepared","Caltrops"],"picked":"Catalyst","floor":8.0},{"not_picked":["Poisoned Stab","Dash"],"picked":"PiercingWail","floor":11.0},{"not_picked":["Phantasmal Killer","Cloak And Dagger"],"picked":"Calculated Gamble","floor":14.0}],"player_experience":374275,"relics_obtained":[],"event_choices":[{"damage_healed":0.0,"max_hp_gain":0.0,"max_hp_loss":0.0,"gold_gain":0.0,"event_name":"Accursed Blacksmith","player_choice":"Forge","floor":5.0,"gold_loss":0.0,"damage_taken":0.0,"cards_upgraded":["Bouncing Flask"]}],"is_beta":false,"boss_relics":[],"items_purged_floors":[2],"is_endless":false,"potions_floor_spawned":[6,8],"killed_by":"Slime Boss","ascension_level":0}