{"gold_per_floor":[0,100,120,137,149,180,180,212,212,227,227,227,241,241,241,364,364,377,398,41,66,66,66],"floor_reached":23,"playtime":3227,"items_purged":["Defend_R"],"score":203,"play_id":"486e8bb1-c9f6-4d33-a462-8b80b5210182","local_time":"20181121191752","is_ascension_mode":false,"campfire_choices":[{"data":"Iron Wave","floor":7.0,"key":"SMITH"},{"floor":11.0,"key":"REST"},{"data":"Rage","floor":15.0,"key":"SMITH"}],"neow_cost":"NO_GOLD","seed_source_timestamp":0,"circlet_count":0,"master_deck":["Strike_R","Strike_R","Strike_R","Defend_R","Defend_R+1","Bash","Rampage","Rage+1","True Grit","Anger","Iron Wave+1","Ghostly Armor+1","Uppercut","Armaments","Double Tap","Demon Form+1","Power Through+1","Rage+1","Cleave","Twin Strike","PanicButton","Combust","Iron Wave","Rage+1"],"special_seed":0,"relics":["Burning Blood","Mango","Oddly Smooth Stone","Centennial Puzzle","War Paint","Golden Idol","Astrolabe"],"potions_floor_usage":[23,23],"damage_taken":[{"damage":6.0,"enemies":"Jaw Worm","floor":1.0,"turns":5.0},{"damage":1.0,"enemies":"Cultist","floor":3.0,"turns":3.0},{"damage":2.0,"enemies":"2 Louse","floor":4.0,"turns":4.0},{"damage":7.0,"enemies":"2 Fungi Beasts","floor":5.0,"turns":5.0},{"damage":23.0,"enemies":"3 Sentries","floor":6.0,"turns":11.0},{"damage":22.0,"enemies":"Gremlin Nob","floor":8.0,"turns":5.0},{"damage":0.0,"enemies":"Looter","floor":10.0,"turns":4.0},{"damage":6.0,"enemies":"Exordium Wildlife","floor":13.0,"turns":6.0},{"damage":67.0,"enemies":"Hexaghost","floor":16.0,"turns":16.0},{"damage":38.0,"enemies":"3 Byrds","floor":18.0,"turns":11.0},{"damage":6,"enemies":"Spheric Guardian","floor":19,"turns":5},{"damage":20,"enemies":"Snecko","floor":21,"turns":7},{"damage":49,"enemies":"Book of Stabbing","floor":23,"turns":8}],"seed_played":"-2620427726113128129","potions_obtained":[{"floor":3.0,"key":"SpeedPotion"},{"floor":4.0,"key":"EssenceOfSteel"},{"floor":5.0,"key":"SteroidPotion"},{"floor":8.0,"key":"BloodPotion"},{"floor":18,"key":"Energy Potion"},{"floor":19,"key":"PowerPotion"}],"is_trial":false,"path_per_floor":["M","?","M","M","M","E","R","E","T","M","R","?","M","?","R","B",null,"M","M","M","$","M","$","E"],"character_chosen":"IRONCLAD","items_purchased":["PanicButton","Combust","BloodPotion","Iron Wave"],"campfire_rested":1,"item_purchase_floors":[20,20,20,20],"current_hp_per_floor":[94,94,94,94,93,76,76,60,60,66,94,94,94,87,87,34,87,55,55,55,41,41,0],"gold":66,"neow_bonus":"ONE_RARE_RELIC","is_prod":false,"is_daily":false,"chose_seed":false,"campfire_upgraded":2,"win_rate":0.0,"timestamp":1542795472,"path_taken":["M","?","M","M","M","E","R","E","T","?","R","?","M","?","R","BOSS","M","M","$","M","$","E"],"build_version":"2018-11-15","purchased_purges":1,"victory":false,"max_hp_per_floor":[94,94,94,94,94,94,94,94,94,94,94,94,94,87,87,87,87,87,87,87,87,87,87],"card_choices":[{"not_picked":["Twin Strike","Clash"],"picked":"Rampage","floor":1.0},{"not_picked":["Clash","Thunderclap"],"picked":"Rage","floor":3.0},{"not_picked":["Clash","Thunderclap"],"picked":"True Grit","floor":4.0},{"not_picked":["Clash","Twin Strike"],"picked":"Anger","floor":5.0},{"not_picked":["Feel No Pain","Bludgeon"],"picked":"Iron Wave","floor":6.0},{"not_picked":["Corruption","Sword Boomerang"],"picked":"Ghostly Armor","floor":8.0},{"not_picked":["Clothesline","Twin Strike"],"picked":"Uppercut","floor":10.0},{"not_picked":["Pommel Strike","Seeing Red"],"picked":"Armaments","floor":13.0},{"not_picked":["Brutality","Impervious"],"picked":"Double Tap","floor":16.0},{"not_picked":["Rage","Pommel Strike"],"picked":"Cleave","floor":18},{"not_picked":["Second Wind","Sword Boomerang"],"picked":"Twin Strike","floor":19},{"not_picked":["Twin Strike","Warcry"],"picked":"Rage+1","floor":21}],"player_experience":4631,"relics_obtained":[{"floor":6.0,"key":"Oddly Smooth Stone"},{"floor":8.0,"key":"Centennial Puzzle"},{"floor":9.0,"key":"War Paint"}],"event_choices":[{"damage_healed":0.0,"max_hp_gain":0.0,"max_hp_loss":0.0,"gold_gain":100.0,"event_name":"Golden Shrine","player_choice":"Pray","floor":2.0,"gold_loss":0.0,"damage_taken":0.0},{"damage_healed":0.0,"max_hp_gain":0.0,"max_hp_loss":0.0,"gold_gain":0.0,"event_name":"Liars Game","player_choice":"Ignored","floor":12.0,"gold_loss":0.0,"damage_taken":0.0},{"damage_healed":0.0,"max_hp_gain":0.0,"max_hp_loss":7.0,"gold_gain":0.0,"event_name":"Golden Idol","player_choice":"Lose Max HP","floor":14.0,"gold_loss":0.0,"damage_taken":0.0,"relics_obtained":["Golden Idol"]}],"is_beta":false,"boss_relics":[{"not_picked":["Philosopher\u0027s Stone","Ectoplasm"],"picked":"Astrolabe"}],"items_purged_floors":[20],"is_endless":false,"potions_floor_spawned":[3,4,5,8,18,19],"killed_by":"Book of Stabbing","ascension_level":0}