{"gold_per_floor":[118,6,21,21,21,21,50,50,50,82,82,93,268,268],"floor_reached":14,"playtime":548,"items_purged":[],"score":139,"play_id":"db805507-3a54-4baa-8f89-386dff659b61","local_time":"20190225192313","is_ascension_mode":true,"campfire_choices":[{"data":"Backflip","floor":6,"key":"SMITH"},{"data":"Defend_G","floor":8,"key":"SMITH"},{"floor":11,"key":"REST"}],"neow_cost":"NONE","seed_source_timestamp":23855586642732,"circlet_count":0,"master_deck":["Defend_G","Defend_G","Defend_G+1","Defend_G","Defend_G","Strike_G","Strike_G","Strike_G","Strike_G","Strike_G","Survivor","Neutralize","Backflip+1","Calculated Gamble","Accuracy","Deflect","Escape Plan","Storm of Steel","Escape Plan","Doubt"],"relics":["Ring of the Snake","NeowsBlessing","Smiling Mask","Sundial","Frozen Egg 2"],"potions_floor_usage":[10,14],"damage_taken":[{"damage":0,"enemies":"Small Slimes","floor":1,"turns":1},{"damage":0,"enemies":"Jaw Worm","floor":3,"turns":1},{"damage":0,"enemies":"Gremlin Nob","floor":7,"turns":1},{"damage":68,"enemies":"Lagavulin","floor":10,"turns":18},{"damage":0,"enemies":"Cultist","floor":12,"turns":3},{"damage":23,"enemies":"Lots of Slimes","floor":14,"turns":3}],"seed_played":"5928323357915767192","potions_obtained":[{"floor":1,"key":"Ancient Potion"},{"floor":3,"key":"Dexterity Potion"}],"is_trial":false,"path_per_floor":["M","$","M","?","$","R","E","R","T","E","R","M","?","M"],"character_chosen":"THE_SILENT","items_purchased":["Calculated Gamble","Accuracy"],"campfire_rested":1,"item_purchase_floors":[2,2],"current_hp_per_floor":[70,70,70,70,70,70,70,70,70,2,23,23,23,0],"gold":268,"neow_bonus":"THREE_ENEMY_KILL","is_prod":false,"is_daily":false,"chose_seed":false,"campfire_upgraded":2,"win_rate":0,"timestamp":1551093793,"path_taken":["M","$","M","?","$","R","E","R","T","E","R","M","?","M"],"build_version":"2019-01-23","purchased_purges":0,"victory":false,"max_hp_per_floor":[70,70,70,70,70,70,70,70,70,70,70,70,70,70],"card_choices":[{"not_picked":["Masterful Stab","Blade Dance"],"picked":"Backflip","floor":1},{"not_picked":["Acrobatics","Choke"],"picked":"Deflect","floor":3},{"not_picked":["Flechettes","Flying Knee"],"picked":"Escape Plan","floor":7},{"not_picked":["Dagger Throw","Dagger Spray"],"picked":"Storm of Steel","floor":10},{"not_picked":["Tactician","PiercingWail"],"picked":"Escape Plan","floor":12}],"player_experience":187005,"relics_obtained":[{"floor":7,"key":"Smiling Mask"},{"floor":9,"key":"Sundial"},{"floor":10,"key":"Frozen Egg 2"}],"event_choices":[{"damage_healed":0,"gold_gain":0,"player_choice":"Leave","damage_taken":0,"max_hp_gain":0,"max_hp_loss":0,"event_name":"The Cleric","floor":4,"gold_loss":0},{"damage_healed":0,"gold_gain":175,"player_choice":"AGREE","damage_taken":0,"max_hp_gain":0,"max_hp_loss":0,"event_name":"Liars Game","floor":13,"gold_loss":0,"cards_obtained":["Doubt"]}],"is_beta":false,"boss_relics":[],"items_purged_floors":[],"is_endless":false,"potions_floor_spawned":[1,3],"killed_by":"Lots of Slimes","ascension_level":3}