{"gold_per_floor":[114,79,79,94,109,139,139,139,139,139,154,169,169,184,184,284,284,299,149,164,164,164,164,194,194,194,194,209,59,59,89,89,89],"floor_reached":33,"playtime":2563,"items_purged":[],"score":333,"play_id":"0aadf0fd-e2a1-44d7-870a-3f3f77746910","local_time":"20180930220930","daily_mods":["Draft","Flight","Lethality"],"is_ascension_mode":false,"campfire_choices":[{"floor":7,"key":"REST"},{"floor":8,"key":"REST"},{"floor":13,"key":"REST"},{"data":"Fusion","floor":15,"key":"SMITH"},{"floor":23,"key":"REST"},{"floor":25,"key":"REST"},{"floor":27,"key":"REST"},{"floor":30,"key":"REST"},{"floor":32,"key":"REST"}],"neow_cost":"","seed_source_timestamp":0,"circlet_count":0,"master_deck":["Redo+1","Conserve Battery","Chaos","Compile Driver","Genetic Algorithm","Static Discharge","Darkness","Barrage","Lockon","Coolheaded","Go for the Eyes","Conserve Battery","Fusion+1","Cold Snap","Redo+1","Static Discharge","Redo","Rebound","Darkness+1","Streamline","Sweeping Beam","Aggregate","Thunder Strike","Redo","Leap+1","Leap","Leap+1","Leap"],"special_seed":17804,"relics":["Cracked Core","Shuriken","Cables","Orichalcum","Black Star","War Paint","Ice Cream","Bird Faced Urn","Potion Belt","PreservedInsect","Vajra","Art of War"],"potions_floor_usage":[12,16,18,20,33,33],"damage_taken":[{"damage":17,"enemies":"2 Louse","floor":1,"turns":2},{"damage":14,"enemies":"Small Slimes","floor":4,"turns":2},{"damage":14,"enemies":"Jaw Worm","floor":5,"turns":2},{"damage":18,"enemies":"3 Sentries","floor":6,"turns":7},{"damage":5,"enemies":"Looter","floor":11,"turns":2},{"damage":20,"enemies":"3 Louse","floor":12,"turns":3},{"damage":4,"enemies":"Exordium Wildlife","floor":14,"turns":3},{"damage":58,"enemies":"Hexaghost","floor":16,"turns":6},{"damage":53,"enemies":"3 Byrds","floor":18,"turns":4},{"damage":24,"enemies":"2 Thieves","floor":20,"turns":3},{"damage":46,"enemies":"Gremlin Leader","floor":24,"turns":5},{"damage":28,"enemies":"Snake Plant","floor":28,"turns":3},{"damage":25,"enemies":"Book of Stabbing","floor":31,"turns":3},{"damage":96,"enemies":"Automaton","floor":33,"turns":6}],"seed_played":"3855407655360463062","potions_obtained":[{"floor":5,"key":"FearPotion"},{"floor":11,"key":"Fruit Juice"},{"floor":12,"key":"EssenceOfSteel"},{"floor":16,"key":"Fire Potion"},{"floor":18,"key":"Regen Potion"},{"floor":28,"key":"Swift Potion"}],"is_trial":false,"path_per_floor":["M","?","?","M","M","E","R","R","T","?","M","M","R","M","R","B",null,"M","$","M","?","?","R","E","R","T","R","M","$","R","E","R"],"character_chosen":"DEFECT","items_purchased":["War Paint","PreservedInsect"],"campfire_rested":8,"item_purchase_floors":[19,29],"current_hp_per_floor":[58,75,75,61,47,29,51,73,73,70,65,50,74,70,70,12,80,27,27,12,12,38,62,16,40,40,64,36,36,60,37,61,0],"gold":89,"neow_bonus":"","is_prod":false,"is_daily":true,"chose_seed":false,"campfire_upgraded":1,"win_rate":0.0,"timestamp":1538338170,"path_taken":["M","?","?","M","M","E","R","R","T","?","?","M","R","M","R","BOSS","M","$","?","?","?","R","E","R","T","R","M","$","R","E","R","BOSS"],"build_version":"2018-09-27","purchased_purges":0,"victory":false,"max_hp_per_floor":[75,75,75,75,75,75,75,75,75,75,75,80,80,80,80,80,80,80,80,80,80,80,80,80,80,80,80,80,80,80,80,80,80],"card_choices":[{"not_picked":["Beam Cell","Static Discharge"],"picked":"Redo","floor":0},{"not_picked":["Turbo","Redo"],"picked":"Conserve Battery","floor":0},{"not_picked":["Compile Driver","Turbo"],"picked":"Chaos","floor":0},{"not_picked":["Ball Lightning","FTL"],"picked":"Compile Driver","floor":0},{"not_picked":["Streamline","Sweeping Beam"],"picked":"Genetic Algorithm","floor":0},{"not_picked":["Steam Power","Lockon"],"picked":"Static Discharge","floor":0},{"not_picked":["Steam","Coolheaded"],"picked":"Darkness","floor":0},{"not_picked":["Sweeping Beam","Turbo"],"picked":"Barrage","floor":0},{"not_picked":["Turbo","Stack"],"picked":"Lockon","floor":0},{"not_picked":["Ball Lightning","Darkness"],"picked":"Coolheaded","floor":0},{"not_picked":["FTL","Recycle"],"picked":"Go for the Eyes","floor":0},{"not_picked":["Gash","Beam Cell"],"picked":"Conserve Battery","floor":0},{"not_picked":["Chaos","Rebound"],"picked":"Fusion","floor":0},{"not_picked":["Gash","Beam Cell"],"picked":"Cold Snap","floor":0},{"not_picked":["Leap","Sweeping Beam"],"picked":"Redo","floor":0},{"not_picked":["Rebound","Coolheaded"],"picked":"Static Discharge","floor":1},{"not_picked":["Reinforced Body","Turbo"],"picked":"Redo","floor":4},{"not_picked":["FTL","Capacitor"],"picked":"Rebound","floor":5},{"not_picked":["Defragment","Hologram"],"picked":"Darkness","floor":6},{"not_picked":["Loop","Stack"],"picked":"Streamline","floor":11},{"not_picked":["Go for the Eyes","Hologram"],"picked":"Sweeping Beam","floor":12},{"not_picked":["Redo","Force Field"],"picked":"Aggregate","floor":14},{"not_picked":["Buffer","Amplify"],"picked":"Thunder Strike","floor":16},{"not_picked":["Fusion","Lockon"],"picked":"Redo","floor":18},{"not_picked":["Consume","Compile Driver"],"picked":"Leap+1","floor":20},{"not_picked":["Turbo","Thunder Strike"],"picked":"Leap","floor":24},{"not_picked":["Force Field","Heatsinks"],"picked":"Leap+1","floor":28},{"not_picked":["Conserve Battery","Beam Cell"],"picked":"Leap","floor":31}],"player_experience":190010,"relics_obtained":[{"floor":6,"key":"Shuriken"},{"floor":9,"key":"Cables"},{"floor":24,"key":"Ice Cream"},{"floor":24,"key":"Bird Faced Urn"},{"floor":26,"key":"Potion Belt"},{"floor":31,"key":"Vajra"},{"floor":31,"key":"Art of War"}],"event_choices":[{"event_name":"The Cleric","player_choice":"Healed","floor":2,"damage_taken":0},{"event_name":"Living Wall","player_choice":"Grow","floor":3,"damage_taken":0},{"event_name":"Scrap Ooze","player_choice":"success","floor":10,"damage_taken":3},{"event_name":"Ghosts","player_choice":"Ignored","floor":21,"damage_taken":0},{"event_name":"The Library","player_choice":"Heal","floor":22,"damage_taken":0}],"is_beta":false,"boss_relics":[{"not_picked":["Calling Bell","Lizard Tail"],"picked":"Black Star"}],"items_purged_floors":[],"is_endless":false,"potions_floor_spawned":[5,11,12,16,18,28],"killed_by":"Automaton","ascension_level":0}