{"gold_per_floor":[113,188,198,209,223,223,254,254,279,279,290,301,301,317,317,422,422,434,30,48,60,60,60,74,74,74,74,92,92,111,129,129,224,224,235,235,335,350,350,377,389,401,489,501,513,525,46,62,62,62],"floor_reached":51,"playtime":1156,"items_purged":["Clumsy","Strike_R"],"score":681,"play_id":"e41bfd63-ecef-4d43-85f6-7df7a4728b7a","local_time":"20190316011954","is_ascension_mode":false,"campfire_choices":[{"data":"1","floor":6.0,"key":"LIFT"},{"data":"2","floor":8.0,"key":"LIFT"},{"data":"3","floor":13.0,"key":"LIFT"},{"data":"Trip","floor":15,"key":"SMITH"},{"data":"Apotheosis","floor":23,"key":"SMITH"},{"data":"Limit Break","floor":25,"key":"SMITH"},{"data":"Strike_R","floor":29,"key":"PURGE"},{"data":"Strike_R","floor":32,"key":"PURGE"},{"floor":42,"key":"REST"},{"floor":44,"key":"REST"},{"data":"Strike_R","floor":46,"key":"PURGE"},{"data":"Strike_R","floor":49,"key":"PURGE"}],"neow_cost":"CURSE","seed_source_timestamp":38654395220246,"circlet_count":0,"master_deck":["Defend_R","Defend_R","Defend_R","Defend_R","Bash","Rage","Cleave","Pommel Strike","Dropkick","Trip+1","Bash","True Grit","Limit Break+1","Sword Boomerang","Apotheosis+1","Sword Boomerang","True Grit+1","Thunderclap+1","Whirlwind+1","Madness","Madness","Panache","Uppercut+1","Fire Breathing","Sword Boomerang+1"],"special_seed":0,"relics":["Burning Blood","Girya","Anchor","Pen Nib","Busted Crown","Happy Flower","Kunai","Peace Pipe","Lizard Tail","Turnip","MawBank","Singing Bowl","Pantograph","FossilizedHelix"],"potions_floor_usage":[18,28,28,41,50,50,50],"damage_taken":[{"damage":0.0,"enemies":"Small Slimes","floor":1.0,"turns":4.0},{"damage":5.0,"enemies":"Cultist","floor":3.0,"turns":4.0},{"damage":3.0,"enemies":"2 Louse","floor":4.0,"turns":3.0},{"damage":10.0,"enemies":"Large Slime","floor":5.0,"turns":6.0},{"damage":17.0,"enemies":"3 Sentries","floor":7.0,"turns":5.0},{"damage":0.0,"enemies":"Looter","floor":11.0,"turns":2.0},{"damage":2.0,"enemies":"Blue Slaver","floor":12.0,"turns":3.0},{"damage":4.0,"enemies":"Exordium Thugs","floor":14.0,"turns":3.0},{"damage":27,"enemies":"Slime Boss","floor":16,"turns":7},{"damage":0,"enemies":"Shell Parasite","floor":18,"turns":3},{"damage":0,"enemies":"Spheric Guardian","floor":20,"turns":1},{"damage":6,"enemies":"Centurion and Healer","floor":21,"turns":3},{"damage":0,"enemies":"Chosen and Byrds","floor":24,"turns":3},{"damage":0,"enemies":"Snake Plant","floor":28,"turns":2},{"damage":0,"enemies":"Sentry and Sphere","floor":30,"turns":3},{"damage":2,"enemies":"Centurion and Healer","floor":31,"turns":3},{"damage":35,"enemies":"Champ","floor":33,"turns":7},{"damage":0,"enemies":"3 Darklings","floor":35,"turns":3},{"damage":29,"enemies":"Mind Bloom Boss Battle","floor":37,"turns":6},{"damage":5,"enemies":"Orb Walker","floor":38,"turns":3},{"damage":32,"enemies":"Reptomancer","floor":40,"turns":5},{"damage":0,"enemies":"Maw","floor":41,"turns":4},{"damage":32,"enemies":"Sphere and 2 Shapes","floor":48,"turns":5},{"damage":41,"enemies":"Donu and Deca","floor":50,"turns":6}],"seed_played":"3756122087662331605","potions_obtained":[{"floor":3.0,"key":"Weak Potion"},{"floor":4.0,"key":"SteroidPotion"},{"floor":11.0,"key":"Energy Potion"},{"floor":14.0,"key":"Swift Potion"},{"floor":18,"key":"EssenceOfSteel"},{"floor":24,"key":"Fire Potion"},{"floor":28,"key":"LiquidBronze"},{"floor":31,"key":"Dexterity Potion"},{"floor":37,"key":"SmokeBomb"},{"floor":48,"key":"Strength Potion"}],"is_trial":false,"path_per_floor":["M","?","M","M","M","R","E","R","T","?","M","M","R","M","R","B",null,"M","$","M","M","T","R","M","R","T","?","M","R","M","M","R","B",null,"M","?","?","M","?","E","M","R","T","R","T","R","$","M","R","B",null],"character_chosen":"IRONCLAD","items_purchased":["Apotheosis","Happy Flower","FossilizedHelix","Fire Breathing"],"campfire_rested":2,"item_purchase_floors":[19,19,47,47],"current_hp_per_floor":[80,69,70,73,69,69,58,58,58,58,64,68,68,70,70,49,80,80,80,80,80,80,80,80,80,80,80,80,80,80,80,80,51,80,80,70,47,48,48,22,28,52,52,76,76,76,76,50,50,40],"gold":62,"neow_bonus":"ONE_RARE_RELIC","is_prod":false,"is_daily":false,"chose_seed":false,"campfire_upgraded":3,"win_rate":0,"timestamp":1552670394,"path_taken":["M","?","M","M","M","R","E","R","T","?","M","M","R","M","R","BOSS","M","$","M","M","?","R","M","R","T","?","M","R","M","M","R","BOSS","M","?","?","M","?","E","M","R","T","R","?","R","?","M","R","BOSS"],"build_version":"2019-01-23","purchased_purges":2,"victory":true,"max_hp_per_floor":[80,80,80,80,80,80,80,80,80,80,80,80,80,80,80,80,80,80,80,80,80,80,80,80,80,80,80,80,80,80,80,80,80,80,80,80,80,80,80,80,80,80,80,80,80,80,80,80,80,80],"card_choices":[{"not_picked":["Body Slam","Combust"],"picked":"Rage","floor":1.0},{"not_picked":["True Grit","Reckless Charge"],"picked":"Cleave","floor":3.0},{"not_picked":["Headbutt","Flex"],"picked":"Pommel Strike","floor":4.0},{"not_picked":["Second Wind","Havoc","Rampage"],"picked":"SKIP","floor":5.0},{"not_picked":["Twin Strike","Wild Strike"],"picked":"Dropkick","floor":7.0},{"not_picked":["Sword Boomerang","Pummel","Headbutt"],"picked":"SKIP","floor":11.0},{"not_picked":["Clothesline","Clash","Body Slam"],"picked":"SKIP","floor":12.0},{"not_picked":["Flex","Body Slam"],"picked":"True Grit","floor":14.0},{"not_picked":["Juggernaut","Dark Embrace"],"picked":"Limit Break","floor":16},{"not_picked":[],"picked":"Sword Boomerang","floor":18},{"not_picked":[],"picked":"Sword Boomerang","floor":20},{"not_picked":[],"picked":"True Grit+1","floor":21},{"not_picked":["Entrench"],"picked":"SKIP","floor":24},{"not_picked":[],"picked":"Thunderclap+1","floor":28},{"not_picked":[],"picked":"Whirlwind+1","floor":30},{"not_picked":["Headbutt"],"picked":"SKIP","floor":31},{"not_picked":["Second Wind"],"picked":"SKIP","floor":35},{"not_picked":["Pommel Strike"],"picked":"SKIP","floor":38},{"not_picked":[],"picked":"Panache","floor":39},{"not_picked":[],"picked":"Uppercut+1","floor":40},{"not_picked":[],"picked":"Sword Boomerang+1","floor":48}],"player_experience":320120,"relics_obtained":[{"floor":7.0,"key":"Anchor"},{"floor":9.0,"key":"Pen Nib"},{"floor":22,"key":"Kunai"},{"floor":26,"key":"Peace Pipe"},{"floor":37,"key":"Turnip"},{"floor":40,"key":"MawBank"},{"floor":43,"key":"Singing Bowl"},{"floor":45,"key":"Pantograph"}],"event_choices":[{"damage_healed":0.0,"max_hp_gain":0.0,"max_hp_loss":0.0,"gold_gain":75.0,"event_name":"World of Goop","player_choice":"Gather Gold","floor":2.0,"gold_loss":0.0,"damage_taken":11.0},{"damage_healed":0.0,"max_hp_gain":0.0,"max_hp_loss":0.0,"gold_gain":0.0,"event_name":"Match and Keep!","player_choice":"2 cards matched","floor":10.0,"gold_loss":0.0,"damage_taken":0.0,"cards_obtained":["Trip","Bash"]},{"damage_healed":0,"gold_gain":0,"player_choice":"Ignored","damage_taken":0,"max_hp_gain":0,"max_hp_loss":0,"event_name":"Vampires","floor":27,"gold_loss":0},{"damage_healed":0,"gold_gain":0,"player_choice":"Embrace Madness","damage_taken":10,"max_hp_gain":0,"max_hp_loss":0,"event_name":"Winding Halls","floor":36,"gold_loss":0,"cards_obtained":["Madness","Madness"]},{"damage_healed":0,"gold_gain":0,"player_choice":"Fight","damage_taken":0,"max_hp_gain":0,"max_hp_loss":0,"event_name":"MindBloom","floor":37,"gold_loss":0},{"damage_healed":0,"gold_gain":0,"player_choice":"Memory 1","damage_taken":0,"max_hp_gain":0,"max_hp_loss":0,"event_name":"SensoryStone","floor":39,"gold_loss":0}],"is_beta":false,"boss_relics":[{"not_picked":["Runic Dome","Pandora\u0027s Box"],"picked":"Busted Crown"},{"not_picked":["Orrery","Fusion Hammer"],"picked":"Lizard Tail"}],"items_purged_floors":[19,47],"is_endless":false,"potions_floor_spawned":[3,4,11,14,18,24,28,31,37,40,41,48],"ascension_level":0}