{"gold_per_floor":[112,112,28,38,61,61,95,95,140,150,162,182,182,201,201,304,304,323,323,341,341,202,202,202,236,290,316,328,354,372,403,403,508,508,522,536,548,566,566,592,592,21,21,74,74,74,86,86,86,86],"floor_reached":51,"playtime":4949,"items_purged":["Sever Soul"],"score":735,"play_id":"0c8b6337-bf9c-480c-9d86-4ec3c1cbcb61","local_time":"20181222042524","is_ascension_mode":false,"campfire_choices":[{"data":"Whirlwind","floor":6,"key":"SMITH"},{"floor":8,"key":"REST"},{"data":"Corruption","floor":15,"key":"SMITH"},{"data":"Inflame","floor":23,"key":"SMITH"},{"data":"Offering","floor":32,"key":"SMITH"},{"floor":41,"key":"REST"},{"data":"Pommel Strike","floor":45,"key":"SMITH"},{"floor":49,"key":"REST"}],"neow_cost":"","seed_source_timestamp":39131188595037,"circlet_count":0,"master_deck":["Strike_R","Strike_R","Strike_R","Strike_R","Defend_R","Defend_R","Defend_R","Defend_R","Bash","Flame Barrier","Reaper","Pommel Strike","Iron Wave","Whirlwind+1","Shrug It Off","Shrug It Off","Armaments+1","Corruption+1","Offering+1","Pommel Strike+1","Cleave","Inflame+1","Feed","Cleave+1","Barricade","Perfected Strike","Dual Wield+1","Shrug It Off+1","Clash+1","Metallicize+1","Warcry+1","Madness","Madness"],"relics":["Burning Blood","Bronze Scales","Pen Nib","Potion Belt","Philosopher\u0027s Stone","MutagenicStrength","Sundial","PreservedInsect","Boot","Bag of Marbles","Blood Vial","Mark of Pain","Vajra","Bag of Preparation","Sling","Red Skull","Bottled Flame","Magic Flower","Mummified Hand"],"potions_floor_usage":[33,37],"damage_taken":[{"damage":1,"enemies":"Jaw Worm","floor":1,"turns":5},{"damage":1,"enemies":"Cultist","floor":4,"turns":3},{"damage":39,"enemies":"Lagavulin","floor":7,"turns":8},{"damage":1,"enemies":"2 Louse","floor":10,"turns":2},{"damage":1,"enemies":"Red Slaver","floor":11,"turns":4},{"damage":16,"enemies":"Exordium Wildlife","floor":12,"turns":4},{"damage":0,"enemies":"3 Louse","floor":14,"turns":3},{"damage":53,"enemies":"The Guardian","floor":16,"turns":14},{"damage":7,"enemies":"Chosen","floor":18,"turns":6},{"damage":7,"enemies":"Spheric Guardian","floor":20,"turns":6},{"damage":27,"enemies":"Gremlin Leader","floor":25,"turns":2},{"damage":7,"enemies":"Snecko","floor":28,"turns":3},{"damage":6,"enemies":"Slavers","floor":29,"turns":1},{"damage":12,"enemies":"Cultist and Chosen","floor":30,"turns":4},{"damage":17,"enemies":"Gremlin Leader","floor":31,"turns":3},{"damage":17,"enemies":"Champ","floor":33,"turns":14},{"damage":0,"enemies":"3 Darklings","floor":35,"turns":1},{"damage":1,"enemies":"Orb Walker","floor":36,"turns":3},{"damage":54,"enemies":"4 Shapes","floor":37,"turns":4},{"damage":0,"enemies":"Jaw Worm Horde","floor":38,"turns":1},{"damage":47,"enemies":"Nemesis","floor":40,"turns":4},{"damage":22,"enemies":"2 Orb Walkers","floor":44,"turns":2},{"damage":6,"enemies":"Transient","floor":47,"turns":5},{"damage":143,"enemies":"Awakened One","floor":50,"turns":14}],"seed_played":"-4224124832648770030","potions_obtained":[{"floor":4,"key":"SteroidPotion"},{"floor":11,"key":"Explosive Potion"},{"floor":12,"key":"Ancient Potion"},{"floor":18,"key":"EssenceOfSteel"},{"floor":30,"key":"GamblersBrew"},{"floor":37,"key":"Fruit Juice"},{"floor":38,"key":"FearPotion"},{"floor":47,"key":"FairyPotion"}],"is_trial":false,"path_per_floor":["M","?","$","M","T","R","E","R","T","M","M","M","?","M","R","B",null,"M","?","M","?","$","R","$","E","T","T","M","E","M","E","R","B",null,"M","M","M","M","?","E","R","$","T","?","R","?","M","T","R","B",null],"character_chosen":"IRONCLAD","items_purchased":["Iron Wave","Sever Soul","Inflame","Feed","Bag of Preparation","Sling","Red Skull"],"campfire_rested":3,"item_purchase_floors":[3,3,22,22,42,42,42],"current_hp_per_floor":[80,80,80,80,80,80,47,71,71,76,80,70,70,76,76,29,80,79,79,78,78,78,78,78,57,57,57,63,63,77,66,66,57,83,83,83,58,66,66,32,60,60,60,46,46,34,64,64,92,14],"gold":86,"neow_bonus":"","is_prod":false,"is_daily":false,"chose_seed":false,"campfire_upgraded":5,"win_rate":0.0,"timestamp":1545449124,"path_taken":["M","?","?","M","?","R","E","R","T","M","M","M","?","?","R","BOSS","M","?","M","?","$","R","$","E","T","?","M","E","M","E","R","BOSS","M","M","M","?","?","E","R","?","T","?","R","?","M","?","R","BOSS"],"build_version":"2018-12-20","purchased_purges":1,"victory":true,"max_hp_per_floor":[80,80,80,80,80,80,80,80,80,80,80,80,80,80,80,80,80,80,80,80,80,80,80,80,80,80,80,80,80,83,83,83,83,83,83,83,91,91,91,95,95,95,95,95,95,95,95,95,95,95],"card_choices":[{"not_picked":["Twin Strike","Corruption"],"picked":"Flame Barrier","floor":1},{"not_picked":["Twin Strike","Thunderclap"],"picked":"Whirlwind","floor":4},{"not_picked":["Clothesline","Pommel Strike"],"picked":"Shrug It Off","floor":7},{"not_picked":["Power Through","Hemokinesis"],"picked":"Shrug It Off","floor":10},{"not_picked":["Battle Trance","Anger","Shrug It Off"],"picked":"SKIP","floor":11},{"not_picked":["Twin Strike","Entrench"],"picked":"Armaments","floor":12},{"not_picked":["Sever Soul","Infernal Blade"],"picked":"Corruption","floor":14},{"not_picked":["Reaper","Impervious"],"picked":"Offering","floor":16},{"not_picked":["True Grit","Thunderclap"],"picked":"Pommel Strike","floor":18},{"not_picked":["Rupture+1","Power Through"],"picked":"Cleave","floor":20},{"not_picked":["Headbutt+1","Fire Breathing"],"picked":"Cleave+1","floor":25},{"not_picked":["Hemokinesis+1","Uppercut","Carnage"],"picked":"SKIP","floor":28},{"not_picked":["Pummel","Combust"],"picked":"Barricade","floor":29},{"not_picked":["Twin Strike","Pommel Strike","Shrug It Off"],"picked":"SKIP","floor":30},{"not_picked":["Cleave","Iron Wave"],"picked":"Perfected Strike","floor":31},{"not_picked":["Power Through","Rupture"],"picked":"Dual Wield+1","floor":35},{"not_picked":["Bloodletting","Dual Wield+1"],"picked":"Shrug It Off+1","floor":36},{"not_picked":["Twin Strike","Feel No Pain"],"picked":"Clash+1","floor":37},{"not_picked":["Clothesline+1","Rampage+1"],"picked":"Metallicize+1","floor":38},{"not_picked":["Clash+1","Sword Boomerang"],"picked":"Warcry+1","floor":40},{"not_picked":["Anger+1","Barricade","Clothesline"],"picked":"SKIP","floor":47}],"player_experience":0,"relics_obtained":[{"floor":5,"key":"Bronze Scales"},{"floor":7,"key":"Pen Nib"},{"floor":9,"key":"Potion Belt"},{"floor":25,"key":"Sundial"},{"floor":26,"key":"PreservedInsect"},{"floor":27,"key":"Boot"},{"floor":29,"key":"Bag of Marbles"},{"floor":31,"key":"Blood Vial"},{"floor":40,"key":"Vajra"},{"floor":43,"key":"Bottled Flame"},{"floor":44,"key":"Magic Flower"},{"floor":48,"key":"Mummified Hand"}],"event_choices":[{"damage_healed":0,"gold_gain":0,"player_choice":"2 cards matched","damage_taken":0,"max_hp_gain":0,"max_hp_loss":0,"event_name":"Match and Keep!","floor":2,"gold_loss":0,"cards_obtained":["Reaper","Pommel Strike"]},{"damage_healed":0,"gold_gain":0,"player_choice":"Forge","damage_taken":0,"max_hp_gain":0,"max_hp_loss":0,"event_name":"Accursed Blacksmith","floor":13,"gold_loss":0,"cards_upgraded":["Armaments"]},{"damage_healed":0,"gold_gain":0,"player_choice":"Ignored","damage_taken":0,"max_hp_gain":0,"max_hp_loss":0,"event_name":"Beggar","floor":19,"gold_loss":0},{"damage_healed":0,"gold_gain":0,"player_choice":"Inject Mutagens","damage_taken":0,"relics_obtained":["MutagenicStrength"],"max_hp_gain":0,"max_hp_loss":0,"event_name":"Drug Dealer","floor":21,"gold_loss":0},{"cards_removed":["Strike_R"],"damage_healed":0,"gold_gain":0,"player_choice":"Removed Attack","damage_taken":0,"max_hp_gain":0,"max_hp_loss":0,"event_name":"Falling","floor":39,"gold_loss":0},{"damage_healed":0,"gold_gain":0,"player_choice":"Fight","damage_taken":0,"max_hp_gain":0,"max_hp_loss":0,"event_name":"Mysterious Sphere","floor":44,"gold_loss":0},{"damage_healed":0,"gold_gain":0,"player_choice":"Embrace Madness","damage_taken":12,"max_hp_gain":0,"max_hp_loss":0,"event_name":"Winding Halls","floor":46,"gold_loss":0,"cards_obtained":["Madness","Madness"]}],"is_beta":false,"boss_relics":[{"not_picked":["Lizard Tail","Ectoplasm"],"picked":"Philosopher\u0027s Stone"},{"not_picked":["Cursed Key","Astrolabe"],"picked":"Mark of Pain"}],"items_purged_floors":[42],"is_endless":false,"potions_floor_spawned":[4,11,12,18,30,36,37,38,47],"ascension_level":0}