{"gold_per_floor":[118,118,138,313,324,343,343,362,388,405,257,274,304,213,213,314,314,334,334,236,196,216,216,216,47,47,67,67,67,79,79,79,79],"floor_reached":33,"playtime":1476,"items_purged":["Doubt"],"score":237,"play_id":"921301c5-b0b3-41cb-bb8a-d7e940bd8c87","local_time":"20181025011109","is_ascension_mode":false,"campfire_choices":[{"data":"Perfected Strike","floor":7,"key":"SMITH"},{"data":"Flame Barrier","floor":15,"key":"SMITH"},{"data":"Flame Barrier","floor":23,"key":"SMITH"},{"floor":32,"key":"REST"}],"neow_cost":"NONE","seed_source_timestamp":482369242538486,"circlet_count":0,"master_deck":["Strike_R","Strike_R","Strike_R","Strike_R","Strike_R","Defend_R","Defend_R","Defend_R","Defend_R+1","Bash","Bludgeon","Wild Strike","Flame Barrier+1","Flame Barrier+1","Perfected Strike+1","Flex+1","Thunderclap","Metallicize","Metallicize","Rampage","Swift Strike","Limit Break","Power Through","Discovery","Headbutt+1","Pommel Strike","Flex","Pommel Strike","Swift Strike","Twin Strike+1","Pommel Strike"],"relics":["Burning Blood"],"potions_floor_usage":[10,13,22,30,33,33],"damage_taken":[{"damage":5,"enemies":"2 Louse","floor":1,"turns":2},{"damage":5,"enemies":"Small Slimes","floor":3,"turns":2},{"damage":0,"enemies":"Cultist","floor":5,"turns":2},{"damage":2,"enemies":"Blue Slaver","floor":6,"turns":5},{"damage":7,"enemies":"Exordium Wildlife","floor":8,"turns":2},{"damage":8,"enemies":"Large Slime","floor":10,"turns":6},{"damage":0,"enemies":"2 Fungi Beasts","floor":12,"turns":2},{"damage":15,"enemies":"The Mushroom Lair","floor":13,"turns":6},{"damage":48,"enemies":"The Guardian","floor":16,"turns":9},{"damage":9,"enemies":"3 Byrds","floor":18,"turns":5},{"damage":10,"enemies":"Chosen","floor":22,"turns":4},{"damage":34,"enemies":"Centurion and Healer","floor":27,"turns":6},{"damage":11,"enemies":"Sentry and Sphere","floor":30,"turns":5},{"damage":78,"enemies":"Automaton","floor":33,"turns":10}],"seed_played":"-3698892326529588779","potions_obtained":[{"floor":3,"key":"SpeedPotion"},{"floor":5,"key":"Poison Potion"},{"floor":6,"key":"Regen Potion"},{"floor":13,"key":"Energy Potion"},{"floor":16,"key":"Ancient Potion"},{"floor":22,"key":"Energy Potion"},{"floor":30,"key":"Swift Potion"}],"is_trial":false,"path_per_floor":["M","?","M","?","M","M","R","M","T","M","$","M","?","$","R","B",null,"M","?","$","?","M","R","?","$","T","M","?","T","M","?","R"],"character_chosen":"IRONCLAD","items_purchased":["Metallicize","Swift Strike","Discovery","Flex","Pommel Strike","Swift Strike"],"campfire_rested":1,"item_purchase_floors":[11,14,20,25,25,25],"current_hp_per_floor":[80,85,85,85,85,85,85,84,84,82,82,85,85,85,85,43,85,82,82,82,82,78,78,78,78,78,50,50,50,45,45,70,0],"gold":79,"neow_bonus":"ONE_RANDOM_RARE_CARD","is_prod":false,"is_daily":false,"chose_seed":false,"campfire_upgraded":3,"win_rate":0,"timestamp":1540422669,"path_taken":["M","?","?","?","M","M","R","M","T","M","$","M","?","$","R","BOSS","M","?","$","?","?","R","?","$","T","M","?","?","M","?","R","BOSS"],"build_version":"2018-10-18","purchased_purges":1,"victory":false,"max_hp_per_floor":[80,85,85,85,85,85,85,85,85,85,85,85,85,85,85,85,85,85,85,85,85,85,85,85,85,85,85,85,85,85,85,85,85],"card_choices":[{"not_picked":["Clash","Armaments"],"picked":"Wild Strike","floor":1},{"not_picked":["Limit Break","Headbutt"],"picked":"Flame Barrier","floor":3},{"not_picked":["Heavy Blade","Warcry"],"picked":"Flame Barrier","floor":5},{"not_picked":["Dropkick","Wild Strike"],"picked":"Perfected Strike","floor":6},{"not_picked":["Sword Boomerang","Corruption"],"picked":"Flex","floor":8},{"not_picked":["Anger","Clash"],"picked":"Thunderclap","floor":10},{"not_picked":["Corruption","Dropkick"],"picked":"Metallicize","floor":12},{"not_picked":["Whirlwind","Second Wind"],"picked":"Rampage","floor":13},{"not_picked":["Exhume","Barricade"],"picked":"Limit Break","floor":16},{"not_picked":["Fire Breathing+1","Warcry"],"picked":"Power Through","floor":18},{"not_picked":["Rampage","Heavy Blade"],"picked":"Headbutt+1","floor":22},{"not_picked":["Thunderclap","Sword Boomerang"],"picked":"Twin Strike+1","floor":27},{"not_picked":["Entrench","Rage"],"picked":"Pommel Strike","floor":30}],"player_experience":262835,"relics_obtained":[],"event_choices":[{"damage_healed":0,"gold_gain":0,"player_choice":"Donut","damage_taken":0,"max_hp_gain":5,"max_hp_loss":0,"event_name":"Big Fish","floor":2,"gold_loss":0},{"damage_healed":0,"gold_gain":175,"player_choice":"AGREE","damage_taken":0,"max_hp_gain":0,"max_hp_loss":0,"event_name":"Liars Game","floor":4,"gold_loss":0,"cards_obtained":["Doubt"]},{"damage_healed":0,"gold_gain":0,"player_choice":"Fought Mushrooms","damage_taken":0,"max_hp_gain":0,"max_hp_loss":0,"event_name":"Mushrooms","floor":13,"gold_loss":0},{"damage_healed":0,"gold_gain":0,"player_choice":"Upgraded Two","damage_taken":0,"max_hp_gain":0,"max_hp_loss":0,"event_name":"Designer","floor":21,"gold_loss":40,"cards_upgraded":["Defend_R","Flex"]},{"damage_healed":0,"gold_gain":0,"player_choice":"Read","damage_taken":0,"max_hp_gain":0,"max_hp_loss":0,"event_name":"The Library","floor":24,"gold_loss":0,"cards_obtained":["Pommel Strike"]},{"damage_healed":0,"gold_gain":0,"player_choice":"Ignored","damage_taken":0,"max_hp_gain":0,"max_hp_loss":0,"event_name":"Cursed Tome","floor":28,"gold_loss":0},{"damage_healed":0,"gold_gain":0,"player_choice":"Ignored","damage_taken":0,"max_hp_gain":0,"max_hp_loss":0,"event_name":"The Mausoleum","floor":31,"gold_loss":0}],"is_beta":false,"boss_relics":[{"not_picked":["Orrery","Empty Cage","Runic Dome"]}],"items_purged_floors":[11],"is_endless":false,"potions_floor_spawned":[3,5,6,13,16,22,30],"killed_by":"Automaton","ascension_level":0}