{"gold_per_floor":[118,180,199,48,48,48,64,64,64,76,89,37,37,55,55,156,156,168,182,103,103,114,114,126,126],"floor_reached":25,"playtime":629,"items_purged":["Pain"],"score":220,"play_id":"3e3494fd-06c7-4b37-aad1-498b07dedd30","local_time":"20190318225336","is_ascension_mode":false,"campfire_choices":[{"data":"Anger","floor":6,"key":"SMITH"},{"data":"Headbutt","floor":8,"key":"SMITH"},{"data":"Rampage","floor":15,"key":"SMITH"},{"floor":23,"key":"REST"}],"neow_cost":"NONE","seed_source_timestamp":294208070223971,"circlet_count":0,"master_deck":["Strike_R","Strike_R","Strike_R","Strike_R","Strike_R","Defend_R","Defend_R","Defend_R","Defend_R","Bash+1","Pommel Strike+1","Anger+1","Headbutt+1","Flame Barrier","Clothesline","Flex","Rampage+1","Feed","Decay","Doubt","Pommel Strike","Flame Barrier","Pommel Strike","RitualDagger","Pommel Strike+1","Shrug It Off"],"relics":["Burning Blood","Pen Nib","Dodecahedron","Calling Bell","Bag of Marbles","The Courier","Calipers"],"potions_floor_usage":[11,16,19,22],"damage_taken":[{"damage":2,"enemies":"2 Louse","floor":1,"turns":4},{"damage":7,"enemies":"Small Slimes","floor":3,"turns":3},{"damage":0,"enemies":"Cultist","floor":7,"turns":2},{"damage":1,"enemies":"Exordium Wildlife","floor":10,"turns":3},{"damage":0,"enemies":"Blue Slaver","floor":11,"turns":2},{"damage":0,"enemies":"Large Slime","floor":14,"turns":2},{"damage":43,"enemies":"Hexaghost","floor":16,"turns":8},{"damage":8,"enemies":"Chosen","floor":18,"turns":3},{"damage":15,"enemies":"3 Byrds","floor":19,"turns":6},{"damage":32,"enemies":"Cultist and Chosen","floor":22,"turns":6},{"damage":21,"enemies":"Chosen and Byrds","floor":24,"turns":6},{"damage":22,"enemies":"Gremlin Leader","floor":25,"turns":3}],"seed_played":"425680212210799472","potions_obtained":[{"floor":1,"key":"Weak Potion"},{"floor":3,"key":"SkillPotion"},{"floor":10,"key":"SkillPotion"},{"floor":14,"key":"SteroidPotion"},{"floor":18,"key":"Energy Potion"},{"floor":24,"key":"Explosive Potion"}],"is_trial":false,"path_per_floor":["M","?","M","$","?","R","M","R","T","M","M","$","?","M","R","B",null,"M","M","$","?","M","R","M","E"],"character_chosen":"IRONCLAD","items_purchased":["Pen Nib","Flex","Pommel Strike"],"campfire_rested":1,"item_purchase_floors":[4,12,20],"current_hp_per_floor":[80,80,79,79,79,79,80,80,80,80,80,80,85,85,85,48,85,86,77,77,71,45,71,56,34],"gold":126,"neow_bonus":"UPGRADE_CARD","is_prod":false,"is_daily":false,"chose_seed":false,"campfire_upgraded":3,"win_rate":0,"timestamp":1552946016,"path_taken":["M","?","M","$","?","R","M","R","T","M","?","$","?","M","R","BOSS","M","M","$","?","M","R","M","E"],"build_version":"2019-01-23","purchased_purges":1,"victory":false,"max_hp_per_floor":[80,80,80,80,80,80,80,80,80,80,80,80,85,85,85,85,85,88,88,88,88,88,88,88,88],"card_choices":[{"not_picked":["Entrench","Seeing Red"],"picked":"Pommel Strike","floor":1},{"not_picked":["Sever Soul","Burning Pact"],"picked":"Anger","floor":3},{"not_picked":["Armaments","Clothesline"],"picked":"Headbutt","floor":7},{"not_picked":["Whirlwind","Rampage"],"picked":"Flame Barrier","floor":10},{"not_picked":["Hemokinesis","Carnage"],"picked":"Clothesline","floor":11},{"not_picked":["Fire Breathing","Burning Pact"],"picked":"Rampage","floor":14},{"not_picked":["Brutality","Impervious"],"picked":"Feed","floor":16},{"not_picked":["Heavy Blade","Seeing Red"],"picked":"Pommel Strike","floor":18},{"not_picked":["Uppercut","Armaments"],"picked":"Flame Barrier","floor":19},{"not_picked":["Flame Barrier","Sword Boomerang"],"picked":"Pommel Strike+1","floor":22},{"not_picked":["Clash","Headbutt"],"picked":"Shrug It Off","floor":24}],"player_experience":306924,"relics_obtained":[{"floor":9,"key":"Dodecahedron"},{"floor":17,"key":"Bag of Marbles"},{"floor":17,"key":"The Courier"},{"floor":17,"key":"Calipers"}],"event_choices":[{"damage_healed":0,"gold_gain":62,"player_choice":"Gained Gold","damage_taken":0,"max_hp_gain":0,"max_hp_loss":0,"event_name":"Golden Wing","floor":2,"gold_loss":0},{"damage_healed":0,"gold_gain":0,"player_choice":"Forge","damage_taken":0,"max_hp_gain":0,"max_hp_loss":0,"event_name":"Accursed Blacksmith","floor":5,"gold_loss":0,"cards_upgraded":["Pommel Strike"]},{"damage_healed":0,"gold_gain":0,"player_choice":"Donut","damage_taken":0,"max_hp_gain":5,"max_hp_loss":0,"event_name":"Big Fish","floor":13,"gold_loss":0},{"damage_healed":0,"gold_gain":0,"player_choice":"Joined the Cult","damage_taken":6,"max_hp_gain":0,"max_hp_loss":0,"event_name":"Nest","floor":21,"gold_loss":0,"cards_obtained":["RitualDagger"]}],"is_beta":false,"boss_relics":[{"not_picked":["Pandora\u0027s Box","Busted Crown"],"picked":"Calling Bell"}],"items_purged_floors":[20],"is_endless":false,"potions_floor_spawned":[1,3,10,14,18,24],"killed_by":"Gremlin Leader","ascension_level":0}