{"gold_per_floor":[19,19,19,29,29,29,104,104,175,194,209,182,199,210,210,308,308,321,321,244,244,244,244,261,273,273,297,297,310,310,259,259,259],"floor_reached":33,"playtime":1265,"items_purged":[],"score":235,"play_id":"e64ee014-619c-4548-bad8-790467db4da2","local_time":"20190321143313","is_ascension_mode":false,"campfire_choices":[{"data":"Perfected Strike","floor":6.0,"key":"SMITH"},{"data":"Pommel Strike","floor":8.0,"key":"SMITH"},{"floor":15.0,"key":"REST"},{"data":"Perfected Strike","floor":23.0,"key":"SMITH"},{"floor":32.0,"key":"REST"}],"neow_cost":"NO_GOLD","seed_source_timestamp":135558696097494,"circlet_count":0,"master_deck":["Strike_R+1","Strike_R+1","Strike_R+1","Strike_R+1","Defend_R+1","Defend_R+1","Defend_R+1","Bash","Pommel Strike+1","Shockwave","Perfected Strike+1","Headbutt","Wild Strike","Feed","Flex","Twin Strike","Pommel Strike","Exhume","Burning Pact+1","Perfected Strike+1","Flex","Thunderclap+1","Wild Strike+1","Perfected Strike","Inflame"],"special_seed":0,"relics":["Burning Blood"],"potions_floor_usage":[33,33],"damage_taken":[{"damage":0.0,"enemies":"Cultist","floor":1.0,"turns":2.0},{"damage":6.0,"enemies":"Jaw Worm","floor":4.0,"turns":2.0},{"damage":2.0,"enemies":"Small Slimes","floor":10.0,"turns":2.0},{"damage":12.0,"enemies":"Exordium Thugs","floor":11.0,"turns":3.0},{"damage":7.0,"enemies":"Blue Slaver","floor":13.0,"turns":2.0},{"damage":6.0,"enemies":"Large Slime","floor":14.0,"turns":3.0},{"damage":34.0,"enemies":"Slime Boss","floor":16.0,"turns":11.0},{"damage":10.0,"enemies":"Spheric Guardian","floor":18.0,"turns":3.0},{"damage":12.0,"enemies":"2 Thieves","floor":24.0,"turns":3.0},{"damage":8.0,"enemies":"Centurion and Healer","floor":25.0,"turns":5.0},{"damage":20.0,"enemies":"Cultist and Chosen","floor":29.0,"turns":6.0},{"damage":29.0,"enemies":"Colosseum Slavers","floor":30.0,"turns":4.0},{"damage":92,"enemies":"Collector","floor":33,"turns":11}],"seed_played":"459891326820947143","potions_obtained":[{"floor":10.0,"key":"LiquidBronze"},{"floor":11.0,"key":"AttackPotion"},{"floor":16.0,"key":"Regen Potion"},{"floor":18.0,"key":"FearPotion"}],"is_trial":false,"path_per_floor":["M","?","?","M","$","R","?","R","T","M","M","$","M","M","R","B",null,"M","?","$","?","?","R","M","M","T","T","?","M","?","$","R","B"],"character_chosen":"IRONCLAD","items_purchased":["Flex","Perfected Strike","Flex","Weak Potion"],"campfire_rested":2,"item_purchase_floors":[12,20,20,31],"current_hp_per_floor":[80,80,80,80,80,80,69,69,69,73,67,67,66,66,80,52,80,76,76,76,76,76,76,73,86,86,86,86,72,49,49,74,0],"gold":259,"neow_bonus":"TRANSFORM_TWO_CARDS","is_prod":false,"is_daily":false,"chose_seed":false,"campfire_upgraded":3,"win_rate":0,"timestamp":1553175193,"path_taken":["M","?","?","?","$","R","?","R","T","M","M","?","M","M","R","BOSS","M","?","$","?","?","R","M","?","T","?","?","?","?","?","R","BOSS"],"build_version":"2019-01-23","purchased_purges":0,"victory":false,"max_hp_per_floor":[80,80,80,80,80,80,80,80,80,80,80,80,80,80,80,80,80,80,80,80,80,80,80,83,86,86,86,86,86,86,86,86,86],"card_choices":[{"not_picked":["Iron Wave","Havoc"],"picked":"Perfected Strike","floor":1.0},{"not_picked":["Clothesline","Warcry"],"picked":"Headbutt","floor":4.0},{"not_picked":["Cleave","Iron Wave"],"picked":"Wild Strike","floor":10.0},{"not_picked":["Heavy Blade","True Grit"],"picked":"Feed","floor":11.0},{"not_picked":["Infernal Blade","Metallicize"],"picked":"Twin Strike","floor":13.0},{"not_picked":["Blood for Blood","Searing Blow"],"picked":"Pommel Strike","floor":14.0},{"not_picked":["Reaper","Fiend Fire"],"picked":"Exhume","floor":16.0},{"not_picked":["Sever Soul","Clash"],"picked":"Burning Pact+1","floor":18.0},{"not_picked":["Ghostly Armor+1","Cleave"],"picked":"Thunderclap+1","floor":24.0},{"not_picked":["Anger","Shrug It Off"],"picked":"Wild Strike+1","floor":25.0},{"not_picked":["True Grit","Whirlwind"],"picked":"Inflame","floor":29.0}],"player_experience":333521,"relics_obtained":[],"event_choices":[{"damage_healed":0.0,"max_hp_gain":0.0,"max_hp_loss":0.0,"gold_gain":0.0,"event_name":"Golden Wing","player_choice":"Ignored","floor":2.0,"gold_loss":0.0,"damage_taken":0.0},{"damage_healed":0.0,"max_hp_gain":0.0,"max_hp_loss":0.0,"gold_gain":0.0,"event_name":"NoteForYourself","player_choice":"Ignored","floor":3.0,"gold_loss":0.0,"damage_taken":0.0},{"damage_healed":0.0,"max_hp_gain":0.0,"max_hp_loss":0.0,"gold_gain":75.0,"event_name":"World of Goop","player_choice":"Gather Gold","floor":7.0,"gold_loss":0.0,"damage_taken":11.0},{"damage_healed":0.0,"max_hp_gain":0.0,"max_hp_loss":0.0,"gold_gain":0.0,"event_name":"Back to Basics","player_choice":"Simplicity","floor":19.0,"gold_loss":0.0,"damage_taken":0.0,"cards_upgraded":["Strike_R","Strike_R","Strike_R","Strike_R","Defend_R","Defend_R","Defend_R"]},{"damage_healed":0.0,"max_hp_gain":0.0,"max_hp_loss":0.0,"gold_gain":0.0,"event_name":"Vampires","player_choice":"Ignored","floor":21.0,"gold_loss":0.0,"damage_taken":0.0},{"damage_healed":0.0,"max_hp_gain":0.0,"max_hp_loss":0.0,"gold_gain":0.0,"event_name":"Cursed Tome","player_choice":"Ignored","floor":22.0,"gold_loss":0.0,"damage_taken":0.0},{"damage_healed":0.0,"max_hp_gain":0.0,"max_hp_loss":0.0,"gold_gain":0.0,"event_name":"Match and Keep!","player_choice":"1 cards matched","floor":28.0,"gold_loss":0.0,"damage_taken":0.0,"cards_obtained":["Perfected Strike"]},{"damage_healed":0.0,"max_hp_gain":0.0,"max_hp_loss":0.0,"gold_gain":0.0,"event_name":"Colosseum","player_choice":"Fight","floor":30.0,"gold_loss":0.0,"damage_taken":0.0},{"damage_healed":0.0,"max_hp_gain":0.0,"max_hp_loss":0.0,"gold_gain":0.0,"event_name":"Colosseum","player_choice":"Fled From Nobs","floor":30.0,"gold_loss":0.0,"damage_taken":0.0}],"is_beta":false,"boss_relics":[{"not_picked":["Cursed Key","Philosopher\u0027s Stone","Astrolabe"]}],"items_purged_floors":[],"is_endless":false,"potions_floor_spawned":[10,11,16,18,24],"killed_by":"Collector","ascension_level":0}