{"gold_per_floor":[112,131,143,68,68,103,103,113,113,142,158,58,58],"floor_reached":13,"playtime":1835,"items_purged":["Strike_G","Strike_G"],"score":105,"play_id":"c87a1916-e90d-476a-b306-20100fc0c602","local_time":"20181218201352","is_ascension_mode":true,"campfire_choices":[{"data":"Noxious Fumes","floor":7,"key":"SMITH"}],"neow_cost":"NONE","seed_source_timestamp":525934791901211,"circlet_count":0,"master_deck":["Defend_G","Defend_G","Defend_G","Defend_G","Defend_G+1","Strike_G","Strike_G","Strike_G+1","Survivor","Neutralize","Blur","Predator","Sucker Punch","Noxious Fumes+1","PiercingWail","Poisoned Stab","Infinite Blades"],"relics":["Ring of the Snake","Snake Skull","Kunai","Ginger"],"potions_floor_usage":[11,13,13],"damage_taken":[{"damage":2,"enemies":"Cultist","floor":1,"turns":4},{"damage":0,"enemies":"Small Slimes","floor":2,"turns":5},{"damage":1,"enemies":"2 Louse","floor":3,"turns":3},{"damage":19,"enemies":"Lagavulin","floor":6,"turns":8},{"damage":11,"enemies":"Large Slime","floor":8,"turns":7},{"damage":14,"enemies":"Gremlin Nob","floor":10,"turns":4},{"damage":0,"enemies":"Gremlin Gang","floor":11,"turns":6},{"damage":18,"enemies":"3 Sentries","floor":13,"turns":4}],"seed_played":"-1707432639753165814","potions_obtained":[{"floor":1,"key":"Dexterity Potion"},{"floor":2,"key":"SpeedPotion"},{"floor":6,"key":"Dexterity Potion"}],"is_trial":false,"path_per_floor":["M","M","M","$","?","E","R","M","T","E","M","$","E"],"character_chosen":"THE_SILENT","items_purchased":[],"campfire_rested":0,"item_purchase_floors":[],"current_hp_per_floor":[75,75,74,74,59,40,40,29,29,15,15,15,0],"gold":58,"neow_bonus":"TEN_PERCENT_HP_BONUS","is_prod":false,"is_daily":false,"chose_seed":false,"campfire_upgraded":1,"win_rate":0,"timestamp":1545185632,"path_taken":["M","M","?","?","?","E","R","M","T","E","M","$","E"],"build_version":"2018-12-13","purchased_purges":2,"victory":false,"max_hp_per_floor":[77,77,77,77,77,77,77,77,77,77,77,77,77],"card_choices":[{"not_picked":["Bane","Riddle With Holes"],"picked":"Blur","floor":1},{"not_picked":["Underhanded Strike","Poisoned Stab"],"picked":"Predator","floor":2},{"not_picked":["Outmaneuver","Skewer"],"picked":"Sucker Punch","floor":3},{"not_picked":["Reflex","Bane"],"picked":"Noxious Fumes","floor":6},{"not_picked":["Acrobatics","Bane"],"picked":"PiercingWail","floor":8},{"not_picked":["Underhanded Strike","Flying Knee"],"picked":"Poisoned Stab","floor":10},{"not_picked":["Underhanded Strike","Dagger Throw"],"picked":"Infinite Blades","floor":11}],"player_experience":288149,"relics_obtained":[{"floor":6,"key":"Snake Skull"},{"floor":9,"key":"Kunai"},{"floor":10,"key":"Ginger"}],"event_choices":[{"damage_healed":0,"gold_gain":0,"player_choice":"Entered Light","damage_taken":15,"max_hp_gain":0,"max_hp_loss":0,"event_name":"Shining Light","floor":5,"gold_loss":0,"cards_upgraded":["Strike_G","Defend_G"]}],"is_beta":false,"boss_relics":[],"items_purged_floors":[4,12],"is_endless":false,"potions_floor_spawned":[1,2,6],"killed_by":"3 Sentries","ascension_level":2}