{"gold_per_floor":[114,133,133,152,163,163,163,163,193,193,218,158,176,200,200,326,326,347,371,33,48,48,48,60,72,72,72,72,72,72,107,107,203,203,219,219],"floor_reached":36,"playtime":2680,"items_purged":["Defend_G"],"score":490,"play_id":"520176de-5255-4114-9dc4-55eb8b1833ad","local_time":"20181130102219","is_ascension_mode":true,"campfire_choices":[{"data":"Storm of Steel","floor":6,"key":"SMITH"},{"data":"Survivor","floor":8,"key":"SMITH"},{"data":"Infinite Blades","floor":10,"key":"SMITH"},{"data":"Acrobatics","floor":15,"key":"SMITH"},{"floor":23,"key":"REST"},{"floor":27,"key":"REST"},{"floor":29,"key":"REST"},{"floor":32,"key":"REST"}],"neow_cost":"NONE","seed_source_timestamp":1523653285196,"circlet_count":0,"master_deck":["Defend_G","Defend_G","Defend_G","Defend_G","Strike_G","Strike_G","Strike_G","Strike_G","Survivor+1","Neutralize","Storm of Steel+1","Backflip","Infinite Blades+1","Slice","Acrobatics+1","Underhanded Strike","Bullet Time","Expertise","Accuracy","Accuracy","Backflip","Flash of Steel","Master of Strategy","Infinite Blades","Backflip+1","Backstab","Adrenaline"],"relics":["Ring of the Snake","Bloody Idol","Tiny Chest","Shuriken","Orrery","Unceasing Top","The Courier","Strawberry","WristBlade"],"potions_floor_usage":[18,18,25,25,31,33,35],"damage_taken":[{"damage":0,"enemies":"Cultist","floor":1,"turns":3},{"damage":0,"enemies":"Small Slimes","floor":2,"turns":3},{"damage":0,"enemies":"2 Louse","floor":4,"turns":2},{"damage":3,"enemies":"Looter","floor":5,"turns":4},{"damage":0,"enemies":"Red Slaver","floor":11,"turns":3},{"damage":0,"enemies":"Blue Slaver","floor":13,"turns":4},{"damage":0,"enemies":"Exordium Wildlife","floor":14,"turns":3},{"damage":0,"enemies":"Slime Boss","floor":16,"turns":6},{"damage":0,"enemies":"3 Byrds","floor":18,"turns":5},{"damage":39,"enemies":"Shell Parasite","floor":19,"turns":6},{"damage":29,"enemies":"Shelled Parasite and Fungi","floor":21,"turns":6},{"damage":5,"enemies":"Snecko","floor":24,"turns":4},{"damage":22,"enemies":"Sentry and Sphere","floor":25,"turns":4},{"damage":39,"enemies":"Gremlin Leader","floor":31,"turns":6},{"damage":10,"enemies":"Automaton","floor":33,"turns":6},{"damage":42,"enemies":"3 Darklings","floor":35,"turns":4}],"seed_played":"7536440781437642276","potions_obtained":[{"floor":2,"key":"Block Potion"},{"floor":5,"key":"Block Potion"},{"floor":13,"key":"Fire Potion"},{"floor":19,"key":"Strength Potion"},{"floor":25,"key":"AttackPotion"},{"floor":31,"key":"SteroidPotion"},{"floor":33,"key":"Block Potion"},{"floor":35,"key":"Swift Potion"}],"is_trial":false,"path_per_floor":["M","M","?","M","M","R","?","R","T","R","M","?","M","M","R","B",null,"M","M","$","M","?","R","M","M","T","R","$","R","T","E","R","B",null,"M","M"],"character_chosen":"THE_SILENT","items_purchased":["Flash of Steel","Master of Strategy"],"campfire_rested":4,"item_purchase_floors":[20,20],"current_hp_per_floor":[70,70,70,70,67,67,50,50,50,50,50,50,50,50,50,50,70,70,31,31,2,2,23,23,6,6,27,27,48,48,21,44,39,77,40,0],"gold":219,"neow_bonus":"ONE_RANDOM_RARE_CARD","is_prod":false,"is_daily":false,"chose_seed":false,"campfire_upgraded":4,"win_rate":0,"timestamp":1543540939,"path_taken":["M","?","?","M","M","R","?","R","T","R","M","?","?","M","R","BOSS","M","M","$","M","?","R","M","M","T","R","$","R","?","E","R","BOSS","M","M"],"build_version":"2018-11-15","purchased_purges":1,"victory":false,"max_hp_per_floor":[70,70,70,70,70,70,70,70,70,70,70,70,70,70,70,70,70,70,70,70,70,70,70,70,70,70,70,70,70,70,77,77,77,77,77,77],"card_choices":[{"not_picked":["Sucker Punch","Riddle With Holes"],"picked":"Backflip","floor":1},{"not_picked":["Reflex","Dagger Throw","Underhanded Strike"],"picked":"SKIP","floor":2},{"not_picked":["Flying Knee","Riddle With Holes"],"picked":"Infinite Blades","floor":4},{"not_picked":["Dodge and Roll","Underhanded Strike"],"picked":"Slice","floor":5},{"not_picked":["Outmaneuver","Glass Knife"],"picked":"Acrobatics","floor":11},{"not_picked":["Bane","Reflex"],"picked":"Underhanded Strike","floor":13},{"not_picked":["Caltrops","Masterful Stab","Bane"],"picked":"SKIP","floor":14},{"not_picked":["Envenom","Adrenaline"],"picked":"Bullet Time","floor":16},{"not_picked":["Calculated Gamble","Deadly Poison"],"picked":"Expertise","floor":17},{"not_picked":["Dagger Spray","Blur"],"picked":"Accuracy","floor":17},{"not_picked":["Outmaneuver","Flying Knee"],"picked":"Accuracy","floor":17},{"not_picked":["Dagger Spray","Footwork"],"picked":"Backflip","floor":17},{"not_picked":["Deadly Poison+1","Poisoned Stab","Underhanded Strike"],"picked":"SKIP","floor":18},{"not_picked":["Choke+1","Flying Knee+1","Caltrops"],"picked":"SKIP","floor":19},{"not_picked":["Sucker Punch+1","Dagger Throw","Glass Knife"],"picked":"SKIP","floor":21},{"not_picked":["Leg Sweep","Eviscerate"],"picked":"Infinite Blades","floor":24},{"not_picked":["Sucker Punch+1","Deadly Poison"],"picked":"Backflip+1","floor":25},{"not_picked":["Outmaneuver+1","Deadly Poison+1"],"picked":"Backstab","floor":31},{"not_picked":["Wraith Form v2","Envenom"],"picked":"Adrenaline","floor":33},{"not_picked":["Expertise","Well Laid Plans","Calculated Gamble+1"],"picked":"SKIP","floor":35}],"player_experience":115154,"relics_obtained":[{"floor":9,"key":"Tiny Chest"},{"floor":26,"key":"Unceasing Top"},{"floor":30,"key":"The Courier"},{"floor":31,"key":"Strawberry"}],"event_choices":[{"cards_removed":["Strike_G"],"damage_healed":0,"gold_gain":0,"player_choice":"Forget","damage_taken":0,"max_hp_gain":0,"max_hp_loss":0,"event_name":"Living Wall","floor":3,"gold_loss":0},{"damage_healed":0,"gold_gain":0,"player_choice":"Take Damage","damage_taken":17,"relics_obtained":["Golden Idol"],"max_hp_gain":0,"max_hp_loss":0,"event_name":"Golden Idol","floor":7,"gold_loss":0},{"damage_healed":0,"gold_gain":0,"player_choice":"Paid Gold","damage_taken":0,"relics_obtained":["Shuriken"],"max_hp_gain":0,"max_hp_loss":0,"event_name":"WeMeetAgain","floor":12,"gold_loss":60},{"damage_healed":0,"gold_gain":0,"player_choice":"Gave Idol","damage_taken":0,"relics_obtained":["Bloody Idol"],"max_hp_gain":0,"max_hp_loss":0,"event_name":"Forgotten Altar","floor":22,"relics_lost":["Golden Idol"],"gold_loss":0}],"is_beta":false,"boss_relics":[{"not_picked":["Velvet Choker","Cursed Key"],"picked":"Orrery"},{"not_picked":["Astrolabe","HoveringKite"],"picked":"WristBlade"}],"items_purged_floors":[20],"is_endless":false,"potions_floor_spawned":[2,5,13,16,19,25,31,33,35],"killed_by":"3 Shapes","ascension_level":3}