{"gold_per_floor":[110,110,185,195,60,60,85,85,167,201,201,201,201,213,213,316,316,327,132,145,163,163,190,190,218,271,271,271,271,371,171,171,270,270,280,87,87,102,114,114,114,146,172,172,203,203,219,233,233,233],"floor_reached":50,"playtime":2923,"items_purged":[],"score":736,"play_id":"52490581-c350-42e2-a000-105b66c29df3","local_time":"20181012003654","is_ascension_mode":true,"campfire_choices":[{"floor":6,"key":"REST"},{"floor":8,"key":"REST"},{"floor":13,"key":"REST"},{"data":"Infernal Blade","floor":15,"key":"SMITH"},{"floor":24,"key":"REST"},{"data":"Heavy Blade","floor":27,"key":"SMITH"},{"floor":29,"key":"REST"},{"data":"Flex","floor":32,"key":"SMITH"},{"floor":40,"key":"REST"},{"data":"Flex","floor":44,"key":"SMITH"},{"floor":46,"key":"REST"},{"floor":49,"key":"REST"}],"neow_cost":"NONE","seed_source_timestamp":803128502610103,"circlet_count":0,"master_deck":["Strike_R","Strike_R","Strike_R+1","Strike_R+1","Strike_R","Defend_R+1","Defend_R","Defend_R","Bash","Shrug It Off+1","Infernal Blade+1","Rampage","Inflame","Cleave","Spot Weakness","Ghostly Armor","Pummel","Uppercut","Feed","Heavy Blade+1","Flex+1","Shockwave+1","Flex+1","Flex","Twin Strike","Offering","Madness","Madness","Shrug It Off","Heavy Blade+1","Headbutt+1","Parasite","Blood for Blood+1"],"relics":["Burning Blood","War Paint","Paper Frog","Vajra","Pen Nib","Snecko Eye","Happy Flower","PreservedInsect","Blood Vial","Strawberry","Cursed Key","Sling","Darkstone Periapt","Bronze Scales","Lantern"],"potions_floor_usage":[16,20,25,28,33,33,39,39],"damage_taken":[{"damage":3,"enemies":"Small Slimes","floor":1,"turns":4},{"damage":7,"enemies":"Jaw Worm","floor":4,"turns":3},{"damage":22,"enemies":"3 Sentries","floor":7,"turns":6},{"damage":22,"enemies":"Gremlin Nob","floor":10,"turns":4},{"damage":1,"enemies":"Cultist","floor":14,"turns":3},{"damage":53,"enemies":"Hexaghost","floor":16,"turns":6},{"damage":1,"enemies":"2 Thieves","floor":18,"turns":2},{"damage":22,"enemies":"Spheric Guardian","floor":20,"turns":4},{"damage":0,"enemies":"Snecko","floor":21,"turns":2},{"damage":23,"enemies":"Gremlin Leader","floor":23,"turns":4},{"damage":10,"enemies":"Book of Stabbing","floor":25,"turns":3},{"damage":0,"enemies":"Snake Plant","floor":28,"turns":2},{"damage":21,"enemies":"Automaton","floor":33,"turns":5},{"damage":6,"enemies":"3 Darklings","floor":35,"turns":3},{"damage":16,"enemies":"Orb Walker","floor":38,"turns":2},{"damage":30,"enemies":"Sphere and 2 Shapes","floor":39,"turns":5},{"damage":15,"enemies":"Giant Head","floor":42,"turns":4},{"damage":16,"enemies":"Nemesis","floor":45,"turns":5},{"damage":34,"enemies":"Reptomancer","floor":47,"turns":3},{"damage":28,"enemies":"Maw","floor":48,"turns":5},{"damage":117,"enemies":"Awakened One","floor":50,"turns":7}],"seed_played":"-7752934430442286645","potions_obtained":[{"floor":7,"key":"Strength Potion"},{"floor":16,"key":"Poison Potion"},{"floor":20,"key":"FairyPotion"},{"floor":23,"key":"Energy Potion"},{"floor":25,"key":"SmokeBomb"},{"floor":35,"key":"Fire Potion"},{"floor":38,"key":"Regen Potion"}],"is_trial":false,"path_per_floor":["M","?","?","M","$","R","E","R","T","E","?","?","R","M","R","B",null,"M","$","M","M","$","E","R","E","T","R","M","R","?","$","R","B",null,"M","$","?","M","M","R","?","E","T","R","E","R","M","M","R"],"character_chosen":"IRONCLAD","items_purchased":["Inflame","Cleave","Happy Flower","Flex","Energy Potion","Flex","Twin Strike","PowerPotion","Sling"],"campfire_rested":8,"item_purchase_floors":[5,5,19,19,31,31,31,31,36],"current_hp_per_floor":[80,64,53,52,52,76,60,80,80,64,61,61,80,80,80,33,68,76,76,60,66,66,49,73,69,76,76,84,90,90,90,90,75,86,91,91,79,74,57,85,85,78,84,84,76,102,74,54,84,0],"gold":233,"neow_bonus":"THREE_CARDS","is_prod":false,"is_daily":false,"chose_seed":false,"campfire_upgraded":4,"win_rate":0,"timestamp":1539297414,"path_taken":["M","?","?","?","$","R","E","R","T","E","?","?","R","?","R","BOSS","M","?","M","M","$","E","R","E","T","R","M","R","?","$","R","BOSS","M","$","?","M","M","R","?","E","T","R","E","R","M","M","R","BOSS"],"build_version":"2018-10-04v2","purchased_purges":0,"victory":false,"max_hp_per_floor":[80,80,80,80,80,80,80,80,80,80,80,80,80,80,80,80,80,83,83,83,83,83,83,83,83,90,90,90,90,90,90,90,90,90,93,93,93,96,96,96,96,96,102,102,102,102,102,102,102,102],"card_choices":[{"not_picked":["Body Slam","Anger"],"picked":"Shrug It Off","floor":0},{"not_picked":["Pommel Strike","Headbutt"],"picked":"Infernal Blade","floor":1},{"not_picked":["Anger","Twin Strike"],"picked":"Rampage","floor":4},{"not_picked":["Iron Wave","Dropkick"],"picked":"Spot Weakness","floor":7},{"not_picked":["Body Slam","Feel No Pain"],"picked":"Ghostly Armor","floor":10},{"not_picked":["Cleave","Carnage"],"picked":"Uppercut","floor":14},{"not_picked":["Exhume","Fiend Fire"],"picked":"Feed","floor":16},{"not_picked":["Sever Soul","True Grit"],"picked":"Heavy Blade","floor":18},{"not_picked":["Combust","Wild Strike"],"picked":"Shockwave+1","floor":20},{"not_picked":["Entrench","Body Slam","Dark Embrace"],"picked":"SKIP","floor":21},{"not_picked":["Sword Boomerang","Rampage+1"],"picked":"Flex","floor":23},{"not_picked":["Havoc+1","Thunderclap+1","Entrench"],"picked":"SKIP","floor":25},{"not_picked":["Brutality","Bludgeon"],"picked":"Offering","floor":33},{"not_picked":["Body Slam","Rampage+1","True Grit+1"],"picked":"SKIP","floor":35},{"not_picked":["Clothesline","Headbutt"],"picked":"Shrug It Off","floor":38},{"not_picked":["Clash","Intimidate","Armaments"],"picked":"SKIP","floor":39},{"not_picked":["Sword Boomerang+1","Warcry"],"picked":"Headbutt+1","floor":42},{"not_picked":["Spot Weakness","Warcry","Searing Blow+1"],"picked":"SKIP","floor":45},{"not_picked":["Perfected Strike+1","Armaments+1"],"picked":"Blood for Blood+1","floor":47},{"not_picked":["Twin Strike+1","Evolve","Warcry+1"],"picked":"SKIP","floor":48}],"player_experience":232489,"relics_obtained":[{"floor":7,"key":"War Paint"},{"floor":9,"key":"Paper Frog"},{"floor":10,"key":"Vajra"},{"floor":23,"key":"PreservedInsect"},{"floor":25,"key":"Blood Vial"},{"floor":26,"key":"Strawberry"},{"floor":42,"key":"Darkstone Periapt"},{"floor":43,"key":"Bronze Scales"},{"floor":45,"key":"Lantern"}],"event_choices":[{"event_name":"Shining Light","player_choice":"Entered Light","floor":2,"damage_taken":0},{"event_name":"World of Goop","player_choice":"Gather Gold","floor":3,"damage_taken":0},{"event_name":"Scrap Ooze","player_choice":"success","floor":11,"damage_taken":3},{"event_name":"Transmorgrifier","player_choice":"Transform","floor":12,"damage_taken":0},{"event_name":"Golden Shrine","player_choice":"Pray","floor":30,"damage_taken":0},{"event_name":"Winding Halls","player_choice":"Embrace Madness","floor":37,"damage_taken":0},{"event_name":"Duplicator","player_choice":"One dupe","floor":41,"damage_taken":0}],"is_beta":false,"boss_relics":[{"not_picked":["Fusion Hammer","Calling Bell"],"picked":"Snecko Eye"},{"not_picked":["Orrery","Black Blood"],"picked":"Cursed Key"}],"items_purged_floors":[],"is_endless":false,"potions_floor_spawned":[7,16,20,23,25,35,38],"killed_by":"Awakened One","ascension_level":5}