{"gold_per_floor":[114,24,37,47,61,61,76,76,76,93,93,93,43,58,58,162,212,228,245,263,263,263,263,273,273,297,311,311,330,330,364,376,490,502,527,1538,1550,1572,768,768,786,815,815,835,835,13,13,40,40,40],"floor_reached":51,"playtime":2372,"items_purged":["Normality","Normality"],"score":1081,"play_id":"a2af5775-9a94-41d0-b36d-20d0bcaed886","local_time":"20190316135955","is_ascension_mode":true,"campfire_choices":[{"data":"Double Energy","floor":6.0,"key":"SMITH"},{"data":"Defragment","floor":8.0,"key":"SMITH"},{"data":"White Noise","floor":12.0,"key":"SMITH"},{"data":"Echo Form","floor":15.0,"key":"SMITH"},{"data":"White Noise","floor":23.0,"key":"SMITH"},{"data":"Bandage Up","floor":25.0,"key":"SMITH"},{"floor":28.0,"key":"REST"},{"data":"Electrodynamics","floor":30.0,"key":"SMITH"},{"data":"Defend_B","floor":32.0,"key":"SMITH"},{"data":"Defend_B","floor":40.0,"key":"SMITH"},{"data":"Defend_B","floor":45.0,"key":"SMITH"},{"data":"White Noise","floor":49.0,"key":"SMITH"}],"neow_cost":"NONE","seed_source_timestamp":14111123824359,"circlet_count":0,"master_deck":["Strike_B","Strike_B+1","Defend_B+1","Defend_B+1","Defend_B","Defend_B+1","Zap","Dualcast","Echo Form+1","Double Energy+1","Bandage Up+1","White Noise+1","Defragment+1","Buffer+1","White Noise+1","Electrodynamics+1","Loop+1","Conserve Battery+1","Writhe","BootSequence+1","Buffer+1","Flash of Steel","Reinforced Body+1","Conserve Battery+1","Loop","White Noise+1"],"special_seed":0,"relics":["Cracked Core","Bottled Lightning","Tiny House","Boot","MawBank","Nuclear Battery","DollysMirror","PreservedInsect","Dead Branch","Pantograph","The Courier","Oddly Smooth Stone","TheAbacus","Strawberry","Regal Pillow","Orichalcum","CultistMask","Mercury Hourglass"],"potions_floor_usage":[50,50],"damage_taken":[{"damage":8.0,"enemies":"2 Louse","floor":1.0,"turns":3.0},{"damage":7.0,"enemies":"Jaw Worm","floor":3.0,"turns":3.0},{"damage":0.0,"enemies":"Small Slimes","floor":4.0,"turns":2.0},{"damage":1.0,"enemies":"Exordium Wildlife","floor":5.0,"turns":3.0},{"damage":21.0,"enemies":"Gremlin Gang","floor":7.0,"turns":4.0},{"damage":7.0,"enemies":"Looter","floor":10.0,"turns":3.0},{"damage":5.0,"enemies":"3 Louse","floor":14.0,"turns":6.0},{"damage":46.0,"enemies":"Hexaghost","floor":16.0,"turns":7.0},{"damage":0.0,"enemies":"3 Byrds","floor":18.0,"turns":5.0},{"damage":2.0,"enemies":"Chosen","floor":19.0,"turns":4.0},{"damage":28.0,"enemies":"Sentry and Sphere","floor":20.0,"turns":4.0},{"damage":7.0,"enemies":"Chosen and Byrds","floor":24.0,"turns":7.0},{"damage":32.0,"enemies":"Snake Plant","floor":27.0,"turns":5.0},{"damage":6.0,"enemies":"3 Cultists","floor":29.0,"turns":3.0},{"damage":20.0,"enemies":"Gremlin Leader","floor":31.0,"turns":6.0},{"damage":30.0,"enemies":"Collector","floor":33.0,"turns":8.0},{"damage":40.0,"enemies":"3 Darklings","floor":35.0,"turns":5.0},{"damage":0.0,"enemies":"3 Shapes","floor":38.0,"turns":1.0},{"damage":0.0,"enemies":"Transient","floor":41.0,"turns":5.0},{"damage":2.0,"enemies":"Giant Head","floor":42.0,"turns":10.0},{"damage":18.0,"enemies":"Maw","floor":44.0,"turns":8.0},{"damage":0.0,"enemies":"Nemesis","floor":48.0,"turns":5.0},{"damage":26,"enemies":"Time Eater","floor":50,"turns":13}],"seed_played":"-9088647615733186807","potions_obtained":[{"floor":1.0,"key":"Explosive Potion"},{"floor":5.0,"key":"Energy Potion"},{"floor":7.0,"key":"Swift Potion"},{"floor":16.0,"key":"SkillPotion"},{"floor":17.0,"key":"SpeedPotion"},{"floor":18.0,"key":"FairyPotion"},{"floor":19.0,"key":"PowerPotion"},{"floor":27.0,"key":"SkillPotion"},{"floor":33.0,"key":"Explosive Potion"},{"floor":35.0,"key":"Dexterity Potion"},{"floor":38.0,"key":"Block Potion"}],"is_trial":false,"path_per_floor":["M","$","M","M","M","R","M","R","T","M","?","R","?","M","R","B",null,"M","M","M","?","?","R","M","R","T","M","R","M","R","E","R","B",null,"M","?","?","M","$","R","M","E","T","M","R","$","?","E","R","B",null],"character_chosen":"DEFECT","items_purchased":["Bandage Up","DollysMirror","PreservedInsect","Dead Branch","Flash of Steel","Oddly Smooth Stone","TheAbacus","Loop","Strawberry","Regal Pillow","Orichalcum","Swift Potion"],"campfire_rested":1,"item_purchase_floors":[2,39,39,39,39,46,46,46,46,46,46,46],"current_hp_per_floor":[60,60,57,61,64,64,47,47,47,44,69,69,69,72,72,29,69,73,75,51,51,51,51,52,52,52,26,50,50,50,42,42,18,65,31,31,51,51,51,51,57,61,61,49,49,56,56,68,68,67],"gold":40,"neow_bonus":"ONE_RANDOM_RARE_CARD","is_prod":false,"is_daily":false,"chose_seed":false,"campfire_upgraded":11,"win_rate":0,"timestamp":1552715995,"path_taken":["M","$","M","M","M","R","M","R","T","M","?","R","?","M","R","BOSS","M","M","M","?","?","R","?","R","T","M","R","M","R","E","R","BOSS","M","?","?","M","$","R","M","E","T","M","R","$","?","E","R","BOSS"],"build_version":"2019-01-23","purchased_purges":2,"victory":true,"max_hp_per_floor":[75,75,75,75,75,75,75,75,75,75,75,75,75,75,75,75,80,80,80,80,80,80,80,80,80,80,80,80,80,80,80,80,80,80,80,80,80,80,80,80,80,80,80,80,80,87,87,87,87,87],"card_choices":[{"not_picked":["Gash","Rebound"],"picked":"Double Energy","floor":1.0},{"not_picked":["Barrage","Streamline"],"picked":"White Noise","floor":3.0},{"not_picked":["Go for the Eyes","Hologram","Stack"],"picked":"SKIP","floor":4.0},{"not_picked":["Coolheaded","Static Discharge"],"picked":"Defragment","floor":5.0},{"not_picked":["Beam Cell","FTL","All For One"],"picked":"SKIP","floor":7.0},{"not_picked":["Hologram","Redo","Sweeping Beam"],"picked":"SKIP","floor":10.0},{"not_picked":["Conserve Battery","Cold Snap","Compile Driver"],"picked":"SKIP","floor":14.0},{"not_picked":["Amplify","Meteor Strike"],"picked":"Buffer","floor":16.0},{"not_picked":["Steam","Melter"],"picked":"White Noise","floor":18.0},{"not_picked":["Conserve Battery","Recycle+1","Beam Cell+1"],"picked":"SKIP","floor":19.0},{"not_picked":["Aggregate","Melter+1","Fission"],"picked":"SKIP","floor":20.0},{"not_picked":["Coolheaded","Scrape+1","Ball Lightning+1"],"picked":"SKIP","floor":24.0},{"not_picked":["Cold Snap+1","Steam+1"],"picked":"Electrodynamics","floor":27.0},{"not_picked":["Aggregate+1","Turbo+1"],"picked":"Loop+1","floor":29.0},{"not_picked":["Scrape+1","Steam","Beam Cell+1"],"picked":"SKIP","floor":31.0},{"not_picked":["Go for the Eyes+1","Ball Lightning"],"picked":"Conserve Battery+1","floor":35.0},{"not_picked":["Chill+1","Auto Shields+1"],"picked":"BootSequence+1","floor":38.0},{"not_picked":["Compile Driver","Barrage","Go for the Eyes+1"],"picked":"SKIP","floor":41.0},{"not_picked":["Skim","Auto Shields"],"picked":"Reinforced Body+1","floor":42.0},{"not_picked":["Turbo","FTL+1"],"picked":"Conserve Battery+1","floor":44.0},{"not_picked":["Reprogram+1","Redo+1"],"picked":"White Noise","floor":48.0}],"player_experience":326050,"relics_obtained":[{"floor":9.0,"key":"Bottled Lightning"},{"floor":26.0,"key":"Boot"},{"floor":31.0,"key":"MawBank"},{"floor":42.0,"key":"Pantograph"},{"floor":43.0,"key":"The Courier"},{"floor":48.0,"key":"Mercury Hourglass"}],"event_choices":[{"damage_healed":25.0,"max_hp_gain":0.0,"max_hp_loss":0.0,"gold_gain":0.0,"event_name":"Big Fish","player_choice":"Banana","floor":11.0,"gold_loss":0.0,"damage_taken":0.0},{"cards_removed":["Strike_B"],"damage_healed":0.0,"max_hp_gain":0.0,"max_hp_loss":0.0,"gold_gain":0.0,"event_name":"The Cleric","player_choice":"Card Removal","floor":13.0,"gold_loss":50.0,"damage_taken":0.0},{"cards_removed":["Strike_B"],"damage_healed":0.0,"max_hp_gain":0.0,"max_hp_loss":0.0,"gold_gain":0.0,"event_name":"Back to Basics","player_choice":"Elegance","floor":21.0,"gold_loss":0.0,"damage_taken":0.0},{"damage_healed":0.0,"max_hp_gain":0.0,"max_hp_loss":0.0,"gold_gain":0.0,"event_name":"Accursed Blacksmith","player_choice":"Forge","floor":22.0,"gold_loss":0.0,"damage_taken":0.0,"cards_upgraded":["Buffer"]},{"damage_healed":0.0,"max_hp_gain":0.0,"max_hp_loss":0.0,"gold_gain":999.0,"event_name":"MindBloom","player_choice":"Gold","floor":36.0,"gold_loss":0.0,"damage_taken":0.0,"cards_obtained":["Normality","Normality"]},{"damage_healed":20.0,"max_hp_gain":0.0,"max_hp_loss":0.0,"gold_gain":0.0,"event_name":"Winding Halls","player_choice":"Writhe","floor":37.0,"gold_loss":0.0,"damage_taken":0.0,"cards_obtained":["Writhe"]},{"damage_healed":0.0,"max_hp_gain":0.0,"max_hp_loss":0.0,"gold_gain":0.0,"event_name":"FaceTrader","player_choice":"Trade","floor":47.0,"gold_loss":0.0,"damage_taken":0.0,"relics_obtained":["CultistMask"]}],"is_beta":false,"boss_relics":[{"not_picked":["Fusion Hammer","Velvet Choker"],"picked":"Tiny House"},{"not_picked":["Black Star","Philosopher\u0027s Stone"],"picked":"Nuclear Battery"}],"items_purged_floors":[39,46],"is_endless":false,"potions_floor_spawned":[1,5,7,16,18,19,27,33,35,38,48],"ascension_level":9}