{"gold_per_floor":[115,65,39,39,39,79,98,137,191,227,245,245,1,1,1,132,132,148,247,13,13,28,28,69,69,69,104,116],"floor_reached":28,"playtime":668,"items_purged":["Regret","Strike_R"],"score":426,"play_id":"0edd293a-1a7b-4e14-9f22-d71d405cd1c5","local_time":"20190324173904","is_ascension_mode":true,"campfire_choices":[{"data":"Immolate","floor":12.0,"key":"SMITH"},{"data":"Bash","floor":15.0,"key":"SMITH"},{"data":"Flex","floor":23.0,"key":"SMITH"}],"neow_cost":"NONE","seed_source_timestamp":21416037157580,"circlet_count":0,"master_deck":["AscendersBane","Strike_R","Strike_R","Strike_R","Strike_R","Defend_R","Defend_R","Defend_R","Bash+1","Clash","Flex+1","Flex","Cleave","Immolate+1","Pummel","Rupture","Impatience","Brutality","Flex","Impatience","Hemokinesis+1"],"special_seed":0,"relics":["Burning Blood","NeowsBlessing","Golden Idol","Orichalcum","Sundial","Bag of Marbles","Dream Catcher","Pantograph","Lizard Tail","PreservedInsect","Enchiridion","MawBank","Art of War"],"potions_floor_usage":[28,28],"damage_taken":[{"damage":0.0,"enemies":"Cultist","floor":1.0,"turns":1.0},{"damage":3.0,"enemies":"3 Sentries","floor":6.0,"turns":2.0},{"damage":0.0,"enemies":"Small Slimes","floor":7.0,"turns":1.0},{"damage":20.0,"enemies":"Lagavulin","floor":8.0,"turns":5.0},{"damage":33.0,"enemies":"3 Sentries","floor":10.0,"turns":6.0},{"damage":0.0,"enemies":"2 Louse","floor":11.0,"turns":1.0},{"damage":52.0,"enemies":"Hexaghost","floor":16.0,"turns":9.0},{"damage":7.0,"enemies":"Chosen","floor":18.0,"turns":3.0},{"damage":23.0,"enemies":"2 Thieves","floor":22.0,"turns":3.0},{"damage":26.0,"enemies":"Gremlin Leader","floor":24.0,"turns":4.0},{"damage":1,"enemies":"Snecko","floor":28,"turns":3}],"seed_played":"-4914852748159241558","potions_obtained":[{"floor":6.0,"key":"PowerPotion"},{"floor":8.0,"key":"Dexterity Potion"},{"floor":11.0,"key":"Energy Potion"},{"floor":22.0,"key":"Block Potion"},{"floor":24.0,"key":"Dexterity Potion"}],"is_trial":false,"path_per_floor":["M","?","$","?","?","E","M","E","T","E","M","R","$","?","R","B",null,"M","?","$","?","M","R","E","?","T","T","M"],"character_chosen":"IRONCLAD","items_purchased":["Flex","Rupture","Impatience","Flex","Impatience"],"campfire_rested":0,"item_purchase_floors":[3,13,13,20,20],"current_hp_per_floor":[78,78,78,58,58,61,67,53,53,26,32,32,32,32,32,11,63,62,62,62,62,45,45,25,9,9,9,8],"gold":116,"neow_bonus":"THREE_ENEMY_KILL","is_prod":false,"is_daily":false,"chose_seed":false,"campfire_upgraded":3,"win_rate":0,"timestamp":1553416744,"path_taken":["M","?","$","?","?","E","M","E","T","E","M","R","$","?","R","BOSS","M","?","$","?","M","R","E","?","T","?","M"],"build_version":"2019-01-23","purchased_purges":2,"victory":false,"max_hp_per_floor":[80,80,80,80,80,80,80,80,80,80,80,80,80,80,80,80,80,80,80,80,80,80,80,80,80,80,80,80],"card_choices":[{"not_picked":["Thunderclap","Headbutt"],"picked":"Clash","floor":1.0},{"not_picked":["Anger","Feel No Pain"],"picked":"Flex","floor":6.0},{"not_picked":["Body Slam","Thunderclap"],"picked":"Cleave","floor":7.0},{"not_picked":["True Grit","Heavy Blade"],"picked":"Immolate","floor":8.0},{"not_picked":["Cleave","Iron Wave"],"picked":"Pummel","floor":10.0},{"not_picked":["Dropkick","Clothesline","Warcry"],"picked":"SKIP","floor":11.0},{"not_picked":["Barricade","Feed"],"picked":"Brutality","floor":16.0},{"not_picked":["Rampage","Body Slam+1","Anger"],"picked":"SKIP","floor":18.0},{"not_picked":["Corruption+1","Shrug It Off","Body Slam"],"picked":"SKIP","floor":22.0},{"not_picked":["Reckless Charge","Bludgeon"],"picked":"Hemokinesis+1","floor":24.0}],"player_experience":389101,"relics_obtained":[{"floor":6.0,"key":"Sundial"},{"floor":8.0,"key":"Bag of Marbles"},{"floor":9.0,"key":"Dream Catcher"},{"floor":10.0,"key":"Pantograph"},{"floor":24.0,"key":"PreservedInsect"},{"floor":25.0,"key":"Enchiridion"},{"floor":26.0,"key":"MawBank"},{"floor":27.0,"key":"Art of War"}],"event_choices":[{"cards_removed":["Defend_R"],"damage_healed":0.0,"max_hp_gain":0.0,"max_hp_loss":0.0,"gold_gain":0.0,"event_name":"The Cleric","player_choice":"Card Removal","floor":2.0,"gold_loss":50.0,"damage_taken":0.0},{"damage_healed":0.0,"max_hp_gain":0.0,"max_hp_loss":0.0,"gold_gain":0.0,"event_name":"Golden Idol","player_choice":"Take Damage","floor":4.0,"gold_loss":0.0,"damage_taken":20.0,"relics_obtained":["Golden Idol"]},{"damage_healed":0.0,"max_hp_gain":0.0,"max_hp_loss":0.0,"gold_gain":0.0,"event_name":"Big Fish","player_choice":"Box","floor":5.0,"gold_loss":0.0,"damage_taken":0.0,"relics_obtained":["Orichalcum"],"cards_obtained":["Regret"]},{"damage_healed":0.0,"max_hp_gain":0.0,"max_hp_loss":0.0,"gold_gain":0.0,"event_name":"Liars Game","player_choice":"Ignored","floor":14.0,"gold_loss":0.0,"damage_taken":0.0},{"damage_healed":0.0,"max_hp_gain":0.0,"max_hp_loss":0.0,"gold_gain":99.0,"event_name":"Nest","player_choice":"Stole From Cult","floor":19.0,"gold_loss":0.0,"damage_taken":0.0},{"damage_healed":0.0,"max_hp_gain":0.0,"max_hp_loss":0.0,"gold_gain":0.0,"event_name":"Vampires","player_choice":"Ignored","floor":21.0,"gold_loss":0.0,"damage_taken":0.0},{"damage_healed":0.0,"max_hp_gain":0.0,"max_hp_loss":0.0,"gold_gain":0.0,"event_name":"Cursed Tome","player_choice":"Obtained Book","floor":25.0,"gold_loss":0.0,"damage_taken":16.0}],"is_beta":false,"boss_relics":[{"not_picked":["Calling Bell","Empty Cage"],"picked":"Lizard Tail"}],"items_purged_floors":[13,20],"is_endless":false,"potions_floor_spawned":[6,8,11,16,22,24],"killed_by":"Snecko","ascension_level":11}