{"gold_per_floor":[115,133,146,165,185,185,185,196,196,196,212,227,227,227,227,227],"floor_reached":16,"playtime":973,"items_purged":[],"score":96,"play_id":"a1855faa-4003-4097-b051-f5e7e066e2cf","local_time":"20181016224138","is_ascension_mode":false,"campfire_choices":[{"data":"Juggernaut","floor":6,"key":"SMITH"},{"data":"Entrench","floor":15,"key":"SMITH"}],"neow_cost":"NONE","seed_source_timestamp":338548428912074,"circlet_count":0,"master_deck":["Strike_R","Strike_R","Strike_R","Strike_R","Strike_R","Defend_R","Defend_R","Defend_R","Defend_R","Bash","Juggernaut+1","Pommel Strike","Iron Wave","Burning Pact","Body Slam","Double Tap","Entrench+1","Parasite","Havoc","Exhume"],"relics":["Burning Blood"],"potions_floor_usage":[3,11,16],"damage_taken":[{"damage":3,"enemies":"Small Slimes","floor":1,"turns":3},{"damage":6,"enemies":"Cultist","floor":2,"turns":3},{"damage":0,"enemies":"Jaw Worm","floor":3,"turns":3},{"damage":12,"enemies":"Looter","floor":4,"turns":5},{"damage":10,"enemies":"Large Slime","floor":5,"turns":6},{"damage":14,"enemies":"Lots of Slimes","floor":8,"turns":6},{"damage":10,"enemies":"Looter","floor":11,"turns":3},{"damage":8,"enemies":"Red Slaver","floor":12,"turns":2},{"damage":80,"enemies":"The Guardian","floor":16,"turns":10}],"seed_played":"4306278594075799768","potions_obtained":[{"floor":2,"key":"Block Potion"},{"floor":3,"key":"FearPotion"},{"floor":8,"key":"FearPotion"}],"is_trial":false,"path_per_floor":["M","M","M","M","M","R","?","M","T","?","M","M","?","?","R"],"character_chosen":"IRONCLAD","items_purchased":[],"campfire_rested":0,"item_purchase_floors":[],"current_hp_per_floor":[80,80,80,74,70,70,70,62,62,80,76,74,74,74,74,0],"gold":227,"neow_bonus":"ONE_RANDOM_RARE_CARD","is_prod":false,"is_daily":false,"chose_seed":false,"campfire_upgraded":2,"win_rate":0,"timestamp":1539722498,"path_taken":["M","M","M","M","M","R","?","M","T","?","M","?","?","?","R","BOSS"],"build_version":"2018-10-11","purchased_purges":0,"victory":false,"max_hp_per_floor":[80,80,80,80,80,80,80,80,80,80,80,80,80,80,80,80],"card_choices":[{"not_picked":["Heavy Blade","Thunderclap"],"picked":"Pommel Strike","floor":1},{"not_picked":["Uppercut","Heavy Blade"],"picked":"Iron Wave","floor":2},{"not_picked":["Uppercut","Evolve"],"picked":"Burning Pact","floor":3},{"not_picked":["Thunderclap","Clothesline"],"picked":"Body Slam","floor":4},{"not_picked":["Battle Trance","Anger"],"picked":"Double Tap","floor":5},{"not_picked":["Clothesline","Inflame"],"picked":"Entrench","floor":8},{"not_picked":["Pommel Strike","Clothesline"],"picked":"Havoc","floor":11},{"not_picked":["Spot Weakness","Blood for Blood","Anger"],"picked":"SKIP","floor":12}],"player_experience":244988,"relics_obtained":[],"event_choices":[{"event_name":"Golden Idol","player_choice":"Ignored","floor":7,"damage_taken":0},{"event_name":"Mushrooms","player_choice":"Healed and dodged fight","floor":10,"damage_taken":0},{"event_name":"Match and Keep!","player_choice":"1 cards matched","floor":13,"damage_taken":0},{"event_name":"Golden Wing","player_choice":"Ignored","floor":14,"damage_taken":0}],"is_beta":false,"boss_relics":[],"items_purged_floors":[],"is_endless":false,"potions_floor_spawned":[2,3,8],"killed_by":"The Guardian","ascension_level":0}