{"gold_per_floor":[113,113,132,147,166,196,196,207,234,234,11,25,25,25,25,127,127,141,72,84,84,99,109,109,109,188,17,17,41,41,51,51,150,150,161,161,161,180,55,81,3,3,3,3,27,43,43,54,54,54],"floor_reached":50,"playtime":1664,"items_purged":["Strike_G","Strike_G","Tools of the Trade"],"score":520,"play_id":"81b137d4-3c0b-4dbe-8c4f-b75a68240fc0","local_time":"20190317015045","is_ascension_mode":false,"campfire_choices":[{"data":"Corpse Explosion","floor":7.0,"key":"SMITH"},{"data":"Catalyst","floor":10.0,"key":"SMITH"},{"data":"Corpse Explosion","floor":15.0,"key":"SMITH"},{"floor":28.0,"key":"REST"},{"data":"Survivor","floor":30.0,"key":"SMITH"},{"data":"Neutralize","floor":32.0,"key":"SMITH"},{"floor":49,"key":"REST"}],"neow_cost":"NONE","seed_source_timestamp":11760452984176,"circlet_count":0,"master_deck":["Defend_G","Defend_G","Defend_G","Defend_G","Defend_G","Strike_G","Strike_G","Survivor+1","Neutralize+1","Calculated Gamble","Calculated Gamble","Corpse Explosion+1","Catalyst+1","Corpse Explosion+1","Backflip","Noxious Fumes","Bouncing Flask","Catalyst+1","Deflect+1","Acrobatics+1","Noxious Fumes","Corpse Explosion","Catalyst","Noxious Fumes","Footwork"],"special_seed":0,"relics":["Ring of the Snake"],"potions_floor_usage":[48,50,50,50],"damage_taken":[{"damage":0.0,"enemies":"2 Louse","floor":1.0,"turns":4.0},{"damage":1.0,"enemies":"Cultist","floor":3.0,"turns":4.0},{"damage":0.0,"enemies":"Jaw Worm","floor":4.0,"turns":6.0},{"damage":14.0,"enemies":"Large Slime","floor":5.0,"turns":17.0},{"damage":13.0,"enemies":"3 Sentries","floor":6.0,"turns":5.0},{"damage":0.0,"enemies":"3 Louse","floor":8.0,"turns":2.0},{"damage":0.0,"enemies":"Lots of Slimes","floor":12.0,"turns":1.0},{"damage":18.0,"enemies":"Hexaghost","floor":16.0,"turns":5.0},{"damage":1.0,"enemies":"Chosen","floor":18.0,"turns":4.0},{"damage":11.0,"enemies":"2 Thieves","floor":20.0,"turns":3.0},{"damage":20.0,"enemies":"Sentry and Sphere","floor":22.0,"turns":6.0},{"damage":7.0,"enemies":"Snake Plant","floor":23.0,"turns":2.0},{"damage":1.0,"enemies":"Centurion and Healer","floor":31.0,"turns":4.0},{"damage":31.0,"enemies":"Collector","floor":33.0,"turns":5.0},{"damage":0.0,"enemies":"3 Shapes","floor":35.0,"turns":2.0},{"damage":0.0,"enemies":"3 Darklings","floor":38.0,"turns":2.0},{"damage":62,"enemies":"Reptomancer","floor":40,"turns":4},{"damage":45,"enemies":"Writhing Mass","floor":46,"turns":5},{"damage":12,"enemies":"Sphere and 2 Shapes","floor":48,"turns":4},{"damage":55,"enemies":"Donu and Deca","floor":50,"turns":4}],"seed_played":"4650058653238952873","potions_obtained":[{"floor":6.0,"key":"SpeedPotion"},{"floor":8.0,"key":"Dexterity Potion"},{"floor":12.0,"key":"Ancient Potion"},{"floor":16.0,"key":"SkillPotion"},{"floor":20.0,"key":"SteroidPotion"},{"floor":23.0,"key":"Strength Potion"},{"floor":33.0,"key":"Poison Potion"},{"floor":40,"key":"EssenceOfSteel"},{"floor":48,"key":"Regen Potion"}],"is_trial":false,"path_per_floor":["M","?","M","M","M","E","R","M","T","R","$","M","?","?","R","B",null,"M","$","M","?","M","M","?","?","T","$","R","T","R","M","R","B",null,"M","?","?","M","$","E","$","?","T","?","T","M","?","M","R","B"],"character_chosen":"THE_SILENT","items_purchased":["Corpse Explosion","Noxious Fumes","Noxious Fumes","Noxious Fumes"],"campfire_rested":2,"item_purchase_floors":[11,19,27,41],"current_hp_per_floor":[77,77,76,76,62,49,49,49,49,49,49,49,49,49,49,31,77,76,76,65,65,45,38,38,38,38,38,61,61,61,60,60,29,77,77,73,73,73,73,11,11,73,73,73,73,28,28,16,37,0],"gold":54,"neow_bonus":"TEN_PERCENT_HP_BONUS","is_prod":false,"is_daily":false,"chose_seed":false,"campfire_upgraded":5,"win_rate":0,"timestamp":1552758645,"path_taken":["M","?","?","M","M","E","R","?","T","R","$","M","?","?","R","BOSS","M","$","M","?","M","?","?","?","T","?","R","?","R","M","R","BOSS","M","?","?","M","$","E","?","?","T","?","?","?","?","M","R","BOSS"],"build_version":"2019-01-23","purchased_purges":3,"victory":false,"max_hp_per_floor":[77,77,77,77,77,77,77,77,77,77,77,77,77,77,77,77,77,77,77,77,77,77,77,77,77,77,77,77,77,77,77,77,77,77,77,73,73,73,73,73,73,73,73,73,73,73,73,73,73,73],"card_choices":[{"not_picked":["Quick Slash","Backflip"],"picked":"Calculated Gamble","floor":1.0},{"not_picked":["Expertise","Acrobatics","Outmaneuver"],"picked":"SKIP","floor":3.0},{"not_picked":["Quick Slash","Flying Knee"],"picked":"Calculated Gamble","floor":4.0},{"not_picked":["Poisoned Stab","Dagger Throw"],"picked":"Corpse Explosion","floor":5.0},{"not_picked":["Bane","Predator","Dash"],"picked":"SKIP","floor":6.0},{"not_picked":["Backflip","Blur"],"picked":"Catalyst","floor":8.0},{"not_picked":["Deflect","Infinite Blades"],"picked":"Well Laid Plans","floor":12.0},{"not_picked":["Wraith Form v2","Storm of Steel"],"picked":"Tools of the Trade","floor":16.0},{"not_picked":["Underhanded Strike+1","Sucker Punch"],"picked":"Backflip","floor":18.0},{"not_picked":["Backflip","Cloak And Dagger"],"picked":"Bouncing Flask","floor":20.0},{"not_picked":["Well Laid Plans","Masterful Stab"],"picked":"Deflect+1","floor":22.0},{"not_picked":["Backstab","Dash"],"picked":"Acrobatics+1","floor":23.0},{"not_picked":["Terror","Skewer","Deadly Poison"],"picked":"SKIP","floor":31.0},{"not_picked":["Venomology","Doppelganger"],"picked":"Corpse Explosion","floor":33.0},{"not_picked":["Dagger Throw","Prepared"],"picked":"Catalyst","floor":35.0},{"not_picked":["Dagger Spray+1","Storm of Steel","Blade Dance"],"picked":"SKIP","floor":38.0},{"not_picked":["Dash","Blade Dance+1","Eviscerate"],"picked":"SKIP","floor":40},{"not_picked":["Setup","Slice+1","Deadly Poison"],"picked":"SKIP","floor":46},{"not_picked":["Slice+1","Concentrate"],"picked":"Footwork","floor":48}],"player_experience":340895,"relics_obtained":[],"event_choices":[{"cards_removed":["Strike_G"],"damage_healed":0.0,"max_hp_gain":0.0,"max_hp_loss":0.0,"gold_gain":0.0,"event_name":"Wheel of Change","player_choice":"Card Removal","floor":2.0,"gold_loss":0.0,"damage_taken":0.0},{"damage_healed":0.0,"max_hp_gain":0.0,"max_hp_loss":0.0,"gold_gain":0.0,"event_name":"The Cleric","player_choice":"Leave","floor":13.0,"gold_loss":0.0,"damage_taken":0.0},{"damage_healed":0.0,"max_hp_gain":0.0,"max_hp_loss":0.0,"gold_gain":0.0,"event_name":"Golden Idol","player_choice":"Ignored","floor":14.0,"gold_loss":0.0,"damage_taken":0.0},{"damage_healed":0.0,"max_hp_gain":0.0,"max_hp_loss":0.0,"gold_gain":0.0,"event_name":"Duplicator","player_choice":"Copied","floor":21.0,"gold_loss":0.0,"damage_taken":0.0,"cards_obtained":["Catalyst"]},{"damage_healed":0.0,"max_hp_gain":0.0,"max_hp_loss":0.0,"gold_gain":0.0,"event_name":"Vampires","player_choice":"Ignored","floor":24.0,"gold_loss":0.0,"damage_taken":0.0},{"damage_healed":0.0,"max_hp_gain":0.0,"max_hp_loss":0.0,"gold_gain":0.0,"event_name":"Cursed Tome","player_choice":"Ignored","floor":25.0,"gold_loss":0.0,"damage_taken":0.0},{"damage_healed":0.0,"max_hp_gain":0.0,"max_hp_loss":4.0,"gold_gain":0.0,"event_name":"Winding Halls","player_choice":"Max HP","floor":36.0,"gold_loss":0.0,"damage_taken":0.0},{"cards_removed":["Well Laid Plans"],"damage_healed":0.0,"max_hp_gain":0.0,"max_hp_loss":0.0,"gold_gain":0.0,"event_name":"Falling","player_choice":"Removed Power","floor":37.0,"gold_loss":0.0,"damage_taken":0.0},{"damage_healed":62,"gold_gain":0,"player_choice":"Heal","damage_taken":0,"max_hp_gain":0,"max_hp_loss":0,"event_name":"MindBloom","floor":42,"gold_loss":0,"cards_obtained":["Doubt"]},{"damage_healed":0,"gold_gain":0,"player_choice":"Ignored","damage_taken":0,"max_hp_gain":0,"max_hp_loss":0,"event_name":"Mysterious Sphere","floor":44,"gold_loss":0},{"cards_removed":["Doubt"],"damage_healed":0,"gold_gain":0,"player_choice":"Card Removal","damage_taken":0,"max_hp_gain":0,"max_hp_loss":0,"event_name":"Wheel of Change","floor":47,"gold_loss":0}],"is_beta":false,"boss_relics":[{"not_picked":["Snecko Eye","Coffee Dripper","Runic Dome"]},{"not_picked":["Orrery","Tiny House","Empty Cage"]}],"items_purged_floors":[11,27,39],"is_endless":false,"potions_floor_spawned":[6,8,12,16,20,23,33,40,48],"killed_by":"Donu and Deca","ascension_level":0}