{"gold_per_floor":[20,31,48,61,61,95,110,110,110,138,138,138],"floor_reached":12,"playtime":1365,"items_purged":[],"score":95,"play_id":"db92c62f-4482-4739-951b-13232b28234e","local_time":"20181126200913","is_ascension_mode":true,"campfire_choices":[{"data":"Self Repair","floor":8,"key":"SMITH"},{"data":"Capacitor","floor":11,"key":"SMITH"}],"neow_cost":"NO_GOLD","seed_source_timestamp":33677726693607,"circlet_count":0,"master_deck":["Strike_B","Strike_B","Strike_B","Strike_B","Defend_B","Defend_B","Defend_B","Defend_B","Zap","Dualcast","Meteor Strike","Cold Snap","Hologram","Leap","Capacitor+1","Self Repair+1","Turbo","Machine Learning"],"relics":["Cracked Core","Mercury Hourglass","Mummified Hand","Art of War"],"potions_floor_usage":[10,12],"damage_taken":[{"damage":10,"enemies":"Small Slimes","floor":1,"turns":3},{"damage":0,"enemies":"2 Louse","floor":2,"turns":3},{"damage":0,"enemies":"Cultist","floor":3,"turns":3},{"damage":3,"enemies":"Looter","floor":4,"turns":4},{"damage":25,"enemies":"Lagavulin","floor":6,"turns":8},{"damage":5,"enemies":"Blue Slaver","floor":7,"turns":4},{"damage":14,"enemies":"3 Sentries","floor":10,"turns":8},{"damage":71,"enemies":"Gremlin Nob","floor":12,"turns":4}],"seed_played":"-7492400387083465804","potions_obtained":[{"floor":4,"key":"Swift Potion"},{"floor":6,"key":"SneckoOil"},{"floor":7,"key":"LiquidBronze"}],"is_trial":false,"path_per_floor":["M","M","M","M","?","E","M","R","T","E","R","E"],"character_chosen":"DEFECT","items_purchased":[],"campfire_rested":0,"item_purchase_floors":[],"current_hp_per_floor":[65,65,65,62,67,42,44,44,44,40,40,0],"gold":138,"neow_bonus":"THREE_RARE_CARDS","is_prod":false,"is_daily":false,"chose_seed":false,"campfire_upgraded":2,"win_rate":0,"timestamp":1543230553,"path_taken":["M","M","M","M","?","E","M","R","T","E","R","E"],"build_version":"2018-11-15","purchased_purges":0,"victory":false,"max_hp_per_floor":[75,75,75,75,80,80,80,80,80,80,80,80],"card_choices":[{"not_picked":["Hyperbeam","Thunder Strike"],"picked":"Meteor Strike","floor":0},{"not_picked":["Beam Cell","Reprogram"],"picked":"Cold Snap","floor":1},{"not_picked":["Rebound","Gash"],"picked":"Hologram","floor":2},{"not_picked":["Beam Cell","White Noise"],"picked":"Leap","floor":3},{"not_picked":["Beam Cell","Rainbow"],"picked":"Capacitor","floor":4},{"not_picked":["White Noise","Cold Snap"],"picked":"Self Repair","floor":6},{"not_picked":["Compile Driver","Heatsinks"],"picked":"Turbo","floor":7},{"not_picked":["Go for the Eyes","Chill"],"picked":"Machine Learning","floor":10}],"player_experience":81339,"relics_obtained":[{"floor":6,"key":"Mercury Hourglass"},{"floor":9,"key":"Mummified Hand"},{"floor":10,"key":"Art of War"}],"event_choices":[{"damage_healed":0,"gold_gain":0,"player_choice":"Donut","damage_taken":0,"max_hp_gain":5,"max_hp_loss":0,"event_name":"Big Fish","floor":5,"gold_loss":0}],"is_beta":false,"boss_relics":[],"items_purged_floors":[],"is_endless":false,"potions_floor_spawned":[4,6,7],"killed_by":"Gremlin Nob","ascension_level":1}