{"gold_per_floor":[116,1,11,31,31,60,78,78,78,104,104,104,129,29,29,133,133,148,148,148,148,148],"floor_reached":22,"playtime":886,"items_purged":["Strike_R"],"score":240,"play_id":"4faeb0cc-ad47-4fe9-a09c-6543a46d5790","local_time":"20190228124820","is_ascension_mode":true,"campfire_choices":[{"data":"Body Slam","floor":8.0,"key":"SMITH"},{"floor":12.0,"key":"REST"},{"floor":15.0,"key":"REST"}],"neow_cost":"NONE","seed_source_timestamp":9142192465765,"circlet_count":0,"master_deck":["Strike_R+1","Strike_R+1","Strike_R+1","Strike_R+1","Defend_R+1","Defend_R+1","Defend_R+1","Defend_R+1","Bash","True Grit","Feel No Pain","True Grit","Fire Breathing","Body Slam+1","Pommel Strike","Body Slam+1","Feel No Pain","Body Slam","Havoc","Dark Embrace","Spot Weakness+1","Decay"],"special_seed":0,"relics":["Burning Blood","NeowsBlessing","PreservedInsect","Sundial","Calipers","Centennial Puzzle","Whetstone","Black Star"],"potions_floor_usage":[16,16],"damage_taken":[{"damage":0.0,"enemies":"Cultist","floor":1.0,"turns":1.0},{"damage":0.0,"enemies":"2 Louse","floor":3.0,"turns":1.0},{"damage":3.0,"enemies":"Small Slimes","floor":4.0,"turns":3.0},{"damage":18.0,"enemies":"3 Sentries","floor":6.0,"turns":11.0},{"damage":53.0,"enemies":"Gremlin Gang","floor":7.0,"turns":6.0},{"damage":20.0,"enemies":"Lagavulin","floor":10.0,"turns":5.0},{"damage":32.0,"enemies":"Gremlin Nob","floor":13.0,"turns":4.0},{"damage":17,"enemies":"The Guardian","floor":16,"turns":18},{"damage":77,"enemies":"3 Byrds","floor":18,"turns":8},{"damage":11,"enemies":"Spheric Guardian","floor":22,"turns":2}],"seed_played":"-4329557891863231825","potions_obtained":[{"floor":3.0,"key":"Poison Potion"},{"floor":6.0,"key":"BloodPotion"},{"floor":7.0,"key":"Dexterity Potion"},{"floor":10.0,"key":"Explosive Potion"}],"is_trial":false,"path_per_floor":["M","$","M","M","?","E","M","R","T","E","T","R","E","$","R","B",null,"M","?","?","?","M"],"character_chosen":"IRONCLAD","items_purchased":["Feel No Pain","True Grit","Havoc"],"campfire_rested":2,"item_purchase_floors":[2,2,14],"current_hp_per_floor":[80,80,80,80,80,68,29,29,29,15,15,39,13,13,37,26,80,9,9,9,9,0],"gold":148,"neow_bonus":"THREE_ENEMY_KILL","is_prod":false,"is_daily":false,"chose_seed":false,"campfire_upgraded":1,"win_rate":0,"timestamp":1551329300,"path_taken":["M","$","?","M","?","E","?","R","T","E","?","R","E","?","R","BOSS","M","?","?","?","M"],"build_version":"2019-01-23","purchased_purges":1,"victory":false,"max_hp_per_floor":[80,80,80,80,80,80,80,80,80,80,80,80,80,80,80,80,80,80,80,80,80,80],"card_choices":[{"not_picked":["Perfected Strike","Carnage"],"picked":"True Grit","floor":1.0},{"not_picked":["Flex","Shockwave"],"picked":"Fire Breathing","floor":3.0},{"not_picked":["Sword Boomerang","Flame Barrier"],"picked":"Body Slam","floor":4.0},{"not_picked":["Havoc","Offering"],"picked":"Pommel Strike","floor":6.0},{"not_picked":["Clash","Searing Blow"],"picked":"Body Slam","floor":7.0},{"not_picked":["Shockwave","Sever Soul"],"picked":"Feel No Pain","floor":10.0},{"not_picked":["Feed","Flex"],"picked":"Body Slam","floor":13.0},{"not_picked":["Berserk","Double Tap"],"picked":"Dark Embrace","floor":16},{"not_picked":["Inflame+1","Sever Soul"],"picked":"Spot Weakness+1","floor":18}],"player_experience":214238,"relics_obtained":[{"floor":6.0,"key":"PreservedInsect"},{"floor":9.0,"key":"Sundial"},{"floor":10.0,"key":"Calipers"},{"floor":11.0,"key":"Centennial Puzzle"},{"floor":13.0,"key":"Whetstone"}],"event_choices":[{"damage_healed":0.0,"max_hp_gain":0.0,"max_hp_loss":0.0,"gold_gain":0.0,"event_name":"Upgrade Shrine","player_choice":"Upgraded","floor":5.0,"gold_loss":0.0,"damage_taken":0.0,"cards_upgraded":["Body Slam"]},{"damage_healed":0,"gold_gain":0,"player_choice":"Smashed Altar","damage_taken":0,"max_hp_gain":0,"max_hp_loss":0,"event_name":"Forgotten Altar","floor":19,"gold_loss":0,"cards_obtained":["Decay"]},{"damage_healed":0,"gold_gain":0,"player_choice":"Simplicity","damage_taken":0,"max_hp_gain":0,"max_hp_loss":0,"event_name":"Back to Basics","floor":20,"gold_loss":0,"cards_upgraded":["Strike_R","Strike_R","Defend_R","Defend_R","Defend_R","Defend_R"]},{"damage_healed":0,"gold_gain":0,"player_choice":"Ignored","damage_taken":0,"max_hp_gain":0,"max_hp_loss":0,"event_name":"Golden Shrine","floor":21,"gold_loss":0}],"is_beta":false,"boss_relics":[{"not_picked":["Sozu","Runic Pyramid"],"picked":"Black Star"}],"items_purged_floors":[14],"is_endless":false,"potions_floor_spawned":[3,6,7,10],"killed_by":"Spheric Guardian","ascension_level":4}