{"gold_per_floor":[114,64,139,139,64,99,99,133,133,163,163,190,190,220,220,220],"floor_reached":16,"playtime":670,"items_purged":["Strike_G"],"score":198,"play_id":"b0ffa520-755f-4cbd-b816-f65659f9a77a","local_time":"20190226210651","is_ascension_mode":true,"campfire_choices":[{"data":"Neutralize","floor":7,"key":"SMITH"},{"data":"Footwork","floor":11,"key":"SMITH"},{"data":"Caltrops","floor":13,"key":"SMITH"},{"data":"Survivor","floor":15,"key":"SMITH"}],"neow_cost":"NONE","seed_source_timestamp":47419898762396,"circlet_count":0,"master_deck":["Defend_G","Defend_G","Defend_G","Defend_G","Defend_G","Strike_G","Strike_G","Strike_G","Survivor+1","Neutralize+1","Backflip","Prepared","Dodge and Roll","Footwork+1","Caltrops+1"],"relics":["Ring of the Snake","NeowsBlessing","Mercury Hourglass","Happy Flower","Prayer Wheel","Meat on the Bone","Orichalcum","Ancient Tea Set"],"potions_floor_usage":[10,16],"damage_taken":[{"damage":0,"enemies":"Small Slimes","floor":1,"turns":1},{"damage":0,"enemies":"Gremlin Nob","floor":6,"turns":1},{"damage":0,"enemies":"Lagavulin","floor":8,"turns":1},{"damage":37,"enemies":"Gremlin Nob","floor":10,"turns":6},{"damage":11,"enemies":"3 Sentries","floor":12,"turns":10},{"damage":35,"enemies":"Slime Boss","floor":16,"turns":13}],"seed_played":"1098218244106920236","potions_obtained":[{"floor":1,"key":"Block Potion"},{"floor":10,"key":"Block Potion"}],"is_trial":false,"path_per_floor":["M","?","?","T","$","E","R","E","T","E","R","E","R","?","R","B"],"character_chosen":"THE_SILENT","items_purchased":[],"campfire_rested":0,"item_purchase_floors":[],"current_hp_per_floor":[70,70,59,59,59,59,59,59,59,34,34,35,35,35,35,0],"gold":220,"neow_bonus":"THREE_ENEMY_KILL","is_prod":false,"is_daily":false,"chose_seed":false,"campfire_upgraded":4,"win_rate":0,"timestamp":1551186411,"path_taken":["M","?","?","?","$","E","R","E","T","E","R","E","R","?","R","BOSS"],"build_version":"2019-01-23","purchased_purges":1,"victory":false,"max_hp_per_floor":[70,70,70,70,70,70,70,70,70,70,70,70,70,70,70,70],"card_choices":[{"not_picked":["Distraction","Slice"],"picked":"Backflip","floor":1},{"not_picked":["Deflect","Concentrate"],"picked":"Prepared","floor":6},{"not_picked":["Outmaneuver","Masterful Stab"],"picked":"Dodge and Roll","floor":8},{"not_picked":["Slice","Acrobatics"],"picked":"Footwork","floor":10},{"not_picked":["PiercingWail","Dash"],"picked":"Caltrops","floor":12}],"player_experience":193166,"relics_obtained":[{"floor":4,"key":"Mercury Hourglass"},{"floor":6,"key":"Happy Flower"},{"floor":8,"key":"Prayer Wheel"},{"floor":9,"key":"Meat on the Bone"},{"floor":10,"key":"Orichalcum"},{"floor":12,"key":"Ancient Tea Set"}],"event_choices":[{"cards_removed":["Strike_G"],"damage_healed":0,"gold_gain":0,"player_choice":"Card Removal","damage_taken":0,"max_hp_gain":0,"max_hp_loss":0,"event_name":"The Cleric","floor":2,"gold_loss":50},{"damage_healed":0,"gold_gain":75,"player_choice":"Gather Gold","damage_taken":11,"max_hp_gain":0,"max_hp_loss":0,"event_name":"World of Goop","floor":3,"gold_loss":0},{"damage_healed":0,"gold_gain":30,"player_choice":"Searched \u00271\u0027 times","damage_taken":0,"max_hp_gain":0,"max_hp_loss":0,"event_name":"Dead Adventurer","floor":14,"gold_loss":0}],"is_beta":false,"boss_relics":[],"items_purged_floors":[5],"is_endless":false,"potions_floor_spawned":[1,10],"killed_by":"Slime Boss","ascension_level":3}