{"gold_per_floor":[118,43,59,59,75,75,100,0,0,0,75,90,103,119,119,217,217,227,102,114,114],"floor_reached":21,"playtime":811,"items_purged":["Strike_R","Defend_R","Defend_R"],"score":181,"play_id":"5a8c1845-34b9-41c1-bde3-0e00c9624d31","local_time":"20181002210605","is_ascension_mode":false,"campfire_choices":[{"floor":6.0,"key":"REST"},{"floor":10.0,"key":"REST"},{"floor":15.0,"key":"REST"}],"neow_cost":"NONE","seed_source_timestamp":0,"circlet_count":0,"master_deck":["Strike_R","Strike_R","Strike_R","Defend_R","Defend_R","Bash","Shrug It Off","Dropkick","Dropkick"],"special_seed":0,"relics":["Burning Blood","Girya","Pocketwatch","Question Card","Eternal Feather"],"potions_floor_usage":[16,16,21],"damage_taken":[{"damage":0.0,"enemies":"Small Slimes","floor":1.0,"turns":3.0},{"damage":15.0,"enemies":"Jaw Worm","floor":3.0,"turns":4.0},{"damage":5.0,"enemies":"2 Louse","floor":5.0,"turns":4.0},{"damage":24.0,"enemies":"Gremlin Nob","floor":7.0,"turns":5.0},{"damage":4.0,"enemies":"Looter","floor":12.0,"turns":4.0},{"damage":13.0,"enemies":"Exordium Wildlife","floor":13.0,"turns":6.0},{"damage":5.0,"enemies":"Red Slaver","floor":14.0,"turns":3.0},{"damage":74,"enemies":"Hexaghost","floor":16,"turns":11},{"damage":26,"enemies":"3 Byrds","floor":18,"turns":8},{"damage":54,"enemies":"Spheric Guardian","floor":20,"turns":9},{"damage":29,"enemies":"Cultist and Chosen","floor":21,"turns":8}],"seed_played":"-6985225745770821502","potions_obtained":[{"floor":5.0,"key":"BloodPotion"},{"floor":12.0,"key":"EssenceOfSteel"},{"floor":14.0,"key":"Energy Potion"},{"floor":20,"key":"EssenceOfSteel"}],"is_trial":false,"path_per_floor":["M","$","M","?","M","R","E","$","T","R","?","M","M","M","R","B",null,"M","$","M"],"character_chosen":"IRONCLAD","items_purchased":[],"campfire_rested":3,"item_purchase_floors":[],"current_hp_per_floor":[80,80,71,38,39,63,45,45,45,69,58,60,61,62,80,12,80,60,60,12,0],"gold":114,"neow_bonus":"REMOVE_CARD","is_prod":false,"is_daily":false,"chose_seed":false,"campfire_upgraded":0,"win_rate":0,"timestamp":1538507165,"path_taken":["M","$","M","?","M","R","E","$","T","R","?","?","M","M","R","BOSS","M","$","M","M"],"build_version":"2018-09-27","purchased_purges":3,"victory":false,"max_hp_per_floor":[80,80,80,80,80,80,80,80,80,80,80,80,80,80,80,80,80,80,80,80,80],"card_choices":[{"not_picked":["Twin Strike","Body Slam","Dual Wield"],"picked":"SKIP","floor":1.0},{"not_picked":["Thunderclap","Whirlwind"],"picked":"Shrug It Off","floor":3.0},{"not_picked":["Rupture","Headbutt"],"picked":"Dropkick","floor":5.0},{"not_picked":["Ghostly Armor","Body Slam","Warcry"],"picked":"SKIP","floor":7.0},{"not_picked":["Pommel Strike","Wild Strike","Armaments","Heavy Blade"],"picked":"SKIP","floor":12.0},{"not_picked":["Intimidate","Hemokinesis","Ghostly Armor","Fire Breathing"],"picked":"SKIP","floor":13.0},{"not_picked":["Havoc","Pommel Strike","Evolve"],"picked":"Dropkick","floor":14.0},{"not_picked":["Armaments","Body Slam","Warcry","Twin Strike"],"picked":"SKIP","floor":18},{"not_picked":["Flex","Rage","Wild Strike+1","Iron Wave"],"picked":"SKIP","floor":20}],"player_experience":211227,"relics_obtained":[{"floor":7.0,"key":"Pocketwatch"},{"floor":9.0,"key":"Question Card"}],"event_choices":[{"event_name":"Scrap Ooze","player_choice":"success","floor":4.0,"damage_taken":33.0},{"event_name":"World of Goop","player_choice":"Gather Gold","floor":11.0,"damage_taken":0.0}],"is_beta":false,"boss_relics":[{"not_picked":["Orrery","Sozu"],"picked":"Eternal Feather"}],"items_purged_floors":[2,8,19],"is_endless":false,"potions_floor_spawned":[5,12,14,20],"killed_by":"Cultist and Chosen","ascension_level":0}