{"gold_per_floor":[118,130,305,305,323,323,352,365,390,402,402,412,412,430,430,527,527,539,464,342,361,381,381,393,408,408,408,408],"floor_reached":28,"playtime":1609,"items_purged":["Doubt"],"score":224,"play_id":"561b8b74-8f2f-47b4-9f09-299a1ffa24dd","local_time":"20190312165220","is_ascension_mode":false,"campfire_choices":[{"data":"Neutralize","floor":6,"key":"SMITH"},{"data":"Noxious Fumes","floor":11,"key":"SMITH"},{"floor":13,"key":"REST"},{"data":"Backflip","floor":15,"key":"SMITH"},{"floor":23,"key":"REST"}],"neow_cost":"NONE","seed_source_timestamp":16522908634000,"circlet_count":0,"master_deck":["Defend_G","Defend_G","Defend_G","Defend_G","Defend_G","Strike_G","Strike_G","Strike_G","Strike_G","Strike_G","Survivor","Neutralize+1","Backflip+1","Accuracy","Noxious Fumes+1","Tools of the Trade","Backflip","Blade Dance","Backstab","Cloak And Dagger","Cloak And Dagger+1"],"special_seed":0,"relics":["Ring of the Snake","NeowsBlessing","Smiling Mask","Anchor","Regal Pillow","WristBlade","Frozen Egg 2"],"potions_floor_usage":[7,10,16,25,28],"damage_taken":[{"damage":0.0,"enemies":"2 Louse","floor":1.0,"turns":1.0},{"damage":0.0,"enemies":"Jaw Worm","floor":2.0,"turns":1.0},{"damage":0.0,"enemies":"Cultist","floor":5.0,"turns":1.0},{"damage":32,"enemies":"3 Sentries","floor":7,"turns":18},{"damage":11,"enemies":"Red Slaver","floor":8,"turns":8},{"damage":0,"enemies":"Gremlin Gang","floor":10,"turns":6},{"damage":7,"enemies":"2 Fungi Beasts","floor":12,"turns":5},{"damage":0,"enemies":"Blue Slaver","floor":14,"turns":5},{"damage":29,"enemies":"The Guardian","floor":16,"turns":14},{"damage":34,"enemies":"3 Byrds","floor":18,"turns":6},{"damage":2,"enemies":"2 Thieves","floor":19,"turns":5},{"damage":17,"enemies":"Cultist and Chosen","floor":21,"turns":7},{"damage":14,"enemies":"Centurion and Healer","floor":22,"turns":10},{"damage":8,"enemies":"Snecko","floor":24,"turns":6},{"damage":27,"enemies":"Snake Plant","floor":25,"turns":6},{"damage":6,"enemies":"3 Cultists","floor":28,"turns":3}],"seed_played":"2067463608911037538","potions_obtained":[{"floor":2.0,"key":"GhostInAJar"},{"floor":5,"key":"Fire Potion"},{"floor":14,"key":"EssenceOfSteel"},{"floor":16,"key":"Ancient Potion"},{"floor":22,"key":"EssenceOfSteel"},{"floor":25,"key":"AttackPotion"}],"is_trial":false,"path_per_floor":["?","?","M","M","T"],"character_chosen":"THE_SILENT","items_purchased":["Backstab"],"campfire_rested":2,"item_purchase_floors":[20],"current_hp_per_floor":[70,70,70,63,63,63,31,20,20,20,20,13,49,49,49,20,70,36,34,34,17,3,39,31,4,4,4,0],"gold":408,"neow_bonus":"THREE_ENEMY_KILL","is_prod":false,"is_daily":false,"chose_seed":false,"campfire_upgraded":3,"win_rate":0,"timestamp":1552423940,"path_taken":["M","M","?","?","?","R","E","M","T","M","R","M","R","M","R","BOSS","M","M","$","?","M","R","M","M","T","?","M"],"build_version":"2019-01-23","purchased_purges":1,"victory":false,"max_hp_per_floor":[70,70,70,70,70,70,70,70,70,70,70,70,70,70,70,70,70,70,70,70,70,70,70,70,70,70,70,70],"card_choices":[{"not_picked":["Poisoned Stab","Quick Slash"],"picked":"Backflip","floor":1.0},{"not_picked":["Infinite Blades","Slice","Acrobatics"],"picked":"SKIP","floor":2.0},{"not_picked":["Dodge and Roll","Outmaneuver","Endless Agony"],"picked":"SKIP","floor":5},{"not_picked":["Blur","Infinite Blades"],"picked":"Accuracy","floor":7},{"not_picked":["Underhanded Strike","Doppelganger"],"picked":"Noxious Fumes","floor":8},{"not_picked":["Slice","Prepared","Setup"],"picked":"SKIP","floor":10},{"not_picked":["Eviscerate","Deflect","Slice"],"picked":"SKIP","floor":12},{"not_picked":["Underhanded Strike","Tactician","Concentrate"],"picked":"SKIP","floor":14},{"not_picked":["Glass Knife","Corpse Explosion"],"picked":"Tools of the Trade","floor":16},{"not_picked":["PiercingWail","Concentrate"],"picked":"Backflip","floor":18},{"not_picked":["Bane","Quick Slash"],"picked":"Blade Dance","floor":19},{"not_picked":["Leg Sweep","Outmaneuver+1"],"picked":"Cloak And Dagger","floor":21},{"not_picked":["Bouncing Flask","Noxious Fumes","Setup"],"picked":"SKIP","floor":22},{"not_picked":["Blade Dance+1","Deadly Poison+1"],"picked":"Cloak And Dagger+1","floor":24},{"not_picked":["Dagger Spray","Escape Plan","Outmaneuver+1"],"picked":"SKIP","floor":25}],"player_experience":172364,"relics_obtained":[{"floor":7,"key":"Anchor"},{"floor":9,"key":"Regal Pillow"},{"floor":26,"key":"Frozen Egg 2"}],"event_choices":[{"damage_healed":0.0,"max_hp_gain":0.0,"max_hp_loss":0.0,"gold_gain":175.0,"event_name":"Liars Game","player_choice":"AGREE","floor":3.0,"gold_loss":0.0,"damage_taken":0.0,"cards_obtained":["Doubt"]},{"damage_healed":0.0,"max_hp_gain":0.0,"max_hp_loss":0.0,"gold_gain":0.0,"event_name":"Scrap Ooze","player_choice":"Success","floor":4.0,"gold_loss":0.0,"damage_taken":7.0,"relics_obtained":["Smiling Mask"]}],"is_beta":false,"boss_relics":[{"not_picked":["Tiny House","Pandora\u0027s Box"],"picked":"WristBlade"}],"items_purged_floors":[20],"is_endless":false,"potions_floor_spawned":[2,5,14,16,22,25],"killed_by":"3 Cultists","ascension_level":0}