{"gold_per_floor":[114,127,141,216,216,216,216,216,216,216,226,226,240,251,251,353,353,368,368,368,384,395,395,413,151,151,151,162,162,162,20,20,20],"floor_reached":33,"playtime":1057,"items_purged":[],"score":237,"play_id":"3018387a-d548-4515-bd64-3b9ff1777532","local_time":"20181014190852","is_ascension_mode":false,"campfire_choices":[{"data":"Perfected Strike","floor":6,"key":"SMITH"},{"data":"Perfected Strike","floor":8,"key":"SMITH"},{"floor":12,"key":"REST"},{"data":"Pommel Strike","floor":15,"key":"SMITH"},{"floor":23,"key":"REST"},{"floor":32,"key":"REST"}],"neow_cost":"","seed_source_timestamp":152884674775564,"circlet_count":0,"master_deck":["Strike_R","Strike_R","Strike_R","Strike_R","Strike_R","Defend_R","Defend_R","Defend_R","Bash","Perfected Strike+1","Perfected Strike+1","Perfected Strike+1","Headbutt","Pommel Strike+1","Headbutt","Impervious","Wild Strike","Wild Strike","Iron Wave","Wild Strike","Iron Wave","Madness","Metallicize","RitualDagger","Pommel Strike","Shrug It Off","Madness"],"relics":["Burning Blood","Matryoshka"],"potions_floor_usage":[3,19,28,33,33],"damage_taken":[{"damage":1,"enemies":"Cultist","floor":1,"turns":3},{"damage":8,"enemies":"2 Louse","floor":2,"turns":3},{"damage":5,"enemies":"Small Slimes","floor":3,"turns":2},{"damage":13,"enemies":"Red Slaver","floor":11,"turns":2},{"damage":0,"enemies":"3 Louse","floor":13,"turns":3},{"damage":11,"enemies":"Exordium Thugs","floor":14,"turns":3},{"damage":50,"enemies":"The Guardian","floor":16,"turns":7},{"damage":5,"enemies":"Chosen","floor":18,"turns":3},{"damage":22,"enemies":"Colosseum Slavers","floor":19,"turns":3},{"damage":10,"enemies":"Spheric Guardian","floor":21,"turns":3},{"damage":32,"enemies":"Snake Plant","floor":22,"turns":3},{"damage":45,"enemies":"Shelled Parasite and Fungi","floor":24,"turns":5},{"damage":9,"enemies":"Centurion and Healer","floor":28,"turns":2},{"damage":71,"enemies":"Automaton","floor":33,"turns":8}],"seed_played":"-8373199406192594468","potions_obtained":[{"floor":2,"key":"Explosive Potion"},{"floor":11,"key":"EssenceOfSteel"},{"floor":24,"key":"SkillPotion"},{"floor":28,"key":"GamblersBrew"}],"is_trial":false,"path_per_floor":["M","M","M","?","?","R","?","R","T","$","M","R","M","M","R","B",null,"M","?","?","M","M","R","M","$","T","?","M","?","?","$","R"],"character_chosen":"IRONCLAD","items_purchased":["Iron Wave","Madness","Strength Potion","Metallicize","Shrug It Off","Madness"],"campfire_rested":3,"item_purchase_floors":[25,25,25,25,31,31],"current_hp_per_floor":[80,78,79,68,68,68,68,68,68,68,61,80,80,75,75,31,80,80,64,64,60,34,58,19,19,19,13,10,36,36,36,60,0],"gold":20,"neow_bonus":"","is_prod":false,"is_daily":false,"chose_seed":false,"campfire_upgraded":3,"win_rate":0,"timestamp":1539536932,"path_taken":["M","M","?","?","?","R","?","R","T","$","M","R","M","?","R","BOSS","M","?","?","M","M","R","M","$","T","?","?","?","?","?","R","BOSS"],"build_version":"2018-10-11","purchased_purges":0,"victory":false,"max_hp_per_floor":[80,80,80,80,80,80,80,80,80,80,80,80,80,80,80,80,80,80,80,80,80,80,80,80,80,80,80,80,80,80,80,80,80],"card_choices":[{"not_picked":["Sword Boomerang","Iron Wave"],"picked":"Perfected Strike","floor":1},{"not_picked":["Disarm","Headbutt"],"picked":"Perfected Strike","floor":2},{"not_picked":["Anger","True Grit"],"picked":"Perfected Strike","floor":3},{"not_picked":["Flex","Iron Wave"],"picked":"Headbutt","floor":11},{"not_picked":["True Grit","Demon Form"],"picked":"Pommel Strike","floor":13},{"not_picked":["Power Through","Hemokinesis"],"picked":"Headbutt","floor":14},{"not_picked":["Fiend Fire","Reaper"],"picked":"Impervious","floor":16},{"not_picked":["Clash+1","Shrug It Off"],"picked":"Wild Strike","floor":18},{"not_picked":["Clothesline","Havoc"],"picked":"Wild Strike","floor":21},{"not_picked":["Clothesline+1","Sword Boomerang"],"picked":"Iron Wave","floor":22},{"not_picked":["Iron Wave","Body Slam"],"picked":"Wild Strike","floor":24},{"not_picked":["Wild Strike","Cleave"],"picked":"Pommel Strike","floor":28}],"player_experience":241252,"relics_obtained":[],"event_choices":[{"event_name":"World of Goop","player_choice":"Gather Gold","floor":4,"damage_taken":0},{"event_name":"Upgrade Shrine","player_choice":"Upgraded","floor":5,"damage_taken":0},{"event_name":"Bonfire Elementals","player_choice":"BASIC","floor":7,"damage_taken":0},{"event_name":"Colosseum","player_choice":"Fight","floor":19,"damage_taken":0},{"event_name":"Colosseum","player_choice":"Fled From Nobs","floor":19,"damage_taken":0},{"event_name":"The Mausoleum","player_choice":"Yes","floor":20,"damage_taken":0},{"event_name":"Nest","player_choice":"Joined the Cult","floor":27,"damage_taken":0},{"event_name":"The Library","player_choice":"Heal","floor":29,"damage_taken":0},{"event_name":"Vampires","player_choice":"Ignored","floor":30,"damage_taken":0}],"is_beta":false,"boss_relics":[{"not_picked":["Velvet Choker","Runic Dome","Fusion Hammer"]}],"items_purged_floors":[],"is_endless":false,"potions_floor_spawned":[2,11,19,24,28],"killed_by":"Automaton","ascension_level":0}