{"gold_per_floor":[110,285,295,48,13,46,46,66,138,138,138,157,157,57,57,158,158,175,191,191,207,67,67,67,67,121,154,154,154],"floor_reached":29,"playtime":749,"items_purged":["Doubt","Regret"],"score":442,"play_id":"fb1baeb0-565c-41a2-a0bf-347496ad9339","local_time":"20190313230132","is_ascension_mode":true,"campfire_choices":[{"data":"Fusion","floor":7,"key":"SMITH"},{"data":"Zap","floor":11,"key":"SMITH"},{"data":"Echo Form","floor":15,"key":"SMITH"},{"data":"Buffer","floor":23,"key":"SMITH"},{"data":"Double Energy","floor":25,"key":"SMITH"},{"floor":28,"key":"REST"}],"neow_cost":"NONE","seed_source_timestamp":40155723841223,"circlet_count":0,"master_deck":["Strike_B","Strike_B","Strike_B","Defend_B+1","Defend_B","Defend_B+1","Defend_B","Zap+1","Dualcast","Sweeping Beam","Ball Lightning","Panache","Fusion+1","Echo Form+1","Buffer+1","Double Energy+1","Steam","Flash of Steel","Steam","Decay"],"relics":["Cracked Core","NeowsBlessing","Ancient Tea Set","Mercury Hourglass","Blood Vial","Busted Crown","Boot","War Paint"],"potions_floor_usage":[19,20],"damage_taken":[{"damage":0,"enemies":"Small Slimes","floor":1,"turns":1},{"damage":0,"enemies":"2 Louse","floor":3,"turns":1},{"damage":0,"enemies":"Gremlin Nob","floor":6,"turns":1},{"damage":2,"enemies":"Jaw Worm","floor":8,"turns":2},{"damage":0,"enemies":"2 Fungi Beasts","floor":12,"turns":1},{"damage":0,"enemies":"Slime Boss","floor":16,"turns":5},{"damage":7,"enemies":"Chosen","floor":18,"turns":3},{"damage":6,"enemies":"3 Byrds","floor":19,"turns":3},{"damage":4,"enemies":"Snake Plant","floor":20,"turns":2},{"damage":14,"enemies":"Centurion and Healer","floor":21,"turns":5},{"damage":51,"enemies":"Gremlin Leader","floor":27,"turns":7},{"damage":27,"enemies":"Slavers","floor":29,"turns":2}],"seed_played":"-1767105336432734679","potions_obtained":[{"floor":18,"key":"Block Potion"},{"floor":19,"key":"SmokeBomb"},{"floor":21,"key":"Ancient Potion"}],"is_trial":false,"path_per_floor":["M","?","M","$","?","E","R","M","T","?","R","M","?","$","R","B",null,"M","M","M","M","$","R","?","R","T","E","R","E"],"character_chosen":"DEFECT","items_purchased":["Panache","Flash of Steel","Steam"],"campfire_rested":1,"item_purchase_floors":[4,22,22],"current_hp_per_floor":[68,68,68,68,75,75,75,73,73,66,66,66,66,66,66,68,73,68,64,62,50,50,50,50,50,50,1,23,0],"gold":154,"neow_bonus":"THREE_ENEMY_KILL","is_prod":false,"is_daily":false,"chose_seed":false,"campfire_upgraded":5,"win_rate":0,"timestamp":1552489292,"path_taken":["M","?","M","$","?","E","R","M","T","?","R","M","?","?","R","BOSS","M","M","M","M","$","R","?","R","T","E","R","E"],"build_version":"2019-01-23","purchased_purges":2,"victory":false,"max_hp_per_floor":[75,75,75,75,75,75,75,75,75,75,75,75,75,75,75,75,75,75,75,75,75,75,75,75,75,75,75,75,75],"card_choices":[{"not_picked":["Turbo","Compile Driver"],"picked":"Sweeping Beam","floor":1},{"not_picked":["Steam Power","Tempest"],"picked":"Ball Lightning","floor":3},{"not_picked":["Compile Driver","Ball Lightning"],"picked":"Fusion","floor":6},{"not_picked":["Ball Lightning","Barrage","Rip and Tear"],"picked":"SKIP","floor":8},{"not_picked":["Static Discharge","Ball Lightning"],"picked":"Echo Form","floor":12},{"not_picked":["Core Surge","Thunder Strike"],"picked":"Buffer","floor":16},{"not_picked":[],"picked":"Double Energy","floor":18},{"not_picked":["Turbo"],"picked":"SKIP","floor":19},{"not_picked":[],"picked":"Steam","floor":21},{"not_picked":["Chaos+1"],"picked":"SKIP","floor":27}],"player_experience":297595,"relics_obtained":[{"floor":6,"key":"Ancient Tea Set"},{"floor":9,"key":"Mercury Hourglass"},{"floor":26,"key":"Boot"},{"floor":27,"key":"War Paint"}],"event_choices":[{"damage_healed":0,"gold_gain":175,"player_choice":"AGREE","damage_taken":0,"max_hp_gain":0,"max_hp_loss":0,"event_name":"Liars Game","floor":2,"gold_loss":0,"cards_obtained":["Doubt"]},{"damage_healed":18,"gold_gain":0,"player_choice":"Healed","damage_taken":0,"max_hp_gain":0,"max_hp_loss":0,"event_name":"The Cleric","floor":5,"gold_loss":35},{"cards_removed":["Strike_B"],"damage_healed":0,"gold_gain":0,"player_choice":"Card Removal","damage_taken":7,"max_hp_gain":0,"max_hp_loss":0,"event_name":"Golden Wing","floor":10,"gold_loss":0},{"damage_healed":0,"gold_gain":0,"player_choice":"Box","damage_taken":0,"relics_obtained":["Blood Vial"],"max_hp_gain":0,"max_hp_loss":0,"event_name":"Big Fish","floor":13,"gold_loss":0,"cards_obtained":["Regret"]},{"damage_healed":0,"gold_gain":0,"player_choice":"Smashed Altar","damage_taken":0,"max_hp_gain":0,"max_hp_loss":0,"event_name":"Forgotten Altar","floor":24,"gold_loss":0,"cards_obtained":["Decay"]}],"is_beta":false,"boss_relics":[{"not_picked":["FrozenCore","Cursed Key"],"picked":"Busted Crown"}],"items_purged_floors":[4,14],"is_endless":false,"potions_floor_spawned":[18,19,21],"killed_by":"Slavers","ascension_level":8}