{"gold_per_floor":[109,128,128,128,147,147,174,185,185,217,217,233,233,233],"floor_reached":14,"playtime":619,"items_purged":[],"score":130,"play_id":"8b1e355d-fb1e-4b68-aadb-33e37cc74750","local_time":"20190307024850","is_ascension_mode":true,"campfire_choices":[{"data":"Bash","floor":6,"key":"SMITH"},{"floor":13,"key":"REST"}],"neow_cost":"NONE","seed_source_timestamp":50646909268089,"circlet_count":0,"master_deck":["Strike_R","Strike_R","Strike_R+1","Strike_R","Strike_R","Defend_R","Defend_R","Defend_R","Defend_R+1","Bash+1","Shrug It Off","Body Slam","Spot Weakness","Entrench","Second Wind","Havoc","Clash"],"relics":["Burning Blood","NeowsBlessing","Gremlin Horn","Blue Candle","Matryoshka"],"potions_floor_usage":[10,12,12,14,14],"damage_taken":[{"damage":0,"enemies":"Cultist","floor":1,"turns":1},{"damage":0,"enemies":"Small Slimes","floor":2,"turns":1},{"damage":0,"enemies":"Jaw Worm","floor":5,"turns":1},{"damage":42,"enemies":"Lagavulin","floor":7,"turns":9},{"damage":9,"enemies":"Red Slaver","floor":8,"turns":6},{"damage":19,"enemies":"Gremlin Nob","floor":10,"turns":4},{"damage":9,"enemies":"Large Slime","floor":12,"turns":10},{"damage":27,"enemies":"Lagavulin","floor":14,"turns":10}],"seed_played":"-3726399643506874153","potions_obtained":[{"floor":7,"key":"GamblersBrew"},{"floor":8,"key":"FearPotion"},{"floor":11,"key":"Dexterity Potion"},{"floor":11,"key":"SpeedPotion"},{"floor":12,"key":"SkillPotion"}],"is_trial":false,"path_per_floor":["M","M","?","$","M","R","E","M","T","E","?","M","R","E"],"character_chosen":"IRONCLAD","items_purchased":[],"campfire_rested":1,"item_purchase_floors":[],"current_hp_per_floor":[78,80,64,64,70,70,34,31,31,18,18,15,39,12],"gold":233,"neow_bonus":"THREE_ENEMY_KILL","is_prod":false,"is_daily":false,"chose_seed":false,"campfire_upgraded":1,"win_rate":0,"timestamp":1551898130,"path_taken":["M","?","?","$","M","R","E","M","T","E","?","?","R","E"],"build_version":"2019-01-23","purchased_purges":0,"victory":false,"max_hp_per_floor":[80,80,80,80,80,80,80,80,80,80,80,80,80,80],"card_choices":[{"not_picked":["Armaments","Power Through"],"picked":"Shrug It Off","floor":1},{"not_picked":["Searing Blow","Pommel Strike"],"picked":"Body Slam","floor":2},{"not_picked":["Rupture","Combust"],"picked":"Spot Weakness","floor":5},{"not_picked":["Ghostly Armor","Perfected Strike"],"picked":"Entrench","floor":7},{"not_picked":["Rampage","Rage"],"picked":"Second Wind","floor":8},{"not_picked":["Feed","Dual Wield"],"picked":"Havoc","floor":10},{"not_picked":["Headbutt","Intimidate"],"picked":"Clash","floor":12}],"player_experience":247439,"relics_obtained":[{"floor":7,"key":"Gremlin Horn"},{"floor":9,"key":"Blue Candle"},{"floor":10,"key":"Matryoshka"}],"event_choices":[{"damage_healed":0,"gold_gain":0,"player_choice":"Entered Light","damage_taken":16,"max_hp_gain":0,"max_hp_loss":0,"event_name":"Shining Light","floor":3,"gold_loss":0,"cards_upgraded":["Defend_R","Strike_R"]},{"damage_healed":0,"gold_gain":0,"player_choice":"Got Potions","damage_taken":0,"max_hp_gain":0,"max_hp_loss":0,"event_name":"Lab","floor":11,"gold_loss":0}],"is_beta":false,"boss_relics":[],"items_purged_floors":[],"is_endless":false,"potions_floor_spawned":[7,8,12],"killed_by":"Lagavulin","ascension_level":6}