{"gold_per_floor":[359,377,327,342,2,35,35,70,143,143,143,163,177,189,189,285,285,299,214,245,0,0,0,25,100,152,169,169,186,186,200,200,302,302,322,322,322,65,85,110,110,13,13,13,31,49,64,79,79,79],"floor_reached":51,"playtime":2959,"items_purged":["Strike_R","Anger","True Grit"],"score":1021,"play_id":"5830b52c-cf57-4dab-9258-7aaeb42504eb","local_time":"20190327122419","is_ascension_mode":true,"campfire_choices":[{"data":"Flame Barrier","floor":7,"key":"SMITH"},{"floor":10,"key":"REST"},{"floor":15,"key":"REST"},{"floor":23,"key":"DIG"},{"floor":28,"key":"DIG"},{"floor":30,"key":"DIG"},{"floor":32,"key":"REST"},{"floor":41,"key":"DIG"},{"floor":44,"key":"REST"},{"floor":49,"key":"DIG"}],"neow_cost":"CURSE","seed_source_timestamp":0,"circlet_count":0,"master_deck":["Strike_R+1","Strike_R+1","Strike_R+1","Defend_R+1","Defend_R+1","Defend_R+1","Defend_R+1","Bash","Cleave","True Grit","Wild Strike","Feed","Carnage","Shockwave","Flame Barrier+1","Spot Weakness","Uppercut","Demon Form","Shrug It Off","Fiend Fire","Disarm","Armaments+1","Reaper","True Grit+1","Panache","Armaments+1","Disarm+1","Heavy Blade","Battle Trance+1","Shrug It Off+1","Whirlwind+1","Sword Boomerang+1"],"special_seed":0,"relics":["Burning Blood","Membership Card","Shovel","Bag of Marbles","Self Forming Clay","Fusion Hammer","Centennial Puzzle","Red Mask","Singing Bowl","Kunai","Omamori","Smiling Mask","Ancient Tea Set","Mummified Hand","Cursed Key","Toxic Egg 2","Lantern","Shuriken","Unceasing Top","Bag of Preparation"],"potions_floor_usage":[8,16,16,20,24,24,48,50,50,50],"damage_taken":[{"damage":14.0,"enemies":"2 Louse","floor":1.0,"turns":4.0},{"damage":8.0,"enemies":"Jaw Worm","floor":2.0,"turns":4.0},{"damage":1.0,"enemies":"Cultist","floor":4.0,"turns":3.0},{"damage":38,"enemies":"Lagavulin","floor":6,"turns":8},{"damage":34,"enemies":"Gremlin Nob","floor":8,"turns":6},{"damage":20,"enemies":"Large Slime","floor":12,"turns":8},{"damage":6,"enemies":"Blue Slaver","floor":13,"turns":4},{"damage":7,"enemies":"3 Louse","floor":14,"turns":1},{"damage":37,"enemies":"Hexaghost","floor":16,"turns":8},{"damage":29,"enemies":"Shell Parasite","floor":18,"turns":6},{"damage":10,"enemies":"Masked Bandits","floor":20,"turns":4},{"damage":5,"enemies":"Book of Stabbing","floor":24,"turns":6},{"damage":8,"enemies":"Chosen","floor":27,"turns":4},{"damage":4,"enemies":"3 Cultists","floor":29,"turns":6},{"damage":1,"enemies":"Centurion and Healer","floor":31,"turns":5},{"damage":90,"enemies":"Champ","floor":33,"turns":12},{"damage":3,"enemies":"3 Shapes","floor":35,"turns":9},{"damage":17,"enemies":"3 Darklings","floor":39,"turns":6},{"damage":71,"enemies":"Nemesis","floor":40,"turns":11},{"damage":8,"enemies":"Maw","floor":45,"turns":7},{"damage":39,"enemies":"Writhing Mass","floor":46,"turns":19},{"damage":6,"enemies":"Sphere and 2 Shapes","floor":47,"turns":6},{"damage":10,"enemies":"Jaw Worm Horde","floor":48,"turns":7},{"damage":24,"enemies":"Donu and Deca","floor":50,"turns":7}],"seed_played":"3224880509117958765","potions_obtained":[{"floor":4.0,"key":"Fruit Juice"},{"floor":13,"key":"AttackPotion"},{"floor":14,"key":"LiquidBronze"},{"floor":18,"key":"PowerPotion"},{"floor":29,"key":"Explosive Potion"},{"floor":33,"key":"GamblersBrew"},{"floor":47,"key":"Fire Potion"},{"floor":48,"key":"LiquidBronze"}],"is_trial":false,"path_per_floor":["?","?","?","?","?","?","M","?","?","$","M","M"],"character_chosen":"IRONCLAD","items_purchased":["Membership Card","Feed","Carnage","Shockwave","Shrug It Off","Singing Bowl","Strength Potion","Dexterity Potion","Dexterity Potion","Toxic Egg 2","Armaments+1","Disarm+1","PowerPotion","Shrug It Off+1"],"campfire_rested":4,"item_purchase_floors":[5,5,5,5,21,21,21,21,38,38,38,38,42,42],"current_hp_per_floor":[64,62,62,67,67,35,35,12,12,37,37,26,26,25,51,23,74,51,51,47,47,47,47,51,42,42,40,40,45,45,54,84,27,84,91,85,85,85,94,42,42,42,42,75,98,118,123,125,125,111],"gold":79,"neow_bonus":"TWO_FIFTY_GOLD","is_prod":false,"is_daily":false,"chose_seed":false,"campfire_upgraded":1,"win_rate":0,"timestamp":1553703859,"path_taken":["M","M","?","M","$","E","R","E","T","R","?","M","M","M","R","BOSS","M","?","?","$","?","R","E","?","T","?","R","M","R","M","R","BOSS","M","?","?","$","M","E","R","?","T","R","M","?","M","?","R","BOSS"],"build_version":"2019-01-23","purchased_purges":3,"victory":true,"max_hp_per_floor":[80,80,80,80,80,80,80,85,85,85,85,88,88,88,88,91,91,91,91,91,91,91,91,94,94,94,94,94,97,97,101,101,103,103,107,111,111,111,111,111,111,111,111,111,114,118,123,129,129,133],"card_choices":[{"not_picked":["Perfected Strike","Twin Strike"],"picked":"Cleave","floor":1.0},{"not_picked":["Seeing Red","Bloodletting"],"picked":"True Grit","floor":2.0},{"not_picked":["True Grit","Twin Strike"],"picked":"Wild Strike","floor":4.0},{"not_picked":["Brutality","Cleave"],"picked":"Flame Barrier","floor":6},{"not_picked":["Headbutt","Clash"],"picked":"Spot Weakness","floor":8},{"not_picked":["Shockwave","Seeing Red"],"picked":"True Grit","floor":12},{"not_picked":["Flex","Rage"],"picked":"Anger","floor":13},{"not_picked":["Clothesline","Havoc"],"picked":"Uppercut","floor":14},{"not_picked":["Barricade","Offering"],"picked":"Demon Form","floor":16},{"not_picked":["Warcry","Thunderclap","Entrench"],"picked":"SKIP","floor":18},{"not_picked":["Pummel+1","Entrench+1"],"picked":"Fiend Fire","floor":24},{"not_picked":["Armaments","Pommel Strike"],"picked":"Disarm","floor":27},{"not_picked":["Combust+1","Sword Boomerang+1"],"picked":"Armaments+1","floor":29},{"not_picked":["Cleave","Havoc"],"picked":"Reaper","floor":31},{"not_picked":["Demon Form","Juggernaut","Barricade"],"picked":"Singing Bowl","floor":33},{"not_picked":["Cleave+1","Havoc+1"],"picked":"True Grit+1","floor":35},{"not_picked":["Finesse","Deep Breath","PanicButton"],"picked":"Singing Bowl","floor":36},{"not_picked":["Dark Shackles","Good Instincts","Finesse"],"picked":"Singing Bowl","floor":36},{"not_picked":["The Bomb","Swift Strike"],"picked":"Panache","floor":36},{"not_picked":["Wild Strike+1","Havoc+1"],"picked":"Heavy Blade","floor":39},{"not_picked":["Pummel","Havoc+1"],"picked":"Battle Trance+1","floor":40},{"not_picked":["Anger","Rampage"],"picked":"Whirlwind+1","floor":45},{"not_picked":["Fire Breathing","Twin Strike"],"picked":"Sword Boomerang+1","floor":46},{"not_picked":["Thunderclap","Sever Soul","Anger"],"picked":"Singing Bowl","floor":47},{"not_picked":["Armaments+1","Headbutt+1","Perfected Strike"],"picked":"Singing Bowl","floor":48}],"player_experience":318175,"relics_obtained":[{"floor":6,"key":"Shovel"},{"floor":8,"key":"Bag of Marbles"},{"floor":9,"key":"Self Forming Clay"},{"floor":20,"key":"Red Mask"},{"floor":23,"key":"Kunai"},{"floor":24,"key":"Omamori"},{"floor":26,"key":"Smiling Mask"},{"floor":28,"key":"Ancient Tea Set"},{"floor":30,"key":"Mummified Hand"},{"floor":40,"key":"Lantern"},{"floor":41,"key":"Shuriken"},{"floor":43,"key":"Unceasing Top"},{"floor":49,"key":"Bag of Preparation"}],"event_choices":[{"cards_removed":["Writhe"],"damage_healed":0.0,"max_hp_gain":0.0,"max_hp_loss":0.0,"gold_gain":0.0,"event_name":"The Cleric","player_choice":"Card Removal","floor":3.0,"gold_loss":50.0,"damage_taken":0.0},{"cards_removed":["Strike_R"],"damage_healed":0,"gold_gain":0,"player_choice":"Purged","damage_taken":0,"max_hp_gain":0,"max_hp_loss":0,"event_name":"Purifier","floor":11,"gold_loss":0},{"damage_healed":0,"gold_gain":0,"player_choice":"Obtained Relic","damage_taken":0,"relics_obtained":["Centennial Puzzle"],"max_hp_gain":0,"max_hp_loss":0,"event_name":"Addict","floor":19,"gold_loss":85},{"damage_healed":0,"gold_gain":0,"player_choice":"Fought Bandits","damage_taken":0,"max_hp_gain":0,"max_hp_loss":0,"event_name":"Masked Bandits","floor":20,"gold_loss":0},{"damage_healed":0,"gold_gain":0,"player_choice":"Simplicity","damage_taken":0,"max_hp_gain":0,"max_hp_loss":0,"event_name":"Back to Basics","floor":22,"gold_loss":0,"cards_upgraded":["Strike_R","Strike_R","Strike_R","Defend_R","Defend_R","Defend_R","Defend_R"]},{"damage_healed":0,"gold_gain":75,"player_choice":"Touch","damage_taken":9,"max_hp_gain":0,"max_hp_loss":0,"event_name":"FaceTrader","floor":25,"gold_loss":0},{"damage_healed":0,"gold_gain":0,"player_choice":"Memory 3","damage_taken":10,"max_hp_gain":0,"max_hp_loss":0,"event_name":"SensoryStone","floor":36,"gold_loss":0},{"damage_healed":0,"gold_gain":0,"player_choice":"Ignored","damage_taken":0,"max_hp_gain":0,"max_hp_loss":0,"event_name":"Mysterious Sphere","floor":37,"gold_loss":0}],"is_beta":false,"boss_relics":[{"not_picked":["Tiny House","Lizard Tail"],"picked":"Fusion Hammer"},{"not_picked":["Philosopher\u0027s Stone","Velvet Choker"],"picked":"Cursed Key"}],"items_purged_floors":[21,38,42],"is_endless":false,"potions_floor_spawned":[4,13,14,18,29,33,39,45,47,48],"ascension_level":7}