{"gold_per_floor":[360,435,5,5,15,15,50,65,117,145,145,164,164,198,198,300,300,317,329,329,359,371,371,371],"floor_reached":24,"playtime":2148,"items_purged":["Strike_B"],"score":225,"play_id":"855968d4-19f6-4a3b-b660-9cdf9fa6af6f","local_time":"20181129130111","is_ascension_mode":true,"campfire_choices":[{"data":"Good Instincts","floor":6,"key":"SMITH"},{"data":"Sweeping Beam","floor":11,"key":"SMITH"},{"data":"Go for the Eyes","floor":15,"key":"SMITH"},{"floor":23,"key":"REST"}],"neow_cost":"PERCENT_DAMAGE","seed_source_timestamp":716487800811,"circlet_count":0,"master_deck":["Strike_B","Strike_B","Defend_B","Defend_B","Defend_B","Zap","Dualcast","Gash","Capacitor","Good Instincts+1","Echo Form","Sweeping Beam+1","Go for the Eyes+1","Compile Driver","Capacitor","Seek","Shame","Auto Shields+1","Capacitor","Gash","Leap"],"relics":["Cracked Core","Lee\u0027s Waffle","Orichalcum","Omamori","Vajra","Anchor","Calling Bell","Blood Vial","Darkstone Periapt","Incense Burner","Red Mask"],"potions_floor_usage":[16,16,22],"damage_taken":[{"damage":1,"enemies":"Jaw Worm","floor":1,"turns":3},{"damage":1,"enemies":"Small Slimes","floor":5,"turns":3},{"damage":26,"enemies":"3 Sentries","floor":7,"turns":8},{"damage":0,"enemies":"2 Louse","floor":8,"turns":2},{"damage":6,"enemies":"Lagavulin","floor":10,"turns":9},{"damage":2,"enemies":"Gremlin Gang","floor":12,"turns":4},{"damage":14,"enemies":"Gremlin Nob","floor":14,"turns":4},{"damage":24,"enemies":"Hexaghost","floor":16,"turns":10},{"damage":24,"enemies":"2 Thieves","floor":18,"turns":4},{"damage":0,"enemies":"Shell Parasite","floor":19,"turns":11},{"damage":13,"enemies":"Masked Bandits","floor":21,"turns":5},{"damage":27,"enemies":"Sentry and Sphere","floor":22,"turns":7},{"damage":44,"enemies":"Gremlin Leader","floor":24,"turns":7}],"seed_played":"-6420711684861020376","potions_obtained":[{"floor":10,"key":"EssenceOfSteel"},{"floor":14,"key":"PowerPotion"},{"floor":16,"key":"Swift Potion"},{"floor":18,"key":"Swift Potion"},{"floor":21,"key":"Swift Potion"}],"is_trial":false,"path_per_floor":["M","?","$","?","M","R","E","M","T","E","R","M","?","E","R","B",null,"M","M","?","?","M","R","E"],"character_chosen":"DEFECT","items_purchased":["Lee\u0027s Waffle","Capacitor","Good Instincts"],"campfire_rested":1,"item_purchase_floors":[3,3,3],"current_hp_per_floor":[53,42,82,75,74,74,48,48,48,42,42,40,40,26,26,2,82,58,60,44,33,8,34,0],"gold":371,"neow_bonus":"TWO_FIFTY_GOLD","is_prod":false,"is_daily":false,"chose_seed":false,"campfire_upgraded":3,"win_rate":0,"timestamp":1543464071,"path_taken":["M","?","$","?","M","R","E","M","T","E","R","M","?","E","R","BOSS","M","?","?","?","M","R","E"],"build_version":"2018-11-15","purchased_purges":1,"victory":false,"max_hp_per_floor":[75,75,82,82,82,82,82,82,82,82,82,82,82,82,82,82,82,82,82,87,87,87,87,87],"card_choices":[{"not_picked":["Reprogram","Stack"],"picked":"Gash","floor":1},{"not_picked":["Steam Power","Steam","Undo"],"picked":"SKIP","floor":5},{"not_picked":["Hello World","Go for the Eyes"],"picked":"Echo Form","floor":7},{"not_picked":["Turbo","Compile Driver","Steam"],"picked":"SKIP","floor":8},{"not_picked":["Fusion","Conserve Battery"],"picked":"Sweeping Beam","floor":10},{"not_picked":["Rip and Tear","Static Discharge"],"picked":"Go for the Eyes","floor":12},{"not_picked":["Barrage","Cold Snap"],"picked":"Capacitor","floor":14},{"not_picked":["Machine Learning","Fission"],"picked":"Seek","floor":16},{"not_picked":["Compile Driver","Streamline"],"picked":"Auto Shields+1","floor":18},{"not_picked":["Heatsinks","Storm"],"picked":"Capacitor","floor":19},{"not_picked":["Coolheaded","Steam+1"],"picked":"Gash","floor":21},{"not_picked":["Go for the Eyes","Multi-Cast"],"picked":"Leap","floor":22}],"player_experience":112408,"relics_obtained":[{"floor":7,"key":"Orichalcum"},{"floor":9,"key":"Omamori"},{"floor":10,"key":"Vajra"},{"floor":14,"key":"Anchor"},{"floor":17,"key":"Blood Vial"},{"floor":17,"key":"Darkstone Periapt"},{"floor":17,"key":"Incense Burner"},{"floor":21,"key":"Red Mask"}],"event_choices":[{"damage_healed":0,"gold_gain":75,"player_choice":"Gather Gold","damage_taken":11,"max_hp_gain":0,"max_hp_loss":0,"event_name":"World of Goop","floor":2,"gold_loss":0},{"cards_removed":["Defend_B"],"damage_healed":0,"gold_gain":0,"player_choice":"Card Removal","damage_taken":7,"max_hp_gain":0,"max_hp_loss":0,"event_name":"Golden Wing","floor":4,"gold_loss":0},{"damage_healed":0,"gold_gain":0,"cards_transformed":["Strike_B"],"player_choice":"Transformed","damage_taken":0,"max_hp_gain":0,"max_hp_loss":0,"event_name":"Transmorgrifier","floor":13,"gold_loss":0,"cards_obtained":["Compile Driver"]},{"damage_healed":0,"gold_gain":0,"player_choice":"Shed Blood","damage_taken":21,"max_hp_gain":5,"max_hp_loss":0,"event_name":"Forgotten Altar","floor":20,"gold_loss":0},{"damage_healed":0,"gold_gain":0,"player_choice":"Fought Bandits","damage_taken":0,"max_hp_gain":0,"max_hp_loss":0,"event_name":"Masked Bandits","floor":21,"gold_loss":0}],"is_beta":false,"boss_relics":[{"not_picked":["Coffee Dripper","Runic Dome"],"picked":"Calling Bell"}],"items_purged_floors":[3],"is_endless":false,"potions_floor_spawned":[10,14,16,18,21],"killed_by":"Gremlin Leader","ascension_level":1}