{"gold_per_floor":[113,93,53,53,65,92,105,124,149,169,179,206,206,234,234,234],"floor_reached":16,"playtime":1631,"items_purged":[],"score":153,"play_id":"bbfb9830-30e8-4274-a359-b219433047d9","local_time":"20180929045802","is_ascension_mode":true,"campfire_choices":[{"floor":15,"key":"REST"}],"neow_cost":"NONE","seed_source_timestamp":20809420602530,"circlet_count":0,"master_deck":["Strike_R","Strike_R","Strike_R","Strike_R","Strike_R","Defend_R","Defend_R","Defend_R+1","Defend_R+1","Bash","Fiend Fire","Armaments","Corruption","Battle Trance","Exhume","Uppercut","Shockwave","Burning Pact","Entrench"],"relics":["Burning Blood","War Paint","Anchor","Juzu Bracelet","Meat on the Bone","Toxic Egg 2"],"potions_floor_usage":[6,11,14],"damage_taken":[{"damage":7,"enemies":"Small Slimes","floor":1,"turns":3},{"damage":0,"enemies":"Cultist","floor":5,"turns":2},{"damage":22,"enemies":"Gremlin Nob","floor":6,"turns":4},{"damage":2,"enemies":"Jaw Worm","floor":7,"turns":4},{"damage":0,"enemies":"2 Fungi Beasts","floor":8,"turns":4},{"damage":0,"enemies":"Gremlin Gang","floor":10,"turns":6},{"damage":6,"enemies":"Exordium Wildlife","floor":11,"turns":4},{"damage":17,"enemies":"Lagavulin","floor":12,"turns":6},{"damage":18,"enemies":"3 Sentries","floor":14,"turns":9},{"damage":86,"enemies":"Slime Boss","floor":16,"turns":12}],"seed_played":"4478142039420211442","potions_obtained":[{"floor":2,"key":"LiquidBronze"},{"floor":5,"key":"Regen Potion"},{"floor":7,"key":"EssenceOfSteel"},{"floor":8,"key":"LiquidBronze"},{"floor":10,"key":"Energy Potion"}],"is_trial":false,"path_per_floor":["M","?","$","?","M","E","M","M","T","M","M","E","T","E","R"],"character_chosen":"IRONCLAD","items_purchased":["Corruption"],"campfire_rested":1,"item_purchase_floors":[3],"current_hp_per_floor":[79,79,79,79,80,69,73,79,79,80,80,69,69,57,80,0],"gold":234,"neow_bonus":"ONE_RANDOM_RARE_CARD","is_prod":false,"is_daily":false,"chose_seed":false,"campfire_upgraded":0,"win_rate":0,"timestamp":1538189882,"path_taken":["M","?","$","?","M","E","M","M","T","M","M","E","?","E","R","BOSS"],"build_version":"2018-09-27","purchased_purges":0,"victory":false,"max_hp_per_floor":[80,80,80,80,80,80,80,80,80,80,80,80,80,80,80,80],"card_choices":[{"not_picked":["Clash","Cleave"],"picked":"Armaments","floor":1},{"not_picked":["Flex","Anger"],"picked":"Battle Trance","floor":5},{"not_picked":["Iron Wave","Seeing Red"],"picked":"Exhume","floor":6},{"not_picked":["Anger","Flex"],"picked":"Uppercut","floor":7},{"not_picked":["Body Slam","Armaments"],"picked":"Shockwave","floor":8},{"not_picked":["Shrug It Off","Iron Wave"],"picked":"Burning Pact","floor":10},{"not_picked":["Perfected Strike","Hemokinesis","Wild Strike"],"picked":"SKIP","floor":11},{"not_picked":["Infernal Blade","Pummel"],"picked":"Entrench","floor":12},{"not_picked":["Rage","Inflame","Sword Boomerang"],"picked":"SKIP","floor":14}],"player_experience":173413,"relics_obtained":[{"floor":6,"key":"War Paint"},{"floor":9,"key":"Anchor"},{"floor":12,"key":"Juzu Bracelet"},{"floor":13,"key":"Meat on the Bone"},{"floor":14,"key":"Toxic Egg 2"}],"event_choices":[{"event_name":"The Woman in Blue","player_choice":"Bought 1 Potion","floor":2,"damage_taken":0},{"event_name":"Golden Wing","player_choice":"Ignored","floor":4,"damage_taken":0}],"is_beta":false,"boss_relics":[],"items_purged_floors":[],"is_endless":false,"potions_floor_spawned":[5,7,8,10],"killed_by":"Slime Boss","ascension_level":5}