{"gold_per_floor":[112,128,128,139,214,214,243,257,257,257,257,267,287,45,45,150,150,167,186,186,197,208,208,235,235,258,258,275,285,52,72,72,169,169,183,193,212,35,135,135,162,189,212,212,50,50,66,78,78,78],"floor_reached":51,"playtime":1597,"items_purged":["Strike_R"],"score":1102,"play_id":"55f21ca0-51a8-46e8-9446-afa87432c947","local_time":"20190321181451","is_ascension_mode":true,"campfire_choices":[{"data":"Inflame","floor":6.0,"key":"SMITH"},{"data":"Sword Boomerang","floor":10.0,"key":"SMITH"},{"data":"Pummel","floor":15.0,"key":"SMITH"},{"floor":23.0,"key":"REST"},{"data":"Sword Boomerang","floor":25.0,"key":"SMITH"},{"data":"Spot Weakness","floor":32.0,"key":"SMITH"},{"data":"Exhume","floor":40.0,"key":"SMITH"},{"data":"Double Tap","floor":44.0,"key":"SMITH"},{"data":"Shockwave","floor":49.0,"key":"SMITH"}],"neow_cost":"NONE","seed_source_timestamp":17145234276400,"circlet_count":0,"master_deck":["AscendersBane","Strike_R+1","Defend_R","Defend_R","Defend_R","Defend_R","Bash","Sword Boomerang+1","Iron Wave","Inflame+1","Shockwave+1","Twin Strike+1","Pummel+1","Impervious","Sword Boomerang+1","Thunderclap+1","Pummel+1","Flex+1","Spot Weakness+1","Inflame+1","Double Tap+1","Exhume+1","Shrug It Off+1","Twin Strike+1"],"special_seed":0,"relics":["Burning Blood","NeowsBlessing","Vajra","The Courier","Incense Burner","Eternal Feather","Meat on the Bone","Happy Flower","Gremlin Horn","DollysMirror","Empty Cage","Lantern","FossilizedHelix","Ancient Tea Set","Mummified Hand","Oddly Smooth Stone","Strange Spoon"],"potions_floor_usage":[50,50],"damage_taken":[{"damage":0.0,"enemies":"Jaw Worm","floor":1.0,"turns":1.0},{"damage":0.0,"enemies":"Cultist","floor":2.0,"turns":1.0},{"damage":0.0,"enemies":"Small Slimes","floor":4.0,"turns":1.0},{"damage":25.0,"enemies":"3 Sentries","floor":7.0,"turns":10.0},{"damage":4.0,"enemies":"2 Fungi Beasts","floor":8.0,"turns":3.0},{"damage":0.0,"enemies":"Exordium Wildlife","floor":12.0,"turns":2.0},{"damage":11.0,"enemies":"Gremlin Gang","floor":13.0,"turns":4.0},{"damage":0.0,"enemies":"Slime Boss","floor":16.0,"turns":8.0},{"damage":30.0,"enemies":"Spheric Guardian","floor":18.0,"turns":4.0},{"damage":7.0,"enemies":"Chosen","floor":19.0,"turns":4.0},{"damage":18.0,"enemies":"Snake Plant","floor":21.0,"turns":4.0},{"damage":6.0,"enemies":"Cultist and Chosen","floor":22.0,"turns":6.0},{"damage":48.0,"enemies":"Book of Stabbing","floor":24.0,"turns":5.0},{"damage":18.0,"enemies":"Centurion and Healer","floor":28.0,"turns":4.0},{"damage":3.0,"enemies":"Chosen and Byrds","floor":29.0,"turns":2.0},{"damage":0.0,"enemies":"Cultist and Chosen","floor":31.0,"turns":2.0},{"damage":33.0,"enemies":"Champ","floor":33.0,"turns":6.0},{"damage":0.0,"enemies":"Orb Walker","floor":35.0,"turns":1.0},{"damage":40.0,"enemies":"3 Shapes","floor":36.0,"turns":8.0},{"damage":0.0,"enemies":"Jaw Worm Horde","floor":37.0,"turns":3.0},{"damage":2.0,"enemies":"Mind Bloom Boss Battle","floor":39.0,"turns":6.0},{"damage":8.0,"enemies":"Nemesis","floor":42.0,"turns":5.0},{"damage":0.0,"enemies":"3 Darklings","floor":47.0,"turns":2.0},{"damage":0.0,"enemies":"Transient","floor":48.0,"turns":5.0},{"damage":67,"enemies":"Awakened One","floor":50,"turns":11}],"seed_played":"2715592210755741721","potions_obtained":[{"floor":1.0,"key":"BloodPotion"},{"floor":4.0,"key":"Fire Potion"},{"floor":7.0,"key":"Fire Potion"},{"floor":16.0,"key":"Weak Potion"},{"floor":18.0,"key":"SpeedPotion"},{"floor":24.0,"key":"Energy Potion"},{"floor":28.0,"key":"Swift Potion"},{"floor":36.0,"key":"Swift Potion"},{"floor":47.0,"key":"SkillPotion"}],"is_trial":false,"path_per_floor":["M","M","?","M","?","R","E","M","T","R","?","M","M","$","R","B",null,"M","M","?","M","M","R","E","R","T","T","M","M","$","M","R","B",null,"M","M","M","$","?","R","T","E","T","R","$","$","M","M","R","B",null],"character_chosen":"IRONCLAD","items_purchased":["Incense Burner","DollysMirror","Double Tap","Lantern","Strange Spoon"],"campfire_rested":1,"item_purchase_floors":[14,30,30,38,45],"current_hp_per_floor":[78,80,80,80,69,69,50,52,52,52,36,42,37,37,37,43,71,47,46,46,34,34,70,28,40,40,40,40,55,55,61,73,58,75,80,58,64,64,68,80,80,78,78,80,80,80,80,80,80,39],"gold":78,"neow_bonus":"THREE_ENEMY_KILL","is_prod":false,"is_daily":false,"chose_seed":false,"campfire_upgraded":8,"win_rate":0,"timestamp":1553159691,"path_taken":["M","M","?","?","?","R","E","M","T","R","?","M","M","$","R","BOSS","M","M","?","M","M","R","E","R","T","?","M","M","$","M","R","BOSS","M","?","M","$","?","R","?","E","T","R","?","$","M","M","R","BOSS"],"build_version":"2019-01-23","purchased_purges":1,"victory":true,"max_hp_per_floor":[80,80,80,80,80,80,80,80,80,80,80,80,80,80,80,80,80,80,80,80,80,80,80,80,80,80,80,80,80,80,80,80,80,80,80,80,80,80,80,80,80,80,80,80,80,80,80,80,80,80],"card_choices":[{"not_picked":["Disarm","Armaments"],"picked":"Sword Boomerang","floor":1.0},{"not_picked":["Evolve","Dual Wield","Reckless Charge"],"picked":"SKIP","floor":2.0},{"not_picked":["Iron Wave","Armaments"],"picked":"Inflame","floor":4.0},{"not_picked":["Brutality","Sever Soul"],"picked":"Shockwave","floor":7.0},{"not_picked":["Cleave","Body Slam"],"picked":"Twin Strike","floor":8.0},{"not_picked":["Body Slam","Dual Wield"],"picked":"Pummel","floor":12.0},{"not_picked":["Warcry","Dropkick","Blood for Blood"],"picked":"SKIP","floor":13.0},{"not_picked":["Exhume","Dark Embrace"],"picked":"Impervious","floor":16.0},{"not_picked":["Shrug It Off","Pommel Strike"],"picked":"Sword Boomerang","floor":18.0},{"not_picked":["Uppercut+1","Anger"],"picked":"Thunderclap+1","floor":19.0},{"not_picked":["Rupture","Carnage+1"],"picked":"Pummel+1","floor":21.0},{"not_picked":["Havoc+1","Burning Pact+1"],"picked":"Flex+1","floor":22.0},{"not_picked":["Carnage","Juggernaut","Armaments+1"],"picked":"SKIP","floor":24.0},{"not_picked":["Feel No Pain","Clash"],"picked":"Spot Weakness","floor":28.0},{"not_picked":["Clothesline","Armaments","Power Through"],"picked":"SKIP","floor":29.0},{"not_picked":["Immolate","Cleave","Clothesline"],"picked":"SKIP","floor":31.0},{"not_picked":["Dark Embrace","Feed"],"picked":"Exhume","floor":33.0},{"not_picked":["Body Slam","Perfected Strike","Searing Blow"],"picked":"SKIP","floor":35.0},{"not_picked":["Rage","Pommel Strike+1"],"picked":"Shrug It Off+1","floor":36.0},{"not_picked":["Perfected Strike+1","Body Slam","Juggernaut"],"picked":"SKIP","floor":37.0},{"not_picked":["Shrug It Off","Wild Strike+1","Shockwave+1"],"picked":"SKIP","floor":42.0},{"not_picked":["Burning Pact","Clothesline+1"],"picked":"Twin Strike+1","floor":47.0},{"not_picked":["Metallicize","Heavy Blade+1","Bludgeon"],"picked":"SKIP","floor":48.0}],"player_experience":365449,"relics_obtained":[{"floor":7.0,"key":"Vajra"},{"floor":9.0,"key":"The Courier"},{"floor":24.0,"key":"Meat on the Bone"},{"floor":26.0,"key":"Happy Flower"},{"floor":27.0,"key":"Gremlin Horn"},{"floor":39.0,"key":"FossilizedHelix"},{"floor":41.0,"key":"Ancient Tea Set"},{"floor":42.0,"key":"Mummified Hand"},{"floor":43.0,"key":"Oddly Smooth Stone"}],"event_choices":[{"damage_healed":0.0,"max_hp_gain":0.0,"max_hp_loss":0.0,"gold_gain":0.0,"cards_transformed":["Strike_R"],"event_name":"Transmorgrifier","player_choice":"Transformed","floor":3.0,"gold_loss":0.0,"damage_taken":0.0,"cards_obtained":["Iron Wave"]},{"damage_healed":0.0,"max_hp_gain":0.0,"max_hp_loss":0.0,"gold_gain":75.0,"event_name":"World of Goop","player_choice":"Gather Gold","floor":5.0,"gold_loss":0.0,"damage_taken":11.0},{"damage_healed":0.0,"max_hp_gain":0.0,"max_hp_loss":0.0,"gold_gain":0.0,"event_name":"Shining Light","player_choice":"Entered Light","floor":11.0,"gold_loss":0.0,"damage_taken":16.0,"cards_upgraded":["Strike_R","Twin Strike"]},{"damage_healed":0.0,"max_hp_gain":0.0,"max_hp_loss":0.0,"gold_gain":0.0,"event_name":"Vampires","player_choice":"Ignored","floor":20.0,"gold_loss":0.0,"damage_taken":0.0},{"damage_healed":0.0,"max_hp_gain":0.0,"max_hp_loss":0.0,"gold_gain":0.0,"event_name":"MindBloom","player_choice":"Fight","floor":39.0,"gold_loss":0.0,"damage_taken":0.0}],"is_beta":false,"boss_relics":[{"not_picked":["Runic Dome","Runic Cube"],"picked":"Eternal Feather"},{"not_picked":["Coffee Dripper","Calling Bell"],"picked":"Empty Cage"}],"items_purged_floors":[38],"is_endless":false,"potions_floor_spawned":[1,4,7,16,18,24,28,29,36,47,48],"ascension_level":10}