{"gold_per_floor":[112,131,29,49,64,90,90,124,174,186,186,136,136,136,136,233,233,247,267,279,30,30,30,30,30,81,81,3,3,22,41,41,41],"floor_reached":33,"playtime":1421,"items_purged":["Regret"],"score":306,"play_id":"42d4b883-b413-4fd6-b985-4339105ca838","local_time":"20190228162037","is_ascension_mode":true,"campfire_choices":[{"floor":7,"key":"DIG"},{"floor":11,"key":"REST"},{"floor":13,"key":"DIG"},{"floor":15,"key":"DIG"},{"floor":23,"key":"REST"},{"floor":25,"key":"DIG"},{"floor":27,"key":"DIG"},{"floor":29,"key":"REST"},{"floor":32,"key":"DIG"}],"neow_cost":"CURSE","seed_source_timestamp":22093011474333,"circlet_count":0,"master_deck":["Defend_G","Defend_G","Defend_G","Defend_G","Defend_G","Strike_G","Strike_G","Strike_G","Survivor","Neutralize","Leg Sweep+1","Die Die Die","Dagger Spray","Blade Dance","Flying Knee","Bouncing Flask","Bouncing Flask","Caltrops+1","Venomology+1","Deadly Poison","Well Laid Plans+1","PiercingWail","Blur"],"relics":["Ring of the Snake","Shovel","Frozen Egg 2","Bronze Scales","Bag of Marbles","Art of War","Smiling Mask","Snake Skull","Calling Bell","Orichalcum","Mummified Hand","Ginger","Toy Ornithopter","Letter Opener","Sundial","War Paint","Question Card","Regal Pillow"],"potions_floor_usage":[8,19,20,30,30,31,31,31,33],"damage_taken":[{"damage":0,"enemies":"Jaw Worm","floor":1,"turns":7},{"damage":1,"enemies":"Cultist","floor":2,"turns":4},{"damage":0,"enemies":"2 Louse","floor":4,"turns":1},{"damage":6,"enemies":"Red Slaver","floor":5,"turns":5},{"damage":21,"enemies":"Lagavulin","floor":6,"turns":9},{"damage":16,"enemies":"3 Sentries","floor":8,"turns":6},{"damage":0,"enemies":"Large Slime","floor":10,"turns":5},{"damage":16,"enemies":"The Guardian","floor":16,"turns":6},{"damage":19,"enemies":"Shell Parasite","floor":18,"turns":3},{"damage":26,"enemies":"2 Thieves","floor":19,"turns":5},{"damage":35,"enemies":"Sentry and Sphere","floor":20,"turns":4},{"damage":0,"enemies":"3 Cultists","floor":30,"turns":3},{"damage":24,"enemies":"Shelled Parasite and Fungi","floor":31,"turns":6},{"damage":56,"enemies":"Collector","floor":33,"turns":8}],"seed_played":"1694829030501234137","potions_obtained":[{"floor":2,"key":"GhostInAJar"},{"floor":4,"key":"Swift Potion"},{"floor":5,"key":"Ancient Potion"},{"floor":10,"key":"LiquidBronze"},{"floor":14,"key":"FairyPotion"},{"floor":20,"key":"SkillPotion"}],"is_trial":false,"path_per_floor":["M","M","?","M","M","E","R","E","T","M","R","?","R","?","R","B",null,"M","M","M","$","?","R","?","R","T","R","$","R","M","M","R","B"],"character_chosen":"THE_SILENT","items_purchased":["Toy Ornithopter","Well Laid Plans+1"],"campfire_rested":3,"item_purchase_floors":[21,28],"current_hp_per_floor":[70,69,69,69,63,42,42,26,26,26,47,47,47,47,47,31,70,51,25,7,7,7,28,28,28,28,28,28,49,59,50,50,0],"gold":41,"neow_bonus":"TRANSFORM_TWO_CARDS","is_prod":false,"is_daily":false,"chose_seed":false,"campfire_upgraded":0,"win_rate":0,"timestamp":1551342037,"path_taken":["M","M","?","?","M","E","R","E","T","M","R","?","R","?","R","BOSS","M","M","M","$","?","R","?","R","T","R","$","R","?","M","R","BOSS"],"build_version":"2019-01-23","purchased_purges":1,"victory":false,"max_hp_per_floor":[70,70,70,70,70,70,70,70,70,70,70,70,70,70,70,70,70,70,70,70,70,70,70,70,70,70,70,70,70,70,70,70,70],"card_choices":[{"not_picked":["Dagger Throw","PiercingWail"],"picked":"Dagger Spray","floor":1},{"not_picked":["Eviscerate","Choke"],"picked":"Blade Dance","floor":2},{"not_picked":["Prepared","Backflip"],"picked":"Flying Knee","floor":4},{"not_picked":["Prepared","Catalyst"],"picked":"Bouncing Flask","floor":5},{"not_picked":["Setup","Leg Sweep"],"picked":"Bouncing Flask","floor":6},{"not_picked":["Heel Hook","Setup","Dodge and Roll"],"picked":"SKIP","floor":8},{"not_picked":["Dagger Spray","Poisoned Stab"],"picked":"Caltrops+1","floor":10},{"not_picked":["Phantasmal Killer","Night Terror"],"picked":"Venomology","floor":16},{"not_picked":["Sucker Punch","Riddle With Holes+1","Underhanded Strike+1"],"picked":"SKIP","floor":18},{"not_picked":["Slice","Accuracy+1"],"picked":"Deadly Poison","floor":19},{"not_picked":["Cloak And Dagger","Bane","Dodge and Roll"],"picked":"SKIP","floor":20},{"not_picked":["Poisoned Stab+1","Slice","Eviscerate"],"picked":"PiercingWail","floor":30},{"not_picked":["Backflip","A Thousand Cuts+1","Infinite Blades+1"],"picked":"Blur","floor":31}],"player_experience":219850,"relics_obtained":[{"floor":6,"key":"Frozen Egg 2"},{"floor":7,"key":"Bronze Scales"},{"floor":8,"key":"Bag of Marbles"},{"floor":9,"key":"Art of War"},{"floor":13,"key":"Smiling Mask"},{"floor":15,"key":"Snake Skull"},{"floor":17,"key":"Orichalcum"},{"floor":17,"key":"Mummified Hand"},{"floor":17,"key":"Ginger"},{"floor":25,"key":"Sundial"},{"floor":26,"key":"War Paint"},{"floor":27,"key":"Question Card"},{"floor":32,"key":"Regal Pillow"}],"event_choices":[{"damage_healed":0,"gold_gain":0,"player_choice":"Paid Gold","damage_taken":0,"relics_obtained":["Shovel"],"max_hp_gain":0,"max_hp_loss":0,"event_name":"WeMeetAgain","floor":3,"gold_loss":102},{"cards_removed":["Decay"],"damage_healed":0,"gold_gain":0,"player_choice":"Card Removal","damage_taken":0,"max_hp_gain":0,"max_hp_loss":0,"event_name":"The Cleric","floor":12,"gold_loss":50},{"damage_healed":0,"gold_gain":0,"player_choice":"Got Potions","damage_taken":0,"max_hp_gain":0,"max_hp_loss":0,"event_name":"Lab","floor":14,"gold_loss":0},{"damage_healed":0,"gold_gain":0,"player_choice":"Stole Relic","damage_taken":0,"relics_obtained":["Letter Opener"],"max_hp_gain":0,"max_hp_loss":0,"event_name":"Addict","floor":22,"gold_loss":0,"cards_obtained":["Shame"]},{"cards_removed":["Shame","Writhe","Shame"],"damage_healed":0,"gold_gain":0,"player_choice":"Removed Curses","damage_taken":0,"max_hp_gain":0,"max_hp_loss":0,"event_name":"Fountain of Cleansing","floor":24,"gold_loss":0}],"is_beta":false,"boss_relics":[{"not_picked":["Eternal Feather","WristBlade"],"picked":"Calling Bell"}],"items_purged_floors":[21],"is_endless":false,"potions_floor_spawned":[2,4,5,10,16,18,20],"killed_by":"Collector","ascension_level":4}