{"gold_per_floor":[110,110,35,51,63,90,109,119,119,133,149,177,177,192,192,291,291,305,318,318,334,353,382,382,399,422,439,439,453,467,499,499,599,599,609,217,232,232,232,287,302,330,330,330],"floor_reached":44,"playtime":3938,"items_purged":["Regret","Strike_G"],"score":528,"play_id":"b1ca4fe3-0784-4322-89dd-8dc418ca0f21","local_time":"20181214014803","is_ascension_mode":false,"campfire_choices":[{"data":"The Bomb","floor":15,"key":"SMITH"},{"data":"Leg Sweep","floor":24,"key":"SMITH"},{"data":"Outmaneuver","floor":32,"key":"SMITH"}],"neow_cost":"CURSE","seed_source_timestamp":111844950592009,"circlet_count":0,"master_deck":["Defend_G","Defend_G","Defend_G","Defend_G","Defend_G","Strike_G","Survivor","Neutralize","Dark Shackles","The Bomb+1","Infinite Blades+1","PiercingWail","Backflip","Adrenaline","Outmaneuver+1","Outmaneuver","Malaise","Predator+1","Flying Knee+1","Phantasmal Killer+1","Leg Sweep+1","Terror","Flying Knee","Adrenaline","Backstab","After Image","Escape Plan","Outmaneuver+1","Madness","Madness","Panacea","Master of Strategy","Trip","After Image"],"relics":["Ring of the Snake","Meat on the Bone","Matryoshka","Ice Cream","Astrolabe","Mummified Hand","PreservedInsect","Blood Vial","Pen Nib","Mercury Hourglass","Sozu","Incense Burner","Tiny Chest","Singing Bowl","Sundial"],"potions_floor_usage":[21,33,33,44,44],"damage_taken":[{"damage":2,"enemies":"Small Slimes","floor":1,"turns":4},{"damage":1,"enemies":"Cultist","floor":4,"turns":4},{"damage":0,"enemies":"2 Louse","floor":5,"turns":4},{"damage":14,"enemies":"Lagavulin","floor":6,"turns":8},{"damage":4,"enemies":"Large Slime","floor":7,"turns":4},{"damage":1,"enemies":"Red Slaver","floor":8,"turns":4},{"damage":7,"enemies":"2 Fungi Beasts","floor":10,"turns":4},{"damage":0,"enemies":"Blue Slaver","floor":11,"turns":3},{"damage":10,"enemies":"3 Sentries","floor":12,"turns":7},{"damage":2,"enemies":"Looter","floor":14,"turns":4},{"damage":32,"enemies":"The Guardian","floor":16,"turns":14},{"damage":0,"enemies":"Shell Parasite","floor":18,"turns":6},{"damage":2,"enemies":"2 Thieves","floor":19,"turns":4},{"damage":1,"enemies":"Snake Plant","floor":21,"turns":6},{"damage":0,"enemies":"3 Cultists","floor":22,"turns":4},{"damage":25,"enemies":"Book of Stabbing","floor":23,"turns":8},{"damage":5,"enemies":"Cultist and Chosen","floor":25,"turns":7},{"damage":0,"enemies":"Chosen and Byrds","floor":27,"turns":6},{"damage":15,"enemies":"Sentry and Sphere","floor":29,"turns":7},{"damage":3,"enemies":"Snake Plant","floor":30,"turns":5},{"damage":17,"enemies":"Gremlin Leader","floor":31,"turns":5},{"damage":45,"enemies":"Champ","floor":33,"turns":12},{"damage":7,"enemies":"3 Darklings","floor":35,"turns":4},{"damage":3,"enemies":"3 Shapes","floor":37,"turns":6},{"damage":38,"enemies":"Nemesis","floor":40,"turns":9},{"damage":0,"enemies":"Transient","floor":41,"turns":5},{"damage":17,"enemies":"Reptomancer","floor":42,"turns":8},{"damage":50,"enemies":"2 Orb Walkers","floor":44,"turns":4}],"seed_played":"4184774776484259909","potions_obtained":[{"floor":4,"key":"Explosive Potion"},{"floor":5,"key":"Block Potion"},{"floor":6,"key":"Regen Potion"},{"floor":11,"key":"Fire Potion"},{"floor":22,"key":"Ancient Potion"},{"floor":23,"key":"Strength Potion"},{"floor":29,"key":"EssenceOfSteel"},{"floor":33,"key":"Explosive Potion"}],"is_trial":false,"path_per_floor":["M","?","$","M","M","E","M","M","T","M","M","E","?","M","R","B",null,"M","M","?","M","M","E","R","M","T","M","?","M","M","E","R","B",null,"M","$","M","?","?","E","M","E","T","?"],"character_chosen":"THE_SILENT","items_purchased":["Incense Burner"],"campfire_rested":0,"item_purchase_floors":[36],"current_hp_per_floor":[68,68,68,67,67,53,49,48,48,41,41,43,48,46,46,26,75,75,73,73,72,72,47,47,42,42,44,44,43,42,39,39,13,75,68,68,67,58,48,24,38,37,37,0],"gold":330,"neow_bonus":"RANDOM_COLORLESS_2","is_prod":false,"is_daily":false,"chose_seed":false,"campfire_upgraded":3,"win_rate":0,"timestamp":1544773683,"path_taken":["M","?","?","?","M","E","M","M","T","M","M","E","?","M","R","BOSS","M","M","?","M","M","E","R","?","T","M","?","M","?","E","R","BOSS","M","$","M","?","?","E","M","E","T","?"],"build_version":"2018-12-13","purchased_purges":2,"victory":false,"max_hp_per_floor":[70,70,70,70,70,70,70,70,70,70,70,70,75,75,75,75,75,75,75,75,75,75,75,75,75,75,75,75,75,75,75,75,75,75,75,75,75,75,75,75,75,77,77,77],"card_choices":[{"not_picked":["Dagger Throw","Underhanded Strike"],"picked":"Infinite Blades","floor":1},{"not_picked":["Deadly Poison","Bane","Dagger Spray"],"picked":"SKIP","floor":4},{"not_picked":["Wraith Form v2","Slice"],"picked":"PiercingWail","floor":5},{"not_picked":["Deadly Poison","Bane","Underhanded Strike"],"picked":"SKIP","floor":6},{"not_picked":["Deflect","Bane","Dodge and Roll"],"picked":"SKIP","floor":7},{"not_picked":["Dagger Spray","Deadly Poison","Infinite Blades"],"picked":"SKIP","floor":8},{"not_picked":["Blade Dance","All Out Attack"],"picked":"Backflip","floor":10},{"not_picked":["Sucker Punch","Deadly Poison"],"picked":"Adrenaline","floor":11},{"not_picked":["Masterful Stab","Acrobatics"],"picked":"Outmaneuver","floor":12},{"not_picked":["Backflip","Acrobatics"],"picked":"Outmaneuver","floor":14},{"not_picked":["Doppelganger","Wraith Form v2"],"picked":"Malaise","floor":16},{"not_picked":["Sucker Punch","Poisoned Stab"],"picked":"Leg Sweep","floor":18},{"not_picked":["Calculated Gamble+1","Finisher"],"picked":"Terror","floor":19},{"not_picked":["Acrobatics","All Out Attack","Dodge and Roll"],"picked":"SKIP","floor":21},{"not_picked":["Sucker Punch","Underhanded Strike+1"],"picked":"Flying Knee","floor":22},{"not_picked":["Underhanded Strike+1","Reflex+1"],"picked":"Adrenaline","floor":23},{"not_picked":["Bouncing Flask","Blade Dance","Cloak And Dagger"],"picked":"SKIP","floor":25},{"not_picked":["Deadly Poison","Unload"],"picked":"Backstab","floor":27},{"not_picked":["Tactician","Deadly Poison+1","Dagger Spray"],"picked":"SKIP","floor":29},{"not_picked":["Quick Slash","Acrobatics+1","Deadly Poison"],"picked":"SKIP","floor":30},{"not_picked":["Cloak And Dagger","Dagger Spray","Poisoned Stab+1"],"picked":"SKIP","floor":31},{"not_picked":["Burst","Storm of Steel"],"picked":"After Image","floor":33},{"not_picked":["Finisher+1","Prepared"],"picked":"Escape Plan","floor":35},{"not_picked":["Flechettes+1","Underhanded Strike"],"picked":"Outmaneuver+1","floor":37},{"not_picked":["Madness","PanicButton"],"picked":"Panacea","floor":39},{"not_picked":["PanicButton","Jack Of All Trades"],"picked":"Master of Strategy","floor":39},{"not_picked":["Impatience","Sadistic Nature"],"picked":"Trip","floor":39},{"not_picked":["Underhanded Strike","Quick Slash+1"],"picked":"After Image","floor":40},{"not_picked":["Prepared","Terror","Underhanded Strike+1"],"picked":"SKIP","floor":41},{"not_picked":["Dodge and Roll","Dagger Throw+1","Tactician+1"],"picked":"Singing Bowl","floor":42}],"player_experience":129006,"relics_obtained":[{"floor":6,"key":"Meat on the Bone"},{"floor":9,"key":"Matryoshka"},{"floor":12,"key":"Ice Cream"},{"floor":23,"key":"PreservedInsect"},{"floor":26,"key":"Blood Vial"},{"floor":26,"key":"Pen Nib"},{"floor":31,"key":"Mercury Hourglass"},{"floor":40,"key":"Tiny Chest"},{"floor":42,"key":"Singing Bowl"},{"floor":43,"key":"Sundial"}],"event_choices":[{"damage_healed":0,"gold_gain":0,"player_choice":"Forge","damage_taken":0,"max_hp_gain":0,"max_hp_loss":0,"event_name":"Accursed Blacksmith","floor":2,"gold_loss":0,"cards_upgraded":["Infinite Blades"]},{"damage_healed":0,"gold_gain":0,"player_choice":"Donut","damage_taken":0,"max_hp_gain":5,"max_hp_loss":0,"event_name":"Big Fish","floor":13,"gold_loss":0},{"damage_healed":0,"gold_gain":0,"player_choice":"Gave Potion","damage_taken":0,"relics_obtained":["Mummified Hand"],"max_hp_gain":0,"max_hp_loss":0,"event_name":"WeMeetAgain","floor":20,"gold_loss":0},{"damage_healed":0,"gold_gain":0,"player_choice":"Ignored","damage_taken":0,"max_hp_gain":0,"max_hp_loss":0,"event_name":"NoteForYourself","floor":28,"gold_loss":0},{"damage_healed":0,"gold_gain":0,"player_choice":"Embrace Madness","damage_taken":9,"max_hp_gain":0,"max_hp_loss":0,"event_name":"Winding Halls","floor":38,"gold_loss":0,"cards_obtained":["Madness","Madness"]},{"damage_healed":0,"gold_gain":0,"player_choice":"Memory 3","damage_taken":10,"max_hp_gain":0,"max_hp_loss":0,"event_name":"SensoryStone","floor":39,"gold_loss":0},{"damage_healed":0,"gold_gain":0,"player_choice":"Fight","damage_taken":0,"max_hp_gain":0,"max_hp_loss":0,"event_name":"Mysterious Sphere","floor":44,"gold_loss":0}],"is_beta":false,"boss_relics":[{"not_picked":["Lizard Tail","Philosopher\u0027s Stone"],"picked":"Astrolabe"},{"not_picked":["Black Star","HoveringKite"],"picked":"Sozu"}],"items_purged_floors":[3,36],"is_endless":false,"potions_floor_spawned":[4,5,6,11,14,16,22,23,29,31,33,35,40],"killed_by":"2 Orb Walkers","ascension_level":0}