{"gold_per_floor":[110,126,137,156,44,73,73,97,97,116,136,136,168,184,184,286,286,211,221,240,18,18],"floor_reached":22,"playtime":2894,"items_purged":[],"score":208,"play_id":"1b125217-8e16-4ad7-9bac-ff51e1d5d18b","local_time":"20181126220232","is_ascension_mode":true,"campfire_choices":[{"data":"Auto Shields","floor":7,"key":"SMITH"},{"data":"Reinforced Body","floor":12,"key":"SMITH"},{"data":"Creative AI","floor":15,"key":"SMITH"}],"neow_cost":"NONE","seed_source_timestamp":38947701063774,"circlet_count":0,"master_deck":["Strike_B","Strike_B","Strike_B","Strike_B","Defend_B","Defend_B","Defend_B","Defend_B","Zap","Dualcast","Reinforced Body+1","Coolheaded","BootSequence","Auto Shields+1","Genetic Algorithm","Lockon","Amplify","Steam","Genetic Algorithm","Creative AI+1","Redo","Amplify","Leap+1","Go for the Eyes","Hologram"],"relics":["Cracked Core","NeowsBlessing","Omamori","Bottled Lightning","Centennial Puzzle","Nuclear Battery","Toy Ornithopter"],"potions_floor_usage":[13,16,20,20],"damage_taken":[{"damage":0,"enemies":"Cultist","floor":1,"turns":1},{"damage":0,"enemies":"2 Louse","floor":2,"turns":1},{"damage":0,"enemies":"Small Slimes","floor":3,"turns":1},{"damage":0,"enemies":"Blue Slaver","floor":4,"turns":5},{"damage":25,"enemies":"Lagavulin","floor":6,"turns":12},{"damage":0,"enemies":"Exordium Wildlife","floor":10,"turns":7},{"damage":0,"enemies":"3 Louse","floor":11,"turns":5},{"damage":5,"enemies":"3 Sentries","floor":13,"turns":9},{"damage":0,"enemies":"Large Slime","floor":14,"turns":6},{"damage":10,"enemies":"Hexaghost","floor":16,"turns":16},{"damage":0,"enemies":"2 Thieves","floor":18,"turns":5},{"damage":4,"enemies":"Chosen","floor":19,"turns":8},{"damage":53,"enemies":"Centurion and Healer","floor":20,"turns":25},{"damage":22,"enemies":"Sentry and Sphere","floor":22,"turns":7}],"seed_played":"3653865573199373319","potions_obtained":[{"floor":3,"key":"SteroidPotion"},{"floor":4,"key":"Fire Potion"},{"floor":10,"key":"Energy Potion"},{"floor":13,"key":"SkillPotion"},{"floor":14,"key":"EssenceOfSteel"}],"is_trial":false,"path_per_floor":["M","M","M","M","$","E","R","T","T","M","M","R","E","M","R","B",null,"M","M","M","$","M"],"character_chosen":"DEFECT","items_purchased":["Genetic Algorithm","Lockon","Toy Ornithopter","Hologram"],"campfire_rested":0,"item_purchase_floors":[5,5,21,21],"current_hp_per_floor":[75,75,75,75,75,50,50,50,50,50,50,50,45,45,45,35,75,75,71,18,18,0],"gold":18,"neow_bonus":"THREE_ENEMY_KILL","is_prod":false,"is_daily":false,"chose_seed":false,"campfire_upgraded":3,"win_rate":0,"timestamp":1543237352,"path_taken":["M","M","M","M","$","E","R","?","T","M","M","R","E","M","R","BOSS","M","M","M","$","M"],"build_version":"2018-11-15","purchased_purges":0,"victory":false,"max_hp_per_floor":[75,75,75,75,75,75,75,75,75,75,75,75,75,75,75,75,75,75,75,75,75,75],"card_choices":[{"not_picked":["Beam Cell","Doom and Gloom"],"picked":"Reinforced Body","floor":1},{"not_picked":["Steam","Turbo"],"picked":"Coolheaded","floor":2},{"not_picked":["Coolheaded","Hologram"],"picked":"BootSequence","floor":3},{"not_picked":["Hologram","Consume"],"picked":"Auto Shields","floor":4},{"not_picked":["Darkness","Multi-Cast"],"picked":"Amplify","floor":6},{"not_picked":["Scrape","Streamline"],"picked":"Steam","floor":10},{"not_picked":["Steam Power","Consume"],"picked":"Genetic Algorithm","floor":11},{"not_picked":["Compile Driver","Streamline"],"picked":"Creative AI","floor":13},{"not_picked":["Gash","Compile Driver"],"picked":"Redo","floor":14},{"not_picked":["Meteor Strike","Thunder Strike"],"picked":"Amplify","floor":16},{"not_picked":["Gash+1","Hologram"],"picked":"Leap+1","floor":18},{"not_picked":["Redo","Cold Snap"],"picked":"Go for the Eyes","floor":19},{"not_picked":["Streamline","Compile Driver","Rebound"],"picked":"SKIP","floor":20}],"player_experience":86522,"relics_obtained":[{"floor":6,"key":"Omamori"},{"floor":9,"key":"Bottled Lightning"},{"floor":13,"key":"Centennial Puzzle"}],"event_choices":[],"is_beta":false,"boss_relics":[{"not_picked":["Empty Cage","Sozu"],"picked":"Nuclear Battery"}],"items_purged_floors":[],"is_endless":false,"potions_floor_spawned":[3,4,10,13,14],"killed_by":"Sentry and Sphere","ascension_level":1}