{"gold_per_floor":[117,117,130,130,141,167,167,195,222,222,20,46,62,76,76,176,176,187,201,212,242,256,256,281,281],"floor_reached":25,"playtime":1642,"items_purged":[],"score":233,"play_id":"bb2a70a4-9cba-43ac-8171-0b6fc5433d44","local_time":"20181214224946","is_ascension_mode":false,"campfire_choices":[{"data":"Footwork","floor":10,"key":"SMITH"},{"data":"Spot Weakness","floor":15,"key":"SMITH"},{"data":"Genetic Algorithm","floor":23,"key":"SMITH"}],"neow_cost":"NONE","seed_source_timestamp":189851811136581,"circlet_count":0,"master_deck":["Survivor+1","Neutralize","Flying Knee","Crippling Poison+1","Footwork+1","Backstab","Shrug It Off","Spot Weakness+1","Seek","Prepared","Terror","Distraction","Dagger Throw","Blade Dance","Glass Knife","Backstab","Infinite Blades","Finisher","Calculated Gamble","Body Slam+1","Riddle With Holes","Writhe","Genetic Algorithm+1","Adrenaline"],"relics":["Velvet Choker","CultistMask","Blood Vial","Art of War","War Paint","PrismaticShard","Odd Mushroom","Pandora\u0027s Box","Tiny Chest","WingedGreaves"],"potions_floor_usage":[19,24],"damage_taken":[{"damage":0,"enemies":"Small Slimes","floor":1,"turns":5},{"damage":0,"enemies":"Cultist","floor":3,"turns":4},{"damage":0,"enemies":"Jaw Worm","floor":5,"turns":4},{"damage":10,"enemies":"Lagavulin","floor":6,"turns":9},{"damage":16,"enemies":"3 Sentries","floor":8,"turns":12},{"damage":0,"enemies":"The Mushroom Lair","floor":12,"turns":4},{"damage":0,"enemies":"2 Fungi Beasts","floor":13,"turns":4},{"damage":0,"enemies":"Exordium Wildlife","floor":14,"turns":2},{"damage":5,"enemies":"The Guardian","floor":16,"turns":11},{"damage":8,"enemies":"Shell Parasite","floor":18,"turns":5},{"damage":0,"enemies":"Chosen","floor":19,"turns":3},{"damage":11,"enemies":"Sentry and Sphere","floor":20,"turns":5},{"damage":9,"enemies":"Shelled Parasite and Fungi","floor":22,"turns":4},{"damage":32,"enemies":"Book of Stabbing","floor":24,"turns":5},{"damage":21,"enemies":"Snake Plant","floor":25,"turns":1}],"seed_played":"8977711339059058244","potions_obtained":[{"floor":6,"key":"Block Potion"},{"floor":8,"key":"SteroidPotion"},{"floor":12,"key":"Ancient Potion"},{"floor":22,"key":"Energy Potion"}],"is_trial":false,"path_per_floor":["M","?","M","?","M","E","?","E","T","R","$","?","M","M","R","B",null,"M","M","M","?","M","R","E","M"],"character_chosen":"THE_SILENT","items_purchased":["PrismaticShard"],"campfire_rested":0,"item_purchase_floors":[11],"current_hp_per_floor":[70,70,70,70,70,60,46,32,32,32,32,34,36,38,38,35,70,62,64,55,55,48,48,18,0],"gold":281,"neow_bonus":"BOSS_RELIC","is_prod":false,"is_daily":false,"chose_seed":false,"campfire_upgraded":3,"win_rate":0,"timestamp":1544849386,"path_taken":["M","?","?","?","M","E","?","E","T","R","?","?","M","M","R","BOSS","M","M","M","?","M","R","E","M"],"build_version":"2018-12-13","purchased_purges":0,"victory":false,"max_hp_per_floor":[70,70,70,70,70,70,70,70,70,70,70,70,70,70,70,70,70,70,70,70,70,70,70,70,70],"card_choices":[{"not_picked":["Deadly Poison","Endless Agony"],"picked":"Flying Knee","floor":1},{"not_picked":["Acrobatics","Leg Sweep"],"picked":"Crippling Poison","floor":3},{"not_picked":["Dash","Deflect"],"picked":"Footwork","floor":5},{"not_picked":["Dodge and Roll","Prepared","Finisher"],"picked":"SKIP","floor":6},{"not_picked":["Poisoned Stab","Deflect"],"picked":"Backstab","floor":8},{"not_picked":["Reckless Charge","Heavy Blade"],"picked":"Shrug It Off","floor":12},{"not_picked":["Blizzard","Chill","Turbo"],"picked":"SKIP","floor":13},{"not_picked":["Burning Pact","Cloak And Dagger"],"picked":"Spot Weakness","floor":14},{"not_picked":["Unload","Phantasmal Killer"],"picked":"Seek","floor":16},{"not_picked":["Outmaneuver","Shrug It Off"],"picked":"Body Slam+1","floor":18},{"not_picked":["Twin Strike","Rebound+1","Burning Pact"],"picked":"SKIP","floor":19},{"not_picked":["Leap","Enlightenment"],"picked":"Riddle With Holes","floor":20},{"not_picked":["Exhume","Concentrate"],"picked":"Genetic Algorithm","floor":22},{"not_picked":["Fire Breathing","Barrage+1"],"picked":"Adrenaline","floor":24}],"player_experience":161169,"relics_obtained":[{"floor":6,"key":"Blood Vial"},{"floor":8,"key":"Art of War"},{"floor":9,"key":"War Paint"},{"floor":12,"key":"Odd Mushroom"},{"floor":24,"key":"WingedGreaves"}],"event_choices":[{"damage_healed":0,"gold_gain":0,"player_choice":"Trade","damage_taken":0,"relics_obtained":["CultistMask"],"max_hp_gain":0,"max_hp_loss":0,"event_name":"FaceTrader","floor":2,"gold_loss":0},{"damage_healed":0,"gold_gain":0,"player_choice":"Ignored","damage_taken":0,"max_hp_gain":0,"max_hp_loss":0,"event_name":"Liars Game","floor":4,"gold_loss":0},{"damage_healed":0,"gold_gain":0,"player_choice":"Entered Light","damage_taken":14,"max_hp_gain":0,"max_hp_loss":0,"event_name":"Shining Light","floor":7,"gold_loss":0,"cards_upgraded":["Strike_G","Crippling Poison"]},{"damage_healed":0,"gold_gain":0,"player_choice":"Fought Mushrooms","damage_taken":0,"max_hp_gain":0,"max_hp_loss":0,"event_name":"Mushrooms","floor":12,"gold_loss":0},{"damage_healed":0,"gold_gain":0,"player_choice":"Opened","damage_taken":0,"relics_obtained":["Tiny Chest"],"max_hp_gain":0,"max_hp_loss":0,"event_name":"The Mausoleum","floor":21,"gold_loss":0,"cards_obtained":["Writhe"]}],"is_beta":false,"boss_relics":[{"not_picked":["Busted Crown","Sozu"],"picked":"Pandora\u0027s Box"}],"items_purged_floors":[],"is_endless":false,"potions_floor_spawned":[6,8,12,22],"killed_by":"Snake Plant","ascension_level":0}