{"gold_per_floor":[119,134,64,6,25,54,54,84,84,100,175,175,175,200,200,302,302,318,331,331,349,369,369,398,44,44,75,75,100,111,122,122,122],"floor_reached":33,"playtime":2184,"items_purged":["Combust"],"score":422,"play_id":"505e18e6-495e-46bb-a764-71559a36d773","local_time":"20190326175311","is_ascension_mode":true,"campfire_choices":[{"data":"Havoc","floor":7,"key":"SMITH"},{"floor":12,"key":"REST"},{"data":"Hemokinesis","floor":15,"key":"SMITH"},{"floor":23,"key":"RECALL"},{"floor":32,"key":"REST"}],"neow_cost":"NONE","seed_source_timestamp":20093177344100,"circlet_count":0,"master_deck":["Strike_R","Strike_R","Defend_R","Defend_R","Defend_R","Defend_R","Bash","Havoc+1","Pummel","Carnage","Hemokinesis+1","Iron Wave","Headbutt","Fiend Fire","Ghostly","Ghostly","Ghostly","Ghostly","Ghostly","Shockwave+1","Dropkick","Feel No Pain","Corruption+1","Infernal Blade","Bludgeon","Feel No Pain"],"relics":["Burning Blood","PreservedInsect","FossilizedHelix","Kunai","Champion Belt","Shuriken","Anchor","Fusion Hammer","Calipers","Medical Kit","Singing Bowl","Self Forming Clay","Red Mask"],"potions_floor_usage":[21,27,33,33],"damage_taken":[{"damage":1,"enemies":"Cultist","floor":1,"turns":3},{"damage":10,"enemies":"Small Slimes","floor":2,"turns":4},{"damage":0,"enemies":"2 Louse","floor":5,"turns":2},{"damage":28,"enemies":"Lagavulin","floor":6,"turns":5},{"damage":7,"enemies":"Gremlin Nob","floor":8,"turns":3},{"damage":8,"enemies":"Lots of Slimes","floor":10,"turns":3},{"damage":5,"enemies":"3 Sentries","floor":14,"turns":5},{"damage":12,"enemies":"Slime Boss","floor":16,"turns":8},{"damage":10,"enemies":"2 Thieves","floor":18,"turns":3},{"damage":0,"enemies":"Shell Parasite","floor":19,"turns":3},{"damage":3,"enemies":"Snecko","floor":21,"turns":5},{"damage":5,"enemies":"Centurion and Healer","floor":22,"turns":7},{"damage":3,"enemies":"Gremlin Leader","floor":24,"turns":5},{"damage":2,"enemies":"Slavers","floor":27,"turns":6},{"damage":3,"enemies":"Masked Bandits","floor":29,"turns":5},{"damage":0,"enemies":"Snake Plant","floor":30,"turns":4},{"damage":1,"enemies":"Cultist and Chosen","floor":31,"turns":7},{"damage":45,"enemies":"Collector","floor":33,"turns":7}],"seed_played":"-2969233841185417468","potions_obtained":[{"floor":5,"key":"Ancient Potion"},{"floor":6,"key":"Poison Potion"},{"floor":16,"key":"Block Potion"},{"floor":24,"key":"Swift Potion"}],"is_trial":false,"path_per_floor":["?","M","?","?","M","?","?","?","M"],"character_chosen":"IRONCLAD","items_purchased":["Carnage","Feel No Pain","Medical Kit"],"campfire_rested":2,"item_purchase_floors":[3,25,25],"current_hp_per_floor":[77,73,73,73,79,57,57,56,56,54,43,67,67,68,68,62,76,72,78,40,40,40,40,40,40,40,40,40,40,42,44,44,0],"gold":122,"neow_bonus":"RANDOM_COMMON_RELIC","is_prod":false,"is_daily":false,"chose_seed":false,"campfire_upgraded":2,"win_rate":0,"timestamp":1553637191,"path_taken":["M","M","$","?","?","E","R","E","T","M","?","R","?","E","R","BOSS","M","?","?","M","M","R","E","$","T","E","?","?","M","?","R","BOSS"],"build_version":"2019-01-23","purchased_purges":1,"victory":false,"max_hp_per_floor":[80,80,80,80,80,80,80,80,80,80,80,80,80,80,80,80,80,80,80,40,40,40,40,40,40,40,40,40,40,42,44,44,44],"card_choices":[{"not_picked":["Twin Strike","Infernal Blade"],"picked":"Havoc","floor":1},{"not_picked":["Pommel Strike","Perfected Strike"],"picked":"Pummel","floor":2},{"not_picked":["Warcry","Evolve"],"picked":"Hemokinesis","floor":5},{"not_picked":["Juggernaut","Thunderclap"],"picked":"Iron Wave","floor":6},{"not_picked":["Cleave","Rampage"],"picked":"Headbutt","floor":8},{"not_picked":["Wild Strike","Sword Boomerang"],"picked":"Combust","floor":10},{"not_picked":["Sentinel","Dropkick","Armaments"],"picked":"SKIP","floor":14},{"not_picked":["Double Tap","Exhume"],"picked":"Fiend Fire","floor":16},{"not_picked":["Armaments","Anger+1","Body Slam+1"],"picked":"SKIP","floor":18},{"not_picked":["Wild Strike","Havoc","Warcry"],"picked":"SKIP","floor":19},{"not_picked":["Cleave","Clothesline","Body Slam"],"picked":"SKIP","floor":21},{"not_picked":["Exhume","Twin Strike+1"],"picked":"Shockwave+1","floor":22},{"not_picked":["Power Through","True Grit"],"picked":"Dropkick","floor":24},{"not_picked":["Disarm","Heavy Blade"],"picked":"Corruption+1","floor":27},{"not_picked":["Clothesline","Thunderclap"],"picked":"Feel No Pain","floor":29},{"not_picked":["Anger","Burning Pact","Pummel"],"picked":"Singing Bowl","floor":30},{"not_picked":["Disarm","Wild Strike+1","Warcry"],"picked":"Singing Bowl","floor":31}],"player_experience":303370,"relics_obtained":[{"floor":6,"key":"Kunai"},{"floor":8,"key":"Champion Belt"},{"floor":9,"key":"Shuriken"},{"floor":14,"key":"Anchor"},{"floor":24,"key":"Calipers"},{"floor":26,"key":"Singing Bowl"},{"floor":27,"key":"Self Forming Clay"},{"floor":29,"key":"Red Mask"}],"event_choices":[{"damage_healed":0,"gold_gain":0,"player_choice":"Paid Gold","damage_taken":0,"relics_obtained":["FossilizedHelix"],"max_hp_gain":0,"max_hp_loss":0,"event_name":"WeMeetAgain","floor":4,"gold_loss":58},{"damage_healed":0,"gold_gain":75,"player_choice":"Gather Gold","damage_taken":11,"max_hp_gain":0,"max_hp_loss":0,"event_name":"World of Goop","floor":11,"gold_loss":0},{"cards_removed":["Strike_R"],"damage_healed":0,"gold_gain":0,"player_choice":"Offered Basic","damage_taken":0,"max_hp_gain":0,"max_hp_loss":0,"event_name":"Bonfire Elementals","floor":13,"gold_loss":0},{"damage_healed":0,"gold_gain":0,"player_choice":"Became a Ghost","damage_taken":0,"max_hp_gain":0,"max_hp_loss":40,"event_name":"Ghosts","floor":20,"gold_loss":0,"cards_obtained":["Ghostly","Ghostly","Ghostly","Ghostly","Ghostly"]},{"damage_healed":0,"gold_gain":0,"cards_transformed":["Strike_R","Strike_R"],"player_choice":"Became Test Subject","damage_taken":0,"max_hp_gain":0,"max_hp_loss":0,"event_name":"Drug Dealer","floor":28,"gold_loss":0,"cards_obtained":["Infernal Blade","Bludgeon"]},{"damage_healed":0,"gold_gain":0,"player_choice":"Fought Bandits","damage_taken":0,"max_hp_gain":0,"max_hp_loss":0,"event_name":"Masked Bandits","floor":29,"gold_loss":0}],"is_beta":false,"boss_relics":[{"not_picked":["Runic Pyramid","Runic Cube"],"picked":"Fusion Hammer"}],"items_purged_floors":[25],"is_endless":false,"potions_floor_spawned":[5,6,16,18,19,24],"killed_by":"Collector","ascension_level":6}