{"gold_per_floor":[109,57,72,72,147,147,173,173,173,190,190],"floor_reached":11,"playtime":119,"items_purged":[],"score":96,"play_id":"3885307d-2b4d-4f5e-bb2e-11fc65b8cead","local_time":"20190325144903","is_ascension_mode":false,"campfire_choices":[{"data":"Conserve Battery","floor":6,"key":"SMITH"}],"neow_cost":"NONE","seed_source_timestamp":483571804762007,"circlet_count":0,"master_deck":["Strike_B","Strike_B","Strike_B","Defend_B","Defend_B","Defend_B","Defend_B","Zap","Dualcast","Conserve Battery+1","Conserve Battery","Hello World","Defragment","Ball Lightning"],"relics":["Cracked Core","NeowsBlessing","Kunai","FossilizedHelix"],"potions_floor_usage":[],"damage_taken":[{"damage":0,"enemies":"Cultist","floor":1,"turns":1},{"damage":0,"enemies":"Jaw Worm","floor":3,"turns":1},{"damage":0,"enemies":"Gremlin Nob","floor":7,"turns":1},{"damage":0,"enemies":"Small Slimes","floor":10,"turns":3}],"seed_played":"-2626275932761765789","potions_obtained":[{"floor":1,"key":"PowerPotion"}],"is_trial":false,"path_per_floor":["M","$","M","?","?","R","E","?","T","M","$"],"character_chosen":"DEFECT","items_purchased":["Conserve Battery"],"campfire_rested":0,"item_purchase_floors":[2],"current_hp_per_floor":[75,75,75,68,57,57,57,57,57,57,57],"gold":190,"neow_bonus":"THREE_ENEMY_KILL","is_prod":false,"is_daily":false,"chose_seed":false,"campfire_upgraded":1,"win_rate":0,"timestamp":1553521743,"path_taken":["M","$","?","?","?","R","E","?","T","M","$"],"build_version":"2019-01-23","purchased_purges":0,"victory":false,"max_hp_per_floor":[75,75,75,75,75,75,75,75,75,75,75],"card_choices":[{"not_picked":["Reinforced Body","Gash"],"picked":"Conserve Battery","floor":1},{"not_picked":["Turbo","Rebound","Hello World"],"picked":"SKIP","floor":3},{"not_picked":["Turbo","Rebound"],"picked":"Hello World","floor":3},{"not_picked":["Sweeping Beam","Rebound"],"picked":"Defragment","floor":7},{"not_picked":["Go for the Eyes","Beam Cell"],"picked":"Ball Lightning","floor":10}],"player_experience":420571,"relics_obtained":[{"floor":7,"key":"Kunai"},{"floor":9,"key":"FossilizedHelix"}],"event_choices":[{"cards_removed":["Strike_B"],"damage_healed":0,"gold_gain":0,"player_choice":"Card Removal","damage_taken":7,"max_hp_gain":0,"max_hp_loss":0,"event_name":"Golden Wing","floor":4,"gold_loss":0},{"damage_healed":0,"gold_gain":75,"player_choice":"Gather Gold","damage_taken":11,"max_hp_gain":0,"max_hp_loss":0,"event_name":"World of Goop","floor":5,"gold_loss":0},{"damage_healed":0,"gold_gain":0,"player_choice":"Bought 0 Potions","damage_taken":0,"max_hp_gain":0,"max_hp_loss":0,"event_name":"The Woman in Blue","floor":8,"gold_loss":0}],"is_beta":false,"boss_relics":[],"items_purged_floors":[],"is_endless":false,"potions_floor_spawned":[1],"ascension_level":0}