{"gold_per_floor":[210,210,225,225,101,101,101,115,142,42,42,117,134,150,150,150],"floor_reached":16,"playtime":629,"items_purged":["Defend_R","Strike_R"],"score":90,"play_id":"0bc1a059-796f-4b39-b508-f241073b4c83","local_time":"20181002185330","is_ascension_mode":false,"campfire_choices":[{"floor":6,"key":"REST"},{"data":"Bash","floor":11,"key":"SMITH"},{"data":"Shrug It Off","floor":15,"key":"SMITH"}],"neow_cost":"NONE","seed_source_timestamp":7204420899000,"circlet_count":0,"master_deck":["Strike_R","Strike_R","Strike_R","Defend_R","Defend_R","Defend_R","Bash+1","Shrug It Off+1"],"relics":["Burning Blood","Magic Flower","Potion Belt"],"potions_floor_usage":[13,16],"damage_taken":[{"damage":6,"enemies":"Jaw Worm","floor":1,"turns":3},{"damage":7,"enemies":"Small Slimes","floor":3,"turns":4},{"damage":4,"enemies":"2 Louse","floor":8,"turns":3},{"damage":10,"enemies":"Blue Slaver","floor":13,"turns":4},{"damage":7,"enemies":"2 Fungi Beasts","floor":14,"turns":5},{"damage":83,"enemies":"Hexaghost","floor":16,"turns":12}],"seed_played":"-1785195152022312576","potions_obtained":[{"floor":1,"key":"BloodPotion"},{"floor":3,"key":"Swift Potion"}],"is_trial":false,"path_per_floor":["M","?","M","?","$","R","?","M","T","$","R","?","M","M","R"],"character_chosen":"IRONCLAD","items_purchased":["Shrug It Off"],"campfire_rested":1,"item_purchase_floors":[5],"current_hp_per_floor":[80,73,72,30,30,54,80,80,80,80,80,72,80,80,80,0],"gold":150,"neow_bonus":"HUNDRED_GOLD","is_prod":false,"is_daily":false,"chose_seed":false,"campfire_upgraded":2,"win_rate":0,"timestamp":1538499210,"path_taken":["M","?","M","?","?","R","?","M","T","$","R","?","M","M","R","BOSS"],"build_version":"2018-09-27","purchased_purges":2,"victory":false,"max_hp_per_floor":[80,80,80,80,80,80,80,80,80,80,80,80,80,80,80,80],"card_choices":[{"not_picked":["Inflame","Clash","Rage"],"picked":"SKIP","floor":1},{"not_picked":["Headbutt","Seeing Red","Anger"],"picked":"SKIP","floor":3},{"not_picked":["Pommel Strike","Thunderclap","Iron Wave"],"picked":"SKIP","floor":8},{"not_picked":["Thunderclap","Sentinel","Uppercut"],"picked":"SKIP","floor":13},{"not_picked":["Pummel","True Grit","Juggernaut"],"picked":"SKIP","floor":14}],"player_experience":206036,"relics_obtained":[{"floor":9,"key":"Potion Belt"}],"event_choices":[{"event_name":"Golden Wing","player_choice":"Card Removal","floor":2,"damage_taken":0},{"event_name":"Scrap Ooze","player_choice":"success","floor":4,"damage_taken":42},{"event_name":"Big Fish","player_choice":"Banana","floor":7,"damage_taken":0},{"event_name":"FaceTrader","player_choice":"Touch","floor":12,"damage_taken":0}],"is_beta":false,"boss_relics":[],"items_purged_floors":[5,10],"is_endless":false,"potions_floor_spawned":[1,3],"killed_by":"Hexaghost","ascension_level":0}