{"gold_per_floor":[115,40,40,55,69,69,89,101,101,86,86,86,101,118,118,118],"floor_reached":16,"playtime":808,"items_purged":["Strike_R"],"score":96,"play_id":"3acff40c-f1b3-4cca-a588-bef88fb2318f","local_time":"20181019152336","is_ascension_mode":false,"campfire_choices":[{"data":"Pommel Strike","floor":6,"key":"SMITH"},{"floor":12,"key":"REST"},{"data":"True Grit","floor":15,"key":"SMITH"}],"neow_cost":"NONE","seed_source_timestamp":18773157336700,"circlet_count":0,"master_deck":["Strike_R+1","Strike_R+1","Strike_R","Strike_R","Defend_R","Defend_R","Defend_R","Defend_R","Bash+1","Pommel Strike+1","Headbutt","Clothesline","True Grit+1","Body Slam","Cleave"],"relics":["Burning Blood","Frozen Egg 2"],"potions_floor_usage":[14,14,16,16],"damage_taken":[{"damage":10,"enemies":"Cultist","floor":1,"turns":4},{"damage":5,"enemies":"2 Louse","floor":4,"turns":2},{"damage":10,"enemies":"Small Slimes","floor":5,"turns":3},{"damage":28,"enemies":"Exordium Wildlife","floor":7,"turns":5},{"damage":22,"enemies":"3 Louse","floor":8,"turns":4},{"damage":8,"enemies":"Exordium Thugs","floor":10,"turns":4},{"damage":18,"enemies":"Lots of Slimes","floor":13,"turns":6},{"damage":5,"enemies":"Exordium Wildlife","floor":14,"turns":4},{"damage":40,"enemies":"Hexaghost","floor":16,"turns":11}],"seed_played":"-3659770687802308744","potions_obtained":[{"floor":5,"key":"Regen Potion"},{"floor":7,"key":"Swift Potion"},{"floor":10,"key":"GamblersBrew"},{"floor":13,"key":"AttackPotion"},{"floor":14,"key":"EssenceOfSteel"}],"is_trial":false,"path_per_floor":["M","$","?","M","M","R","M","M","T","M","?","R","M","M","R"],"character_chosen":"IRONCLAD","items_purchased":[],"campfire_rested":1,"item_purchase_floors":[],"current_hp_per_floor":[76,76,76,77,73,73,51,35,35,33,17,41,29,39,39,0],"gold":118,"neow_bonus":"UPGRADE_CARD","is_prod":false,"is_daily":false,"chose_seed":false,"campfire_upgraded":2,"win_rate":0,"timestamp":1539933816,"path_taken":["M","$","?","M","M","R","M","M","T","M","?","R","M","?","R","BOSS"],"build_version":"2018-10-18","purchased_purges":1,"victory":false,"max_hp_per_floor":[80,80,80,80,80,80,80,80,80,80,80,80,80,80,80,80],"card_choices":[{"not_picked":["Sword Boomerang","Clash"],"picked":"Pommel Strike","floor":1},{"not_picked":["Havoc","Wild Strike"],"picked":"Headbutt","floor":4},{"not_picked":["Power Through","Dropkick"],"picked":"Clothesline","floor":5},{"not_picked":["Headbutt","Reaper"],"picked":"True Grit","floor":7},{"not_picked":["Clash","Warcry","Sword Boomerang"],"picked":"SKIP","floor":8},{"not_picked":["Thunderclap","Havoc","Infernal Blade"],"picked":"SKIP","floor":10},{"not_picked":["Dropkick","Bloodletting"],"picked":"Body Slam","floor":13},{"not_picked":["Iron Wave","Intimidate"],"picked":"Cleave","floor":14}],"player_experience":40583,"relics_obtained":[{"floor":9,"key":"Frozen Egg 2"}],"event_choices":[{"damage_healed":0,"gold_gain":0,"player_choice":"Leave","damage_taken":0,"max_hp_gain":0,"max_hp_loss":0,"event_name":"The Cleric","floor":3,"gold_loss":0},{"damage_healed":0,"gold_gain":0,"player_choice":"Entered Light","damage_taken":16,"max_hp_gain":0,"max_hp_loss":0,"event_name":"Shining Light","floor":11,"gold_loss":0,"cards_upgraded":["Strike_R","Strike_R"]}],"is_beta":false,"boss_relics":[],"items_purged_floors":[2],"is_endless":false,"potions_floor_spawned":[5,7,10,13,14],"killed_by":"Hexaghost","ascension_level":0}