{"gold_per_floor":[117,117,117,117,130,164,177,20,47,57,57,77,77,77,77,172,172,185,185,100,100,25,60,60,60,112,127,127,127,127,145,145,249,249,266,281,326,326,426,460,460,477,477,497,497,218,218,218,218,218,218,218,27,54,54],"floor_reached":55,"playtime":4455,"items_purged":["Shame"],"score":1050,"play_id":"281ade8c-ca70-4b5d-937a-26fe966ff2a3","local_time":"20181124022227","is_ascension_mode":true,"campfire_choices":[{"data":"Self Repair","floor":11.0,"key":"SMITH"},{"data":"Conserve Battery","floor":15.0,"key":"SMITH"},{"data":"Seek","floor":24.0,"key":"SMITH"},{"data":"Defragment","floor":28.0,"key":"SMITH"},{"data":"Hologram","floor":30.0,"key":"SMITH"},{"data":"Leap","floor":32.0,"key":"SMITH"},{"data":"Coolheaded","floor":41.0,"key":"SMITH"},{"data":"Seek","floor":45.0,"key":"SMITH"},{"floor":49,"key":"RECALL"},{"data":"Hologram","floor":52,"key":"SMITH"}],"neow_cost":"NONE","seed_source_timestamp":0,"circlet_count":0,"master_deck":["Strike_B+1","Defend_B","Defend_B","Defend_B","Defend_B","Zap+1","Dualcast+1","Hologram+1","Ball Lightning","Self Repair+1","Cold Snap","Conserve Battery+1","Gash","Seek+1","FTL","Hologram+1","Machine Learning","All For One","Seek+1","Defragment+1","Leap+1","Electrodynamics","Chaos+1","Go for the Eyes+1","Coolheaded+1","Heatsinks+1","White Noise+1","Core Surge","Storm","Loop"],"special_seed":0,"relics":["Cracked Core","NeowsBlessing","Boot","Juzu Bracelet","Dream Catcher","Orrery","Blue Candle","Nilry\u0027s Codex","Pear","DataDisk","Cursed Key","Nunchaku","Calipers","Bronze Scales","Happy Flower","Ornamental Fan"],"potions_floor_usage":[46,50,50],"damage_taken":[{"damage":0.0,"enemies":"2 Louse","floor":1.0,"turns":1.0},{"damage":0.0,"enemies":"Jaw Worm","floor":5.0,"turns":1.0},{"damage":0.0,"enemies":"3 Sentries","floor":6.0,"turns":1.0},{"damage":6.0,"enemies":"Small Slimes","floor":7.0,"turns":3.0},{"damage":21.0,"enemies":"3 Louse","floor":10.0,"turns":4.0},{"damage":1.0,"enemies":"Looter","floor":12.0,"turns":3.0},{"damage":45.0,"enemies":"Hexaghost","floor":16.0,"turns":10.0},{"damage":11.0,"enemies":"Chosen","floor":18.0,"turns":5.0},{"damage":0.0,"enemies":"Spheric Guardian","floor":19.0,"turns":3.0},{"damage":26.0,"enemies":"Book of Stabbing","floor":23.0,"turns":8.0},{"damage":0.0,"enemies":"Centurion and Healer","floor":27.0,"turns":6.0},{"damage":12.0,"enemies":"3 Cultists","floor":31.0,"turns":5.0},{"damage":12.0,"enemies":"Automaton","floor":33.0,"turns":12.0},{"damage":1.0,"enemies":"3 Shapes","floor":35.0,"turns":3.0},{"damage":8.0,"enemies":"Orb Walker","floor":36.0,"turns":3.0},{"damage":45.0,"enemies":"2 Orb Walkers","floor":37.0,"turns":4.0},{"damage":3.0,"enemies":"Mind Bloom Boss Battle","floor":39.0,"turns":8.0},{"damage":11.0,"enemies":"Nemesis","floor":40.0,"turns":6.0},{"damage":0.0,"enemies":"Maw","floor":42.0,"turns":7.0},{"damage":3.0,"enemies":"Sphere and 2 Shapes","floor":44.0,"turns":5.0},{"damage":63,"enemies":"Awakened One","floor":50,"turns":11},{"damage":61,"enemies":"Shield and Spear","floor":54,"turns":6},{"damage":16,"enemies":"The Heart","floor":55,"turns":2}],"seed_played":"-3372556065677709904","potions_obtained":[{"floor":5.0,"key":"Fruit Juice"},{"floor":10.0,"key":"EntropicBrew"},{"floor":16.0,"key":"SteroidPotion"},{"floor":27.0,"key":"Weak Potion"},{"floor":39.0,"key":"Swift Potion"},{"floor":42.0,"key":"Explosive Potion"}],"is_trial":false,"path_per_floor":["M","?","?","?","M","E","M","$","T","M","R","M","?","?","R","B",null,"M","M","?","?","?","E","R","?","T","M","R","?","R","M","R","B",null,"M","M","?","?","?","E","R","M","T","M","R","$","?","?","R","B",null,"R","$","E","B"],"character_chosen":"DEFECT","items_purchased":["Juzu Bracelet","Swift Potion","Core Surge","Storm","Loop","Happy Flower"],"campfire_rested":0,"item_purchase_floors":[8,46,46,46,53,53],"current_hp_per_floor":[68,73,73,57,57,57,58,58,58,44,44,53,53,53,53,18,65,64,64,64,48,48,42,42,42,42,52,52,52,52,50,50,48,80,89,81,46,46,53,52,52,62,62,69,69,74,74,74,74,21,77,77,77,16,0],"gold":54,"neow_bonus":"THREE_ENEMY_KILL","is_prod":false,"is_daily":false,"chose_seed":false,"campfire_upgraded":9,"win_rate":0,"timestamp":1543044147,"path_taken":["M","?","?","?","?","E","M","$","T","M","R","M","?","?","R","BOSS","M","M","?","?","?","E","R","?","T","M","R","?","R","M","R","BOSS","M","M","?","?","?","E","R","M","T","M","R","$","?","?","R","BOSS","R","$","E","BOSS"],"build_version":"2018-11-15","purchased_purges":1,"victory":false,"max_hp_per_floor":[75,80,80,80,80,80,80,80,80,80,80,80,80,80,80,80,80,80,80,80,80,80,90,90,90,90,90,90,90,90,90,90,90,90,90,90,90,90,90,90,90,90,90,90,90,95,95,95,95,95,95,95,95,95,95],"card_choices":[{"not_picked":["Redo","Hologram","Darkness"],"picked":"SKIP","floor":1.0},{"not_picked":["Redo","Darkness"],"picked":"Hologram","floor":1.0},{"not_picked":["Go for the Eyes","Recycle"],"picked":"Ball Lightning","floor":5.0},{"not_picked":["Steam","Melter"],"picked":"Self Repair","floor":6.0},{"not_picked":["Turbo","Hologram"],"picked":"Cold Snap","floor":7.0},{"not_picked":["Barrage","Steam"],"picked":"Conserve Battery","floor":10.0},{"not_picked":["Steam Power","BootSequence"],"picked":"Gash","floor":12.0},{"not_picked":["Meteor Strike","Thunder Strike"],"picked":"Seek","floor":16.0},{"not_picked":["Steam Power","Turbo"],"picked":"FTL","floor":17.0},{"not_picked":["Stack","Beam Cell"],"picked":"Go for the Eyes","floor":17.0},{"not_picked":["Undo","Skim"],"picked":"Hologram","floor":17.0},{"not_picked":["Consume","Sweeping Beam"],"picked":"Machine Learning","floor":17.0},{"not_picked":["Force Field","Ball Lightning","Self Repair"],"picked":"SKIP","floor":18.0},{"not_picked":["Rebound","Sweeping Beam"],"picked":"All For One","floor":23.0},{"not_picked":["Tempest","Ball Lightning"],"picked":"Defragment","floor":27.0},{"not_picked":["Reinforced Body+1","Cold Snap+1"],"picked":"Leap","floor":31.0},{"not_picked":["Echo Form","Buffer"],"picked":"Electrodynamics","floor":33.0},{"not_picked":["Recycle+1","Darkness"],"picked":"Chaos+1","floor":35.0},{"not_picked":["Go for the Eyes","Cold Snap","Rebound+1"],"picked":"SKIP","floor":36.0},{"not_picked":["Barrage+1","Streamline"],"picked":"Go for the Eyes+1","floor":37.0},{"not_picked":["Auto Shields","Hello World"],"picked":"Coolheaded","floor":39.0},{"not_picked":["Redo","Conserve Battery"],"picked":"Heatsinks+1","floor":40.0},{"not_picked":["Reinforced Body+1","Streamline+1","Turbo"],"picked":"SKIP","floor":42.0},{"not_picked":["Ball Lightning","Turbo+1"],"picked":"White Noise+1","floor":44.0},{"not_picked":["Self Repair+1","Cold Snap+1","Rainbow"],"picked":"SKIP","floor":54}],"player_experience":487382,"relics_obtained":[{"floor":6.0,"key":"Boot"},{"floor":9.0,"key":"Dream Catcher"},{"floor":21.0,"key":"Nilry\u0027s Codex"},{"floor":23.0,"key":"Pear"},{"floor":26.0,"key":"DataDisk"},{"floor":37.0,"key":"Nunchaku"},{"floor":39.0,"key":"Calipers"},{"floor":40.0,"key":"Bronze Scales"},{"floor":54,"key":"Ornamental Fan"}],"event_choices":[{"damage_healed":0.0,"max_hp_gain":5.0,"max_hp_loss":0.0,"gold_gain":0.0,"event_name":"Big Fish","player_choice":"Donut","floor":2.0,"gold_loss":0.0,"damage_taken":0.0},{"damage_healed":0.0,"max_hp_gain":0.0,"max_hp_loss":0.0,"gold_gain":0.0,"event_name":"Living Wall","player_choice":"Grow","floor":3.0,"gold_loss":0.0,"damage_taken":0.0,"cards_upgraded":["Zap"]},{"damage_healed":0.0,"max_hp_gain":0.0,"max_hp_loss":0.0,"gold_gain":0.0,"event_name":"Shining Light","player_choice":"Entered Light","floor":4.0,"gold_loss":0.0,"damage_taken":16.0,"cards_upgraded":["Strike_B","Dualcast"]},{"cards_removed":["Strike_B"],"damage_healed":0.0,"max_hp_gain":0.0,"max_hp_loss":0.0,"gold_gain":0.0,"event_name":"Bonfire Elementals","player_choice":"Offered Basic","floor":13.0,"gold_loss":0.0,"damage_taken":0.0},{"damage_healed":0.0,"max_hp_gain":0.0,"max_hp_loss":0.0,"gold_gain":0.0,"event_name":"Golden Idol","player_choice":"Ignored","floor":14.0,"gold_loss":0.0,"damage_taken":0.0},{"damage_healed":0.0,"max_hp_gain":0.0,"max_hp_loss":0.0,"gold_gain":0.0,"event_name":"Addict","player_choice":"Obtained Relic","floor":20.0,"gold_loss":85.0,"damage_taken":0.0,"relics_obtained":["Blue Candle"]},{"damage_healed":0.0,"max_hp_gain":0.0,"max_hp_loss":0.0,"gold_gain":0.0,"event_name":"Cursed Tome","player_choice":"Obtained Book","floor":21.0,"gold_loss":0.0,"damage_taken":16.0},{"cards_removed":["Strike_B"],"damage_healed":0.0,"max_hp_gain":0.0,"max_hp_loss":0.0,"gold_gain":0.0,"event_name":"Beggar","player_choice":"Gave Gold","floor":22.0,"gold_loss":75.0,"damage_taken":0.0},{"damage_healed":0.0,"max_hp_gain":0.0,"max_hp_loss":0.0,"gold_gain":0.0,"event_name":"Match and Keep!","player_choice":"1 cards matched","floor":25.0,"gold_loss":0.0,"damage_taken":0.0,"cards_obtained":["Seek"]},{"cards_removed":["Strike_B"],"damage_healed":0.0,"max_hp_gain":0.0,"max_hp_loss":0.0,"gold_gain":0.0,"event_name":"Back to Basics","player_choice":"Elegance","floor":29.0,"gold_loss":0.0,"damage_taken":0.0},{"damage_healed":0.0,"max_hp_gain":0.0,"max_hp_loss":0.0,"gold_gain":0.0,"event_name":"Mysterious Sphere","player_choice":"Fight","floor":37.0,"gold_loss":0.0,"damage_taken":0.0},{"cards_removed":["Go for the Eyes"],"damage_healed":0.0,"max_hp_gain":0.0,"max_hp_loss":0.0,"gold_gain":0.0,"event_name":"Falling","player_choice":"Removed Attack","floor":38.0,"gold_loss":0.0,"damage_taken":0.0},{"damage_healed":0.0,"max_hp_gain":0.0,"max_hp_loss":0.0,"gold_gain":0.0,"event_name":"MindBloom","player_choice":"Fight","floor":39.0,"gold_loss":0.0,"damage_taken":0.0},{"damage_healed":0,"gold_gain":0,"player_choice":"Memory 1","damage_taken":0,"max_hp_gain":0,"max_hp_loss":0,"event_name":"SensoryStone","floor":47,"gold_loss":0},{"damage_healed":0,"gold_gain":0,"player_choice":"Ignored","damage_taken":0,"max_hp_gain":0,"max_hp_loss":0,"event_name":"Tomb of Lord Red Mask","floor":48,"gold_loss":0}],"is_beta":false,"boss_relics":[{"not_picked":["FrozenCore","Runic Pyramid"],"picked":"Orrery"},{"not_picked":["Philosopher\u0027s Stone","Inserter"],"picked":"Cursed Key"}],"items_purged_floors":[46],"is_endless":false,"potions_floor_spawned":[5,10,16,19,27,39,42],"killed_by":"The Heart","ascension_level":7}