{"gold_per_floor":[144,144,94,139,19,109,154,31,31,121,21,46,91,136,136,436,436,481,526,571,571,616,4,49,49,49,49,94,21,21,21,21,321,321,366,366,411,411,411,411],"floor_reached":40,"playtime":3119,"items_purged":["Phantasmal Killer","Storm of Steel","Corpse Explosion"],"score":496,"play_id":"109f4c7a-13b6-477b-a249-9983ed42da69","local_time":"20190112104134","daily_mods":["Shiny","Time Dilation","Midas"],"is_ascension_mode":false,"campfire_choices":[{"floor":15,"key":"REST"},{"floor":27,"key":"REST"},{"floor":32,"key":"REST"}],"neow_cost":"","seed_source_timestamp":0,"circlet_count":0,"master_deck":["Venomology","Malaise","Die Die Die","Adrenaline","Envenom","Burst","Wraith Form v2","Tools of the Trade","Night Terror","Unload","After Image","Bullet Time","Glass Knife","A Thousand Cuts","Caltrops","Blade Dance","Infinite Blades","Quick Slash","Dodge and Roll","Calculated Gamble","Footwork","Dagger Spray","Glass Knife","Crippling Poison","Accuracy+1","Prepared+1","Choke+1","Backflip","Backflip","Bullet Time","Cloak And Dagger+1","Adrenaline","Madness","Madness","Bandage Up"],"special_seed":17908,"relics":["Ring of the Snake","Bottled Flame","Ice Cream","Ornamental Fan","Snake Skull","Black Star","Strawberry","Bottled Lightning","Membership Card","Molten Egg 2","Ancient Tea Set","The Courier","Enchiridion","HoveringKite"],"potions_floor_usage":[10,10,14,14,16,16,16,22,22,28,28,33,35,35,37,40,40],"damage_taken":[{"damage":0,"enemies":"Jaw Worm","floor":1,"turns":1},{"damage":0,"enemies":"Small Slimes","floor":4,"turns":1},{"damage":0,"enemies":"Gremlin Nob","floor":6,"turns":2},{"damage":1,"enemies":"Cultist","floor":7,"turns":2},{"damage":23,"enemies":"3 Sentries","floor":10,"turns":4},{"damage":3,"enemies":"Exordium Thugs","floor":13,"turns":2},{"damage":8,"enemies":"Blue Slaver","floor":14,"turns":4},{"damage":18,"enemies":"Hexaghost","floor":16,"turns":6},{"damage":17,"enemies":"3 Byrds","floor":18,"turns":3},{"damage":12,"enemies":"2 Thieves","floor":19,"turns":2},{"damage":5,"enemies":"Snecko","floor":20,"turns":5},{"damage":9,"enemies":"Snake Plant","floor":22,"turns":2},{"damage":0,"enemies":"Chosen and Byrds","floor":24,"turns":2},{"damage":0,"enemies":"Snecko","floor":28,"turns":3},{"damage":39,"enemies":"Collector","floor":33,"turns":5},{"damage":16,"enemies":"3 Darklings","floor":35,"turns":2},{"damage":0,"enemies":"3 Shapes","floor":37,"turns":1},{"damage":62,"enemies":"Reptomancer","floor":40,"turns":3}],"seed_played":"-6985528776825621970","potions_obtained":[{"floor":10,"key":"Dexterity Potion"},{"floor":14,"key":"PowerPotion"},{"floor":18,"key":"SkillPotion"},{"floor":20,"key":"Explosive Potion"},{"floor":22,"key":"Block Potion"},{"floor":33,"key":"PowerPotion"},{"floor":35,"key":"Fire Potion"},{"floor":37,"key":"SpeedPotion"}],"is_trial":false,"path_per_floor":["M","?","?","M","$","E","M","$","T","E","$","T","M","M","R","B",null,"M","M","M","?","M","$","M","T","T","R","M","$","?","?","R","B",null,"M","?","M","?","?","E"],"character_chosen":"THE_SILENT","items_purchased":["Infinite Blades","PowerPotion","Dodge and Roll","Bottled Lightning","Membership Card","Molten Egg 2","Choke+1","Backflip"],"campfire_rested":3,"item_purchase_floors":[5,5,8,23,23,23,23,29],"current_hp_per_floor":[70,63,63,63,63,63,62,62,62,39,39,39,36,28,49,31,70,53,41,36,43,34,34,34,34,34,57,57,57,43,27,51,12,82,66,66,66,56,56,0],"gold":411,"neow_bonus":"","is_prod":false,"is_daily":true,"chose_seed":false,"campfire_upgraded":0,"win_rate":0,"timestamp":1547260894,"path_taken":["M","?","?","M","$","E","?","?","T","E","?","?","M","M","R","BOSS","M","M","?","?","M","$","M","?","T","R","M","$","?","?","R","BOSS","M","?","?","?","?","E"],"build_version":"2019-01-10","purchased_purges":3,"victory":false,"max_hp_per_floor":[70,70,70,70,70,70,70,70,70,70,70,70,70,70,70,70,70,70,70,70,77,77,77,77,77,77,77,77,77,82,82,82,82,82,82,82,82,82,82,82],"card_choices":[{"not_picked":["Prepared","Skewer"],"picked":"Caltrops","floor":1},{"not_picked":["PiercingWail","Poisoned Stab"],"picked":"Blade Dance","floor":4},{"not_picked":["Bane","Backflip","Bouncing Flask"],"picked":"SKIP","floor":6},{"not_picked":["Phantasmal Killer","Underhanded Strike"],"picked":"Quick Slash","floor":7},{"not_picked":["Bane","Distraction"],"picked":"Calculated Gamble","floor":10},{"not_picked":["Slice","Unload"],"picked":"Footwork","floor":13},{"not_picked":["Heel Hook","Dagger Throw"],"picked":"Dagger Spray","floor":14},{"not_picked":["Storm of Steel","Corpse Explosion"],"picked":"Glass Knife","floor":16},{"not_picked":["Deadly Poison+1","Blade Dance"],"picked":"Crippling Poison","floor":18},{"not_picked":["Footwork","Bouncing Flask","Skewer"],"picked":"SKIP","floor":19},{"not_picked":["Poisoned Stab+1","All Out Attack"],"picked":"Accuracy+1","floor":20},{"not_picked":["Deflect","Setup"],"picked":"Prepared+1","floor":22},{"not_picked":["Blur+1","Dash+1"],"picked":"Backflip","floor":24},{"not_picked":["Reflex","Poisoned Stab+1","Flying Knee+1"],"picked":"SKIP","floor":28},{"not_picked":["Unload+1","Burst"],"picked":"Bullet Time","floor":33},{"not_picked":["Blade Dance","Flying Knee+1"],"picked":"Cloak And Dagger+1","floor":35},{"not_picked":["Dagger Spray+1","Deflect","Backflip"],"picked":"SKIP","floor":37},{"not_picked":["Panacea","Impatience"],"picked":"Bandage Up","floor":39}],"player_experience":207099,"relics_obtained":[{"floor":6,"key":"Bottled Flame"},{"floor":9,"key":"Ice Cream"},{"floor":10,"key":"Ornamental Fan"},{"floor":12,"key":"Snake Skull"},{"floor":25,"key":"Ancient Tea Set"},{"floor":26,"key":"The Courier"},{"floor":31,"key":"Enchiridion"}],"event_choices":[{"cards_removed":["Grand Finale"],"damage_healed":0,"gold_gain":0,"player_choice":"Card Removal","damage_taken":7,"max_hp_gain":0,"max_hp_loss":0,"event_name":"Golden Wing","floor":2,"gold_loss":0},{"cards_removed":["Doppelganger"],"damage_healed":0,"gold_gain":0,"player_choice":"Card Removal","damage_taken":0,"max_hp_gain":0,"max_hp_loss":0,"event_name":"The Cleric","floor":3,"gold_loss":50},{"damage_healed":0,"gold_gain":0,"player_choice":"Opened","damage_taken":0,"relics_obtained":["Strawberry"],"max_hp_gain":0,"max_hp_loss":0,"event_name":"The Mausoleum","floor":21,"gold_loss":0},{"damage_healed":0,"gold_gain":0,"player_choice":"Shed Blood","damage_taken":19,"max_hp_gain":5,"max_hp_loss":0,"event_name":"Forgotten Altar","floor":30,"gold_loss":0},{"damage_healed":0,"gold_gain":0,"player_choice":"Obtained Book","damage_taken":16,"max_hp_gain":0,"max_hp_loss":0,"event_name":"Cursed Tome","floor":31,"gold_loss":0},{"damage_healed":0,"gold_gain":0,"player_choice":"Copied","damage_taken":0,"max_hp_gain":0,"max_hp_loss":0,"event_name":"Duplicator","floor":36,"gold_loss":0,"cards_obtained":["Adrenaline"]},{"damage_healed":0,"gold_gain":0,"player_choice":"Embrace Madness","damage_taken":10,"max_hp_gain":0,"max_hp_loss":0,"event_name":"Winding Halls","floor":38,"gold_loss":0,"cards_obtained":["Madness","Madness"]},{"damage_healed":0,"gold_gain":0,"player_choice":"Memory 1","damage_taken":0,"max_hp_gain":0,"max_hp_loss":0,"event_name":"SensoryStone","floor":39,"gold_loss":0}],"is_beta":false,"boss_relics":[{"not_picked":["Eternal Feather","Ectoplasm"],"picked":"Black Star"},{"not_picked":["Ring of the Serpent","Runic Pyramid"],"picked":"HoveringKite"}],"items_purged_floors":[8,11,29],"is_endless":false,"potions_floor_spawned":[7,10,14,18,20,22,33,35,37],"killed_by":"Reptomancer","ascension_level":0}