{"gold_per_floor":[112,62,81,30,30,30,62,76,76,94,127,52,52,64,64,64],"floor_reached":16,"playtime":839,"items_purged":["Strike_R"],"score":110,"play_id":"cf8451b8-31fa-469f-99d9-ef8fea2fb0e0","local_time":"20181019165637","is_ascension_mode":false,"campfire_choices":[{"data":"Body Slam","floor":6,"key":"SMITH"},{"floor":13,"key":"REST"},{"data":"Evolve","floor":15,"key":"SMITH"}],"neow_cost":"NONE","seed_source_timestamp":24323398168200,"circlet_count":0,"master_deck":["Strike_R","Strike_R","Defend_R","Defend_R","Defend_R","Defend_R","Bash","Body Slam+1","Disarm","Flame Barrier","Pommel Strike","Rampage","Twin Strike","Heavy Blade","Evolve+1"],"relics":["Burning Blood","Bottled Flame","Dodecahedron","Ginger"],"potions_floor_usage":[7,11,11,16],"damage_taken":[{"damage":3,"enemies":"2 Louse","floor":1,"turns":3},{"damage":8,"enemies":"Small Slimes","floor":3,"turns":5},{"damage":28,"enemies":"Gremlin Nob","floor":7,"turns":5},{"damage":6,"enemies":"Cultist","floor":8,"turns":3},{"damage":6,"enemies":"Red Slaver","floor":10,"turns":3},{"damage":39,"enemies":"3 Sentries","floor":11,"turns":8},{"damage":12,"enemies":"2 Fungi Beasts","floor":14,"turns":4},{"damage":35,"enemies":"Hexaghost","floor":16,"turns":11}],"seed_played":"-5621005666789241107","potions_obtained":[{"floor":3,"key":"SpeedPotion"},{"floor":7,"key":"FearPotion"},{"floor":10,"key":"Strength Potion"},{"floor":11,"key":"Energy Potion"}],"is_trial":false,"path_per_floor":["M","?","M","$","?","R","E","M","T","M","E","$","R","M","R"],"character_chosen":"IRONCLAD","items_purchased":["Pommel Strike"],"campfire_rested":1,"item_purchase_floors":[4],"current_hp_per_floor":[80,80,78,78,71,71,49,49,49,49,16,16,40,34,34,0],"gold":64,"neow_bonus":"THREE_CARDS","is_prod":false,"is_daily":false,"chose_seed":false,"campfire_upgraded":2,"win_rate":0,"timestamp":1539939397,"path_taken":["M","?","?","$","?","R","E","M","T","M","E","$","R","M","R","BOSS"],"build_version":"2018-10-18","purchased_purges":1,"victory":false,"max_hp_per_floor":[80,80,80,80,80,80,80,80,80,80,80,80,80,80,80,80],"card_choices":[{"not_picked":["True Grit","Feel No Pain"],"picked":"Body Slam","floor":0},{"not_picked":["Thunderclap","Pummel"],"picked":"Disarm","floor":1},{"not_picked":["Anger","Blood for Blood"],"picked":"Flame Barrier","floor":3},{"not_picked":["Heavy Blade","Thunderclap"],"picked":"Rampage","floor":7},{"not_picked":["Flex","Searing Blow"],"picked":"Twin Strike","floor":8},{"not_picked":["Warcry","Thunderclap"],"picked":"Heavy Blade","floor":10},{"not_picked":["Exhume","Warcry"],"picked":"Evolve","floor":11},{"not_picked":["Clash","Clothesline","Flex"],"picked":"SKIP","floor":14}],"player_experience":46073,"relics_obtained":[{"floor":7,"key":"Bottled Flame"},{"floor":9,"key":"Dodecahedron"},{"floor":11,"key":"Ginger"}],"event_choices":[{"cards_removed":["Strike_R"],"damage_healed":0,"gold_gain":0,"player_choice":"Card Removal","damage_taken":0,"max_hp_gain":0,"max_hp_loss":0,"event_name":"The Cleric","floor":2,"gold_loss":50},{"cards_removed":["Strike_R"],"damage_healed":0,"gold_gain":0,"player_choice":"Card Removal","damage_taken":7,"max_hp_gain":0,"max_hp_loss":0,"event_name":"Golden Wing","floor":5,"gold_loss":0}],"is_beta":false,"boss_relics":[],"items_purged_floors":[12],"is_endless":false,"potions_floor_spawned":[3,7,10,11],"killed_by":"Hexaghost","ascension_level":0}