{"gold_per_floor":[115,40,40,56,71,71,96,111,192,202,229,271,283,295,307,417,429,459,482,494,554,491,503,527,539,576,603,615,637,649,686,698,815,827,858,888,900,927,959,971,1003,1015,1027,1039,1051,423,456,483,483,483],"floor_reached":51,"playtime":3813,"items_purged":["Injury","Regret"],"score":705,"play_id":"1581928a-2507-4ced-a3b3-f739dc5408a3","local_time":"20181225044622","is_ascension_mode":false,"campfire_choices":[{"data":"1","floor":6,"key":"LIFT"},{"data":"2","floor":13,"key":"LIFT"},{"data":"Infernal Blade","floor":15,"key":"SMITH"},{"data":"Metallicize","floor":23,"key":"SMITH"},{"data":"Entrench","floor":25,"key":"SMITH"},{"data":"Barricade","floor":32,"key":"SMITH"},{"floor":40,"key":"REST"},{"data":"Iron Wave","floor":42,"key":"SMITH"},{"data":"Demon Form","floor":44,"key":"SMITH"},{"floor":49,"key":"REST"}],"neow_cost":"CURSE","seed_source_timestamp":13331863544104,"circlet_count":0,"master_deck":["Strike_R","Defend_R","Defend_R","Defend_R","Bash","Flex","Iron Wave+1","Anger","Metallicize+1","Cleave","Infernal Blade+1","Perfected Strike","Impervious","Seeing Red+1","Sword Boomerang+1","Battle Trance+1","Warcry+1","Iron Wave+1","Entrench+1","Perfected Strike+1","Shrug It Off+1","Barricade+1","Demon Form+1","Pommel Strike","Flash of Steel","Flex+1","Flame Barrier","Rampage+1","Madness","Madness"],"relics":["Burning Blood","Girya","Kunai","Tiny Chest","MawBank","Orichalcum","Astrolabe","Happy Flower","Blood Vial","Strawberry","Potion Belt","Lizard Tail","Red Skull","Gremlin Horn","Dodecahedron","Bottled Flame","Pen Nib"],"potions_floor_usage":[7,7,16,31,33,38,47,47,47,50,50],"damage_taken":[{"damage":4,"enemies":"Cultist","floor":1,"turns":4},{"damage":1,"enemies":"Jaw Worm","floor":4,"turns":3},{"damage":2,"enemies":"2 Louse","floor":5,"turns":4},{"damage":18,"enemies":"3 Sentries","floor":7,"turns":8},{"damage":8,"enemies":"Lots of Slimes","floor":8,"turns":5},{"damage":6,"enemies":"2 Fungi Beasts","floor":10,"turns":3},{"damage":16,"enemies":"Lagavulin","floor":12,"turns":6},{"damage":11,"enemies":"Slime Boss","floor":16,"turns":9},{"damage":11,"enemies":"Shell Parasite","floor":18,"turns":4},{"damage":4,"enemies":"Chosen","floor":19,"turns":3},{"damage":13,"enemies":"Shelled Parasite and Fungi","floor":24,"turns":4},{"damage":8,"enemies":"Centurion and Healer","floor":27,"turns":3},{"damage":7,"enemies":"Snake Plant","floor":29,"turns":3},{"damage":9,"enemies":"Slavers","floor":31,"turns":6},{"damage":30,"enemies":"Champ","floor":33,"turns":13},{"damage":12,"enemies":"3 Shapes","floor":35,"turns":10},{"damage":30,"enemies":"3 Darklings","floor":36,"turns":6},{"damage":24,"enemies":"Spire Growth","floor":38,"turns":6},{"damage":45,"enemies":"4 Shapes","floor":39,"turns":8},{"damage":20,"enemies":"Sphere and 2 Shapes","floor":41,"turns":6},{"damage":32,"enemies":"Nemesis","floor":47,"turns":10},{"damage":48,"enemies":"Awakened One","floor":50,"turns":15}],"seed_played":"544699421658605784","potions_obtained":[{"floor":1,"key":"Regen Potion"},{"floor":4,"key":"Block Potion"},{"floor":8,"key":"Block Potion"},{"floor":12,"key":"SpeedPotion"},{"floor":16,"key":"LiquidBronze"},{"floor":18,"key":"Ancient Potion"},{"floor":24,"key":"SkillPotion"},{"floor":33,"key":"SpeedPotion"},{"floor":35,"key":"Dexterity Potion"},{"floor":39,"key":"BloodPotion"},{"floor":41,"key":"Energy Potion"}],"is_trial":false,"path_per_floor":["M","$","?","M","M","R","E","M","T","M","T","E","R","?","R","B",null,"M","M","?","T","?","R","M","R","T","M","T","M","?","E","R","B",null,"M","M","?","M","M","R","M","R","T","R","?","$","E","T","R","B",null],"character_chosen":"IRONCLAD","items_purchased":["Gremlin Horn","Block Potion","Dodecahedron"],"campfire_rested":2,"item_purchase_floors":[46,46,46],"current_hp_per_floor":[80,80,73,78,80,80,77,75,75,75,75,65,65,65,65,60,80,75,77,77,77,77,77,70,70,70,70,77,78,78,77,77,55,87,81,59,59,43,49,75,63,63,63,63,52,52,36,36,62,22],"gold":483,"neow_bonus":"ONE_RARE_RELIC","is_prod":false,"is_daily":false,"chose_seed":false,"campfire_upgraded":6,"win_rate":0.0,"timestamp":1545680782,"path_taken":["M","$","?","M","M","R","E","M","T","M","?","E","R","?","R","BOSS","M","?","?","?","?","R","M","R","T","M","?","?","?","E","R","BOSS","M","?","?","M","?","R","M","R","T","R","?","$","E","?","R","BOSS"],"build_version":"2018-12-20","purchased_purges":2,"victory":true,"max_hp_per_floor":[80,80,80,80,80,80,80,80,80,80,80,80,80,80,80,80,80,80,80,80,80,80,80,80,80,80,80,87,87,87,87,87,87,87,87,87,87,87,87,87,87,87,87,87,87,87,87,87,87,87],"card_choices":[{"not_picked":["Clash","Anger"],"picked":"Flex","floor":1},{"not_picked":["Clothesline","Second Wind"],"picked":"Iron Wave","floor":4},{"not_picked":["Warcry","Wild Strike"],"picked":"Anger","floor":5},{"not_picked":["Heavy Blade","Anger"],"picked":"Metallicize","floor":7},{"not_picked":["Corruption","Flex"],"picked":"Cleave","floor":8},{"not_picked":["Berserk","Dual Wield"],"picked":"Body Slam","floor":10},{"not_picked":["True Grit","Seeing Red"],"picked":"Infernal Blade","floor":12},{"not_picked":["Immolate","Berserk"],"picked":"Impervious","floor":16},{"not_picked":["Clash","Shockwave"],"picked":"Warcry+1","floor":18},{"not_picked":["Sword Boomerang","Twin Strike"],"picked":"Iron Wave+1","floor":19},{"not_picked":["Anger","Inflame"],"picked":"Entrench","floor":24},{"not_picked":["Pommel Strike","Twin Strike+1"],"picked":"Perfected Strike+1","floor":27},{"not_picked":["Immolate","Sword Boomerang"],"picked":"Shrug It Off","floor":29},{"not_picked":["Carnage","Warcry"],"picked":"Barricade","floor":31},{"not_picked":["Limit Break","Impervious"],"picked":"Demon Form","floor":33},{"not_picked":["Pummel+1","Thunderclap"],"picked":"Pommel Strike","floor":35},{"not_picked":["Thunderclap","True Grit","Sword Boomerang"],"picked":"SKIP","floor":36},{"not_picked":["Clothesline+1","Corruption"],"picked":"Flex+1","floor":38},{"not_picked":["Body Slam","Clothesline+1"],"picked":"Flame Barrier","floor":39},{"not_picked":["True Grit","Inflame+1"],"picked":"Rampage+1","floor":41},{"not_picked":["Ghostly Armor+1","Rupture","Impervious"],"picked":"SKIP","floor":47}],"player_experience":51460,"relics_obtained":[{"floor":7,"key":"Kunai"},{"floor":9,"key":"Tiny Chest"},{"floor":11,"key":"MawBank"},{"floor":12,"key":"Orichalcum"},{"floor":21,"key":"Happy Flower"},{"floor":26,"key":"Blood Vial"},{"floor":28,"key":"Strawberry"},{"floor":31,"key":"Potion Belt"},{"floor":43,"key":"Red Skull"},{"floor":47,"key":"Bottled Flame"},{"floor":48,"key":"Pen Nib"}],"event_choices":[{"cards_removed":["Strike_R"],"damage_healed":0,"gold_gain":0,"player_choice":"Card Removal","damage_taken":7,"max_hp_gain":0,"max_hp_loss":0,"event_name":"Golden Wing","floor":3,"gold_loss":0},{"damage_healed":0,"gold_gain":0,"cards_transformed":["Body Slam"],"player_choice":"Transformed","damage_taken":0,"max_hp_gain":0,"max_hp_loss":0,"event_name":"Transmorgrifier","floor":14,"gold_loss":0,"cards_obtained":["Perfected Strike"]},{"damage_healed":0,"gold_gain":0,"player_choice":"Ignored","damage_taken":0,"max_hp_gain":0,"max_hp_loss":0,"event_name":"Vampires","floor":20,"gold_loss":0},{"cards_removed":["Defend_R"],"damage_healed":0,"gold_gain":0,"player_choice":"Gave Gold","damage_taken":0,"max_hp_gain":0,"max_hp_loss":0,"event_name":"Beggar","floor":22,"gold_loss":75},{"damage_healed":0,"gold_gain":0,"player_choice":"Upgraded","damage_taken":0,"max_hp_gain":0,"max_hp_loss":0,"event_name":"Upgrade Shrine","floor":30,"gold_loss":0,"cards_upgraded":["Shrug It Off"]},{"damage_healed":0,"gold_gain":0,"player_choice":"2 cards matched","damage_taken":0,"max_hp_gain":0,"max_hp_loss":0,"event_name":"Match and Keep!","floor":37,"gold_loss":0,"cards_obtained":["Flash of Steel","Regret"]},{"damage_healed":0,"gold_gain":0,"player_choice":"Embrace Madness","damage_taken":11,"max_hp_gain":0,"max_hp_loss":0,"event_name":"Winding Halls","floor":45,"gold_loss":0,"cards_obtained":["Madness","Madness"]}],"is_beta":false,"boss_relics":[{"not_picked":["Sozu","Velvet Choker"],"picked":"Astrolabe"},{"not_picked":["Eternal Feather","Busted Crown"],"picked":"Lizard Tail"}],"items_purged_floors":[2,46],"is_endless":false,"potions_floor_spawned":[1,4,8,12,16,18,24,31,33,35,39,41],"ascension_level":0}