{"gold_per_floor":[142,142,45,65,82,82,108,108,134,94,94,112,124,144,144,246,296,306,306,336,261,3,29,429,429,454,454,454,470,22,38,38,142,142,157,171,185,1184,1184,1209,1209,1229,1229,1248,1248,13,13,26,26,26,26,26,4,4],"floor_reached":54,"playtime":2960,"items_purged":["Strike_B","Strike_B","Normality"],"score":735,"play_id":"3ececf06-b1fa-41b5-a392-f1ecb93234d5","local_time":"20190204185646","is_ascension_mode":false,"campfire_choices":[{"data":"Zap","floor":6,"key":"SMITH"},{"floor":8,"key":"REST"},{"data":"Dualcast","floor":11,"key":"SMITH"},{"data":"Sunder","floor":15,"key":"SMITH"},{"data":"Electrodynamics","floor":25,"key":"SMITH"},{"data":"Go for the Eyes","floor":27,"key":"SMITH"},{"data":"White Noise","floor":32,"key":"SMITH"},{"floor":41,"key":"REST"},{"floor":49,"key":"RECALL"},{"data":"Chrysalis","floor":52,"key":"SMITH"}],"neow_cost":"NONE","seed_source_timestamp":24560804770300,"circlet_count":0,"master_deck":["Defend_B","Defend_B","Defend_B","Defend_B","Zap+1","Dualcast+1","FTL","Conserve Battery","Chill","Ball Lightning","Ball Lightning","Hologram+1","Chill","Electrodynamics+1","Barrage","Go for the Eyes+1","Cold Snap+1","Conserve Battery","Compile Driver","Glacier","White Noise+1","Seek","FTL+1","Chill+1","Normality","Madness","Madness","Conserve Battery+1","Chrysalis+1","Dark Shackles+1","Deep Breath+1","Jack Of All Trades+1","Thinking Ahead+1","Secret Technique+1","Rebound"],"relics":["Cracked Core","Tiny Chest","DataDisk","Bronze Scales","Tiny House","Art of War","Red Mask","Bottled Lightning","Kunai","Old Coin","Blue Candle","Strawberry","The Courier","Juzu Bracelet","Meat on the Bone","Busted Crown","Regal Pillow","Shuriken","Pen Nib","Pantograph","Toxic Egg 2"],"potions_floor_usage":[7,18,20,23,24,33,42,50,50,54],"damage_taken":[{"damage":0,"enemies":"Small Slimes","floor":1,"turns":3},{"damage":0,"enemies":"2 Louse","floor":4,"turns":3},{"damage":0,"enemies":"Cultist","floor":5,"turns":3},{"damage":35,"enemies":"Gremlin Nob","floor":7,"turns":4},{"damage":0,"enemies":"Exordium Thugs","floor":12,"turns":4},{"damage":0,"enemies":"Large Slime","floor":13,"turns":3},{"damage":0,"enemies":"3 Louse","floor":14,"turns":2},{"damage":2,"enemies":"Slime Boss","floor":16,"turns":7},{"damage":15,"enemies":"2 Thieves","floor":18,"turns":2},{"damage":0,"enemies":"Masked Bandits","floor":20,"turns":3},{"damage":11,"enemies":"Book of Stabbing","floor":23,"turns":5},{"damage":4,"enemies":"Colosseum Slavers","floor":24,"turns":2},{"damage":0,"enemies":"Colosseum Nobs","floor":24,"turns":2},{"damage":0,"enemies":"Chosen","floor":29,"turns":3},{"damage":2,"enemies":"Sentry and Sphere","floor":31,"turns":4},{"damage":36,"enemies":"Champ","floor":33,"turns":12},{"damage":3,"enemies":"Orb Walker","floor":35,"turns":3},{"damage":0,"enemies":"3 Shapes","floor":36,"turns":3},{"damage":8,"enemies":"Writhing Mass","floor":37,"turns":4},{"damage":21,"enemies":"Reptomancer","floor":40,"turns":7},{"damage":2,"enemies":"3 Darklings","floor":42,"turns":5},{"damage":0,"enemies":"4 Shapes","floor":44,"turns":2},{"damage":14,"enemies":"Writhing Mass","floor":48,"turns":6},{"damage":26,"enemies":"Awakened One","floor":50,"turns":16},{"damage":88,"enemies":"Shield and Spear","floor":54,"turns":6}],"seed_played":"1229065940917162237","potions_obtained":[{"floor":5,"key":"SteroidPotion"},{"floor":10,"key":"Dexterity Potion"},{"floor":10,"key":"LiquidBronze"},{"floor":10,"key":"FocusPotion"},{"floor":23,"key":"PowerPotion"},{"floor":29,"key":"LiquidBronze"},{"floor":35,"key":"GamblersBrew"},{"floor":40,"key":"Swift Potion"},{"floor":44,"key":"FearPotion"},{"floor":48,"key":"Explosive Potion"}],"is_trial":false,"path_per_floor":["M","?","$","M","M","R","E","R","T","?","R","M","M","M","R","B",null,"M","T","?","?","$","E","?","R","T","R","T","M","$","M","R","B",null,"M","M","M","?","?","E","R","M","T","M","?","$","?","M","R","B",null,"R","$","E"],"character_chosen":"DEFECT","items_purchased":["Conserve Battery","Bottled Lightning","Juzu Bracelet","Meat on the Bone","Glacier","Chrysalis","Shuriken","Pen Nib","Pantograph","Toxic Egg 2","Dark Shackles+1","Deep Breath+1","Jack Of All Trades+1","AttackPotion","Rebound"],"campfire_rested":2,"item_purchase_floors":[3,22,30,30,30,46,46,46,46,46,46,46,46,46,53],"current_hp_per_floor":[75,68,68,68,68,68,33,55,55,55,55,55,55,55,55,53,80,65,65,65,65,65,54,50,50,57,57,57,57,57,55,55,31,87,84,84,76,76,65,44,85,83,83,83,83,83,73,59,59,58,87,87,87,0],"gold":4,"neow_bonus":"RANDOM_COMMON_RELIC","is_prod":false,"is_daily":false,"chose_seed":false,"campfire_upgraded":7,"win_rate":0,"timestamp":1549277806,"path_taken":["M","?","$","M","M","R","E","R","T","?","R","?","M","M","R","BOSS","M","?","?","?","$","E","?","R","T","R","?","M","$","M","R","BOSS","M","M","M","?","?","E","R","M","T","M","?","$","?","M","R","BOSS","R","$","E"],"build_version":"2019-01-23","purchased_purges":3,"victory":false,"max_hp_per_floor":[75,75,75,75,75,75,75,75,75,75,75,75,75,75,75,75,80,80,80,80,80,80,80,80,80,87,87,87,87,87,87,87,87,87,87,87,87,87,87,87,87,87,87,87,87,87,87,87,87,87,87,87,87,87],"card_choices":[{"not_picked":["Leap","Tempest"],"picked":"FTL","floor":1},{"not_picked":["Rebound","Fusion"],"picked":"Chill","floor":4},{"not_picked":["Stack","Reinforced Body"],"picked":"Ball Lightning","floor":5},{"not_picked":["Beam Cell","Reinforced Body"],"picked":"Sunder","floor":7},{"not_picked":["Rebound","Redo"],"picked":"Ball Lightning","floor":12},{"not_picked":["Steam Power","Sweeping Beam"],"picked":"Hologram","floor":13},{"not_picked":["Redo","Conserve Battery"],"picked":"Chill","floor":14},{"not_picked":["Rainbow","Reboot"],"picked":"Electrodynamics","floor":16},{"not_picked":["Redo","Recycle"],"picked":"Barrage","floor":17},{"not_picked":["Streamline","Reprogram"],"picked":"Go for the Eyes","floor":18},{"not_picked":["Skim+1","Conserve Battery"],"picked":"Cold Snap+1","floor":20},{"not_picked":["Streamline","Meteor Strike"],"picked":"Conserve Battery","floor":23},{"not_picked":["Stack","Sunder"],"picked":"Compile Driver","floor":24},{"not_picked":["Barrage","Sweeping Beam+1","Multi-Cast"],"picked":"SKIP","floor":29},{"not_picked":["Conserve Battery+1","Cold Snap"],"picked":"White Noise","floor":31},{"not_picked":["Buffer","Machine Learning"],"picked":"Seek","floor":33},{"not_picked":[],"picked":"FTL+1","floor":35},{"not_picked":["Sweeping Beam+1"],"picked":"SKIP","floor":36},{"not_picked":[],"picked":"Chill+1","floor":37},{"not_picked":["Rip and Tear+1"],"picked":"SKIP","floor":40},{"not_picked":["Streamline"],"picked":"SKIP","floor":42},{"not_picked":[],"picked":"Conserve Battery+1","floor":44},{"not_picked":[],"picked":"Thinking Ahead+1","floor":47},{"not_picked":[],"picked":"Secret Technique+1","floor":47},{"not_picked":["Go for the Eyes"],"picked":"SKIP","floor":48}],"player_experience":335846,"relics_obtained":[{"floor":7,"key":"DataDisk"},{"floor":9,"key":"Bronze Scales"},{"floor":19,"key":"Art of War"},{"floor":20,"key":"Red Mask"},{"floor":23,"key":"Kunai"},{"floor":24,"key":"Old Coin"},{"floor":24,"key":"Blue Candle"},{"floor":26,"key":"Strawberry"},{"floor":28,"key":"The Courier"},{"floor":40,"key":"Regal Pillow"}],"event_choices":[{"cards_removed":["Strike_B"],"damage_healed":0,"gold_gain":0,"player_choice":"Card Removal","damage_taken":7,"max_hp_gain":0,"max_hp_loss":0,"event_name":"Golden Wing","floor":2,"gold_loss":0},{"damage_healed":0,"gold_gain":0,"player_choice":"Bought 3 Potions","damage_taken":0,"max_hp_gain":0,"max_hp_loss":0,"event_name":"The Woman in Blue","floor":10,"gold_loss":0},{"damage_healed":0,"gold_gain":0,"player_choice":"Fought Bandits","damage_taken":0,"max_hp_gain":0,"max_hp_loss":0,"event_name":"Masked Bandits","floor":20,"gold_loss":0},{"cards_removed":["Strike_B"],"damage_healed":0,"gold_gain":0,"player_choice":"Gave Gold","damage_taken":0,"max_hp_gain":0,"max_hp_loss":0,"event_name":"Beggar","floor":21,"gold_loss":75},{"damage_healed":0,"gold_gain":0,"player_choice":"Fight","damage_taken":0,"max_hp_gain":0,"max_hp_loss":0,"event_name":"Colosseum","floor":24,"gold_loss":0},{"damage_healed":0,"gold_gain":0,"player_choice":"Fought Nobs","damage_taken":0,"max_hp_gain":0,"max_hp_loss":0,"event_name":"Colosseum","floor":24,"gold_loss":0},{"damage_healed":0,"gold_gain":999,"player_choice":"Gold","damage_taken":0,"max_hp_gain":0,"max_hp_loss":0,"event_name":"MindBloom","floor":38,"gold_loss":0,"cards_obtained":["Normality","Normality"]},{"damage_healed":0,"gold_gain":0,"player_choice":"Embrace Madness","damage_taken":11,"max_hp_gain":0,"max_hp_loss":0,"event_name":"Winding Halls","floor":39,"gold_loss":0,"cards_obtained":["Madness","Madness"]},{"cards_removed":["Sunder"],"damage_healed":0,"gold_gain":0,"player_choice":"Removed Attack","damage_taken":0,"max_hp_gain":0,"max_hp_loss":0,"event_name":"Falling","floor":45,"gold_loss":0},{"damage_healed":0,"gold_gain":0,"player_choice":"Memory 3","damage_taken":10,"max_hp_gain":0,"max_hp_loss":0,"event_name":"SensoryStone","floor":47,"gold_loss":0}],"is_beta":false,"boss_relics":[{"not_picked":["Eternal Feather","Fusion Hammer"],"picked":"Tiny House"},{"not_picked":["Coffee Dripper","Black Star"],"picked":"Busted Crown"}],"items_purged_floors":[3,30,46],"is_endless":false,"potions_floor_spawned":[5,12,13,16,23,24,29,35,40,44,48],"killed_by":"Shield and Spear","ascension_level":0}