{"gold_per_floor":[13,13,29,29,29,54,54,89,89,89,123,142,162,177,177,278,278,298,315,315,148,163,163,194,194,194,225,225,257,273,292,292,391,391,407,407,423,440,540,567,567,282,282,313,324,324,49,82,82,82],"floor_reached":51,"playtime":5403,"items_purged":["Strike_B+1"],"score":1039,"play_id":"f70a1958-2015-4c15-9ffb-5d61c597a894","local_time":"20190206004744","is_ascension_mode":true,"campfire_choices":[{"data":"Melter","floor":7,"key":"SMITH"},{"data":"Genetic Algorithm","floor":10,"key":"SMITH"},{"floor":15,"key":"REST"},{"data":"Rainbow","floor":23,"key":"SMITH"},{"data":"Consume","floor":25,"key":"SMITH"},{"data":"Echo Form","floor":28,"key":"SMITH"},{"data":"Apotheosis","floor":32,"key":"SMITH"},{"data":"Machine Learning","floor":41,"key":"SMITH"},{"data":"Panache","floor":49,"key":"SMITH"}],"neow_cost":"NO_GOLD","seed_source_timestamp":1309326403073232,"circlet_count":0,"master_deck":["Strike_B+1","Defend_B+1","Defend_B+1","Defend_B+1","Defend_B+1","Zap+1","Dualcast","Rainbow+1","Melter+1","White Noise","Blizzard","Genetic Algorithm+1","Leap","Consume+1","Ball Lightning","Cold Snap","Echo Form+1","Glacier+1","Conserve Battery","Apotheosis+1","Heatsinks+1","Ball Lightning+1","Double Energy+1","Cold Snap","Redo","Coolheaded","Machine Learning+1","Cold Snap","Panache+1","Finesse","Go for the Eyes+1","Coolheaded","Auto Shields+1","Cold Snap","Genetic Algorithm+1","Darkness+1","Go for the Eyes+1","Hologram"],"relics":["Cracked Core","Ornamental Fan","Question Card","DataDisk","Mummified Hand","Anchor","Coffee Dripper","Oddly Smooth Stone","Art of War","Pear","Darkstone Periapt","Nuclear Battery","WingedGreaves","Boot","DollysMirror","Du-Vu Doll","Molten Egg 2","War Paint","Strawberry"],"potions_floor_usage":[11,16,24,29,33,37,44,50],"damage_taken":[{"damage":2,"enemies":"Small Slimes","floor":1,"turns":4},{"damage":0,"enemies":"2 Louse","floor":3,"turns":3},{"damage":27,"enemies":"Gremlin Nob","floor":6,"turns":5},{"damage":12,"enemies":"Lagavulin","floor":8,"turns":6},{"damage":24,"enemies":"3 Sentries","floor":11,"turns":7},{"damage":0,"enemies":"Cultist","floor":12,"turns":4},{"damage":0,"enemies":"2 Fungi Beasts","floor":13,"turns":2},{"damage":2,"enemies":"Exordium Thugs","floor":14,"turns":4},{"damage":4,"enemies":"Slime Boss","floor":16,"turns":7},{"damage":0,"enemies":"3 Byrds","floor":18,"turns":5},{"damage":0,"enemies":"Chosen","floor":19,"turns":6},{"damage":0,"enemies":"Centurion and Healer","floor":22,"turns":4},{"damage":8,"enemies":"Slavers","floor":24,"turns":6},{"damage":0,"enemies":"Gremlin Leader","floor":27,"turns":6},{"damage":11,"enemies":"Book of Stabbing","floor":29,"turns":5},{"damage":6,"enemies":"Snecko","floor":30,"turns":5},{"damage":0,"enemies":"3 Cultists","floor":31,"turns":4},{"damage":0,"enemies":"Automaton","floor":33,"turns":10},{"damage":6,"enemies":"3 Shapes","floor":35,"turns":4},{"damage":0,"enemies":"Orb Walker","floor":37,"turns":4},{"damage":0,"enemies":"4 Shapes","floor":38,"turns":4},{"damage":0,"enemies":"Mind Bloom Boss Battle","floor":39,"turns":5},{"damage":8,"enemies":"Nemesis","floor":40,"turns":7},{"damage":9,"enemies":"Giant Head","floor":44,"turns":9},{"damage":5,"enemies":"Sphere and 2 Shapes","floor":45,"turns":5},{"damage":25,"enemies":"Reptomancer","floor":48,"turns":6},{"damage":7,"enemies":"Awakened One","floor":50,"turns":15}],"seed_played":"6094064152972170111","potions_obtained":[{"floor":3,"key":"SmokeBomb"},{"floor":8,"key":"Dexterity Potion"},{"floor":12,"key":"Explosive Potion"},{"floor":19,"key":"LiquidBronze"},{"floor":24,"key":"Poison Potion"},{"floor":27,"key":"SteroidPotion"},{"floor":31,"key":"Strength Potion"},{"floor":33,"key":"Weak Potion"},{"floor":35,"key":"Fruit Juice"},{"floor":37,"key":"Regen Potion"},{"floor":38,"key":"Strength Potion"},{"floor":40,"key":"SkillPotion"}],"is_trial":false,"path_per_floor":["M","?","M","?","?","E","R","E","T","R","E","M","M","M","R","B",null,"M","M","?","$","M","R","E","R","T","E","R","E","M","M","R","B",null,"M","?","M","M","?","E","R","$","T","E","M","?","$","E","R","B",null],"character_chosen":"DEFECT","items_purchased":["Apotheosis","DollysMirror","Darkness","War Paint","Hologram"],"campfire_rested":1,"item_purchase_floors":[21,42,42,47,47],"current_hp_per_floor":[73,66,66,71,71,44,44,32,32,32,8,8,8,6,30,26,80,80,80,80,80,80,80,72,72,72,82,82,71,65,65,65,65,90,84,79,84,84,84,76,76,76,76,67,62,62,62,44,44,52],"gold":82,"neow_bonus":"TRANSFORM_TWO_CARDS","is_prod":false,"is_daily":false,"chose_seed":false,"campfire_upgraded":8,"win_rate":0,"timestamp":1549442864,"path_taken":["M","?","M","?","?","E","R","E","T","R","E","M","M","?","R","BOSS","M","M","?","?","?","R","E","R","T","E","R","E","M","M","R","BOSS","M","?","M","M","?","E","R","?","T","E","M","?","$","E","R","BOSS"],"build_version":"2019-01-23","purchased_purges":1,"victory":true,"max_hp_per_floor":[75,75,75,80,80,80,80,80,80,80,80,80,80,80,80,80,80,80,80,80,80,80,80,80,80,80,90,90,90,90,90,90,90,90,90,90,95,95,95,95,95,95,95,95,95,95,95,102,102,102],"card_choices":[{"not_picked":["Turbo","Barrage","Stack"],"picked":"SKIP","floor":1},{"not_picked":["Beam Cell","Aggregate"],"picked":"White Noise","floor":3},{"not_picked":["Hologram","Turbo"],"picked":"Blizzard","floor":6},{"not_picked":["Rebound","Blizzard","Sweeping Beam"],"picked":"Genetic Algorithm","floor":8},{"not_picked":["Turbo","Aggregate","Skim"],"picked":"Leap","floor":11},{"not_picked":["Compile Driver","Doom and Gloom","Skim"],"picked":"Consume","floor":12},{"not_picked":["Tempest","Scrape","Conserve Battery"],"picked":"Ball Lightning","floor":13},{"not_picked":["Rebound","Stack","Rainbow"],"picked":"Cold Snap","floor":14},{"not_picked":["Electrodynamics","Buffer","Machine Learning"],"picked":"Echo Form","floor":16},{"not_picked":["Steam","Reinforced Body","Lockon+1"],"picked":"Glacier+1","floor":18},{"not_picked":["Gash","Hello World+1","Steam Power"],"picked":"Conserve Battery","floor":19},{"not_picked":["Turbo","Streamline+1","Skim"],"picked":"Heatsinks+1","floor":22},{"not_picked":["Rip and Tear","Beam Cell","Rebound+1"],"picked":"Ball Lightning+1","floor":24},{"not_picked":["Conserve Battery","Leap","Darkness"],"picked":"Double Energy+1","floor":27},{"not_picked":["Scrape+1","Rainbow","Coolheaded"],"picked":"Cold Snap","floor":29},{"not_picked":["Streamline","Stack","Rebound"],"picked":"Redo","floor":30},{"not_picked":["Cold Snap","Multi-Cast","Redo"],"picked":"Coolheaded","floor":31},{"not_picked":["Fission","Multi-Cast","Electrodynamics"],"picked":"Machine Learning","floor":33},{"not_picked":["Streamline+1","Tempest+1","Hologram"],"picked":"Cold Snap","floor":35},{"not_picked":["Apotheosis","Trip","Mind Blast"],"picked":"Panache","floor":36},{"not_picked":["Transmutation","Swift Strike","Violence"],"picked":"Finesse","floor":36},{"not_picked":["Steam","Compile Driver","Gash+1"],"picked":"Go for the Eyes+1","floor":37},{"not_picked":["Turbo+1","Rebound+1","Skim"],"picked":"Coolheaded","floor":38},{"not_picked":["Recycle+1","Go for the Eyes","Gash+1"],"picked":"Auto Shields+1","floor":39},{"not_picked":["Steam","Streamline+1","Fusion"],"picked":"Cold Snap","floor":40},{"not_picked":["Tempest+1","Echo Form","Steam","Undo+1"],"picked":"SKIP","floor":44},{"not_picked":["Gash+1","Tempest","Static Discharge+1"],"picked":"Go for the Eyes+1","floor":45},{"not_picked":["Tempest+1","Ball Lightning+1","Core Surge+1","Steam Power"],"picked":"SKIP","floor":48}],"player_experience":225559,"relics_obtained":[{"floor":6,"key":"Question Card"},{"floor":8,"key":"DataDisk"},{"floor":9,"key":"Mummified Hand"},{"floor":11,"key":"Anchor"},{"floor":24,"key":"Oddly Smooth Stone"},{"floor":26,"key":"Art of War"},{"floor":27,"key":"Pear"},{"floor":29,"key":"Darkstone Periapt"},{"floor":39,"key":"WingedGreaves"},{"floor":40,"key":"Boot"},{"floor":43,"key":"Du-Vu Doll"},{"floor":44,"key":"Molten Egg 2"},{"floor":48,"key":"Strawberry"}],"event_choices":[{"damage_healed":0,"gold_gain":0,"player_choice":"Success","damage_taken":7,"relics_obtained":["Ornamental Fan"],"max_hp_gain":0,"max_hp_loss":0,"event_name":"Scrap Ooze","floor":2,"gold_loss":0},{"damage_healed":0,"gold_gain":0,"player_choice":"Donut","damage_taken":0,"max_hp_gain":5,"max_hp_loss":0,"event_name":"Big Fish","floor":4,"gold_loss":0},{"damage_healed":0,"gold_gain":0,"player_choice":"Forge","damage_taken":0,"max_hp_gain":0,"max_hp_loss":0,"event_name":"Accursed Blacksmith","floor":5,"gold_loss":0,"cards_upgraded":["Defend_B"]},{"damage_healed":0,"gold_gain":0,"player_choice":"Simplicity","damage_taken":0,"max_hp_gain":0,"max_hp_loss":0,"event_name":"Back to Basics","floor":20,"gold_loss":0,"cards_upgraded":["Strike_B","Strike_B","Defend_B","Defend_B","Defend_B"]},{"damage_healed":0,"gold_gain":0,"player_choice":"Memory 2","damage_taken":5,"max_hp_gain":0,"max_hp_loss":0,"event_name":"SensoryStone","floor":36,"gold_loss":0},{"damage_healed":0,"gold_gain":0,"player_choice":"Fight","damage_taken":0,"max_hp_gain":0,"max_hp_loss":0,"event_name":"MindBloom","floor":39,"gold_loss":0},{"damage_healed":0,"gold_gain":0,"player_choice":"Ignored","damage_taken":0,"max_hp_gain":0,"max_hp_loss":0,"event_name":"Tomb of Lord Red Mask","floor":46,"gold_loss":0}],"is_beta":false,"boss_relics":[{"not_picked":["Velvet Choker","Lizard Tail"],"picked":"Coffee Dripper"},{"not_picked":["Eternal Feather","Sozu"],"picked":"Nuclear Battery"}],"items_purged_floors":[47],"is_endless":false,"potions_floor_spawned":[3,8,12,19,24,27,31,33,35,37,38,40],"ascension_level":3}