{"gold_per_floor":[113,17,167,167,48,48,79,79,79,109,109,35,53,53,53,124,124,137,156,80,80],"floor_reached":21,"playtime":654,"items_purged":["Doubt"],"score":431,"play_id":"4c4ab2c0-a302-4ca4-b33a-c3f24b051f07","local_time":"20181230143112","is_ascension_mode":true,"campfire_choices":[{"data":"White Noise","floor":6,"key":"SMITH"},{"data":"Heatsinks","floor":8,"key":"SMITH"},{"data":"Zap","floor":15,"key":"SMITH"}],"neow_cost":"NONE","seed_source_timestamp":935400485205981,"circlet_count":0,"master_deck":["AscendersBane","Strike_B","Strike_B","Strike_B","Strike_B","Defend_B","Defend_B","Defend_B","Defend_B","Zap+1","Dualcast","White Noise+1","Heatsinks+1","Leap","Static Discharge+1","Double Energy","Conserve Battery","Defragment+1","Amplify","Coolheaded","Glacier"],"relics":["Cracked Core","NeowsBlessing","Frozen Egg 2","Letter Opener","Singing Bowl","Blood Vial","FossilizedHelix","Cursed Key"],"potions_floor_usage":[],"damage_taken":[{"damage":0,"enemies":"Jaw Worm","floor":1,"turns":1},{"damage":0,"enemies":"3 Sentries","floor":7,"turns":1},{"damage":0,"enemies":"Gremlin Nob","floor":10,"turns":1},{"damage":0,"enemies":"2 Louse","floor":13,"turns":2},{"damage":29,"enemies":"Slime Boss","floor":16,"turns":13},{"damage":16,"enemies":"Spheric Guardian","floor":18,"turns":5},{"damage":24,"enemies":"Chosen","floor":19,"turns":4},{"damage":32,"enemies":"Snake Plant","floor":21,"turns":4}],"seed_played":"-3368228542488244573","potions_obtained":[{"floor":1,"key":"SteroidPotion"},{"floor":10,"key":"Strength Potion"}],"is_trial":false,"path_per_floor":["M","$","?","T","$","R","E","R","T","E","?","$","M","$","R","B",null,"M","M","$","M"],"character_chosen":"DEFECT","items_purchased":["Heatsinks","Leap","Static Discharge+1","Defragment+1","Glacier"],"campfire_rested":0,"item_purchase_floors":[2,2,5,12,20],"current_hp_per_floor":[64,64,64,64,64,64,64,64,64,64,53,53,57,57,57,30,62,50,28,28,0],"gold":80,"neow_bonus":"THREE_ENEMY_KILL","is_prod":false,"is_daily":false,"chose_seed":false,"campfire_upgraded":3,"win_rate":0,"timestamp":1546198272,"path_taken":["M","$","?","?","$","R","E","R","T","E","?","?","?","$","R","BOSS","M","M","$","?"],"build_version":"2018-12-20","purchased_purges":1,"victory":false,"max_hp_per_floor":[71,71,71,71,71,71,71,71,71,71,71,71,73,73,73,73,73,75,75,75,75],"card_choices":[{"not_picked":["Cold Snap","Barrage"],"picked":"White Noise","floor":1},{"not_picked":["Skim","Hologram"],"picked":"Double Energy","floor":7},{"not_picked":["Beam Cell","Barrage"],"picked":"Conserve Battery","floor":10},{"not_picked":["Cold Snap","Force Field","FTL"],"picked":"Singing Bowl","floor":13},{"not_picked":["Buffer+1","Biased Cognition+1"],"picked":"Amplify","floor":16},{"not_picked":["FTL","Rebound","Genetic Algorithm"],"picked":"Singing Bowl","floor":18},{"not_picked":["Leap","Stack"],"picked":"Coolheaded","floor":19}],"player_experience":883420,"relics_obtained":[{"floor":4,"key":"Frozen Egg 2"},{"floor":7,"key":"Letter Opener"},{"floor":9,"key":"Singing Bowl"},{"floor":10,"key":"Blood Vial"}],"event_choices":[{"damage_healed":0,"gold_gain":150,"player_choice":"AGREE","damage_taken":0,"max_hp_gain":0,"max_hp_loss":0,"event_name":"Liars Game","floor":3,"gold_loss":0,"cards_obtained":["Doubt"]},{"damage_healed":0,"gold_gain":0,"player_choice":"Success","damage_taken":11,"relics_obtained":["FossilizedHelix"],"max_hp_gain":0,"max_hp_loss":0,"event_name":"Scrap Ooze","floor":11,"gold_loss":0}],"is_beta":false,"boss_relics":[{"not_picked":["Empty Cage","Velvet Choker"],"picked":"Cursed Key"}],"items_purged_floors":[5],"is_endless":false,"potions_floor_spawned":[1,10,16,18],"killed_by":"Snake Plant","ascension_level":17}