{"gold_per_floor":[114,129,144,159,174,174,144,174,199,214,214],"floor_reached":11,"playtime":909,"items_purged":[],"score":102,"play_id":"72abd520-64d2-4cc3-8eef-2be5fee909e2","local_time":"20190130115217","daily_mods":["Specialized","Red Cards","Elite Swarm"],"is_ascension_mode":false,"campfire_choices":[{"data":"Body Slam","floor":6,"key":"SMITH"}],"neow_cost":"","seed_source_timestamp":0,"circlet_count":0,"master_deck":["Defend_G","Defend_G","Defend_G","Defend_G","Defend_G","Strike_G","Strike_G","Strike_G","Strike_G","Strike_G","Survivor","Neutralize","Second Wind","Second Wind","Second Wind","Second Wind","Second Wind","Seeing Red","Body Slam+1","Backflip","Spot Weakness","Power Through","Tools of the Trade","Exhume","Ghostly Armor"],"special_seed":17926,"relics":["Ring of the Snake","Bottled Flame","Snake Skull"],"potions_floor_usage":[5,10,11],"damage_taken":[{"damage":10,"enemies":"Cultist","floor":1,"turns":6},{"damage":0,"enemies":"2 Louse","floor":2,"turns":2},{"damage":4,"enemies":"Jaw Worm","floor":3,"turns":4},{"damage":4,"enemies":"Red Slaver","floor":4,"turns":4},{"damage":14,"enemies":"Large Slime","floor":5,"turns":9},{"damage":2,"enemies":"Looter","floor":7,"turns":4},{"damage":31,"enemies":"Lagavulin","floor":8,"turns":9},{"damage":0,"enemies":"Exordium Wildlife","floor":10,"turns":7},{"damage":6,"enemies":"3 Sentries","floor":11,"turns":6}],"seed_played":"5247171825333593752","potions_obtained":[{"floor":1,"key":"SpeedPotion"},{"floor":4,"key":"SpeedPotion"},{"floor":10,"key":"Poison Potion"}],"is_trial":false,"path_per_floor":["M","M","M","M","M","R","M","E","T","M","E"],"character_chosen":"THE_SILENT","items_purchased":[],"campfire_rested":0,"item_purchase_floors":[],"current_hp_per_floor":[60,60,56,52,38,38,36,5,5,5,0],"gold":214,"neow_bonus":"","is_prod":false,"is_daily":true,"chose_seed":false,"campfire_upgraded":1,"win_rate":0,"timestamp":1548820337,"path_taken":["M","M","?","?","M","R","M","E","T","M","E"],"build_version":"2019-01-23","purchased_purges":0,"victory":false,"max_hp_per_floor":[70,70,70,70,70,70,70,70,70,70,70],"card_choices":[{"not_picked":["Blood for Blood","Thunderclap"],"picked":"Seeing Red","floor":1},{"not_picked":["Anger","Quick Slash"],"picked":"Body Slam","floor":2},{"not_picked":["Body Slam","Deflect"],"picked":"Backflip","floor":3},{"not_picked":["Pommel Strike","Wild Strike"],"picked":"Spot Weakness","floor":4},{"not_picked":["Riddle With Holes","Choke"],"picked":"Power Through","floor":5},{"not_picked":["Shrug It Off","Skewer"],"picked":"Tools of the Trade","floor":7},{"not_picked":["Bullet Time","Unload","Exhume"],"picked":"SKIP","floor":8},{"not_picked":["Bullet Time","Unload"],"picked":"Exhume","floor":8},{"not_picked":["Warcry","Blade Dance"],"picked":"Ghostly Armor","floor":10}],"player_experience":297450,"relics_obtained":[{"floor":8,"key":"Bottled Flame"},{"floor":9,"key":"Snake Skull"}],"event_choices":[],"is_beta":false,"boss_relics":[],"items_purged_floors":[],"is_endless":false,"potions_floor_spawned":[1,4,10],"killed_by":"3 Sentries","ascension_level":0}