{"gold_per_floor":[114,128,128,139,139,165,165,180,180,206,206,9,29,29,29,128,128,141,141,59,59,59,59],"floor_reached":23,"playtime":954,"items_purged":[],"score":197,"play_id":"ccf44fd2-b7ea-424e-b9c1-cba705bce202","local_time":"20190204193902","is_ascension_mode":false,"campfire_choices":[{"floor":7,"key":"REST"},{"data":"Bash","floor":11,"key":"SMITH"},{"data":"Uppercut","floor":15,"key":"SMITH"}],"neow_cost":"NONE","seed_source_timestamp":29112790591700,"circlet_count":0,"master_deck":["Strike_R+1","Strike_R","Strike_R","Defend_R","Defend_R","Defend_R","Defend_R","Bash+1","Dropkick","Ghostly Armor+1","Uppercut+1","Heavy Blade","Clothesline","Pommel Strike","Iron Wave","Carnage","Demon Form","Madness","RitualDagger"],"relics":["Burning Blood","Gremlin Horn","Thread and Needle","Torii","Omamori","Orichalcum","Sozu","Nilry\u0027s Codex"],"potions_floor_usage":[13,16,16],"damage_taken":[{"damage":6,"enemies":"Jaw Worm","floor":1,"turns":3},{"damage":15,"enemies":"Small Slimes","floor":2,"turns":4},{"damage":0,"enemies":"2 Louse","floor":4,"turns":2},{"damage":42,"enemies":"Gremlin Nob","floor":6,"turns":6},{"damage":0,"enemies":"Blue Slaver","floor":8,"turns":4},{"damage":19,"enemies":"Lagavulin","floor":10,"turns":6},{"damage":1,"enemies":"Large Slime","floor":13,"turns":4},{"damage":3,"enemies":"Hexaghost","floor":16,"turns":11},{"damage":0,"enemies":"3 Byrds","floor":18,"turns":6},{"damage":79,"enemies":"Slavers","floor":23,"turns":3}],"seed_played":"6292184930874614233","potions_obtained":[{"floor":1,"key":"SpeedPotion"},{"floor":8,"key":"Explosive Potion"},{"floor":10,"key":"EssenceOfSteel"},{"floor":13,"key":"Dexterity Potion"}],"is_trial":false,"path_per_floor":["M","M","?","M","?","E","R","M","T","E","R","$","M","?","R","B",null,"M","?","$","?","?","E"],"character_chosen":"IRONCLAD","items_purchased":["Orichalcum","Iron Wave","Madness"],"campfire_rested":1,"item_purchase_floors":[12,12,20],"current_hp_per_floor":[88,79,76,82,75,39,65,71,71,58,58,58,63,45,45,48,88,88,72,72,66,66,0],"gold":59,"neow_bonus":"TEN_PERCENT_HP_BONUS","is_prod":false,"is_daily":false,"chose_seed":false,"campfire_upgraded":2,"win_rate":0,"timestamp":1549280342,"path_taken":["M","M","?","M","?","E","R","M","T","E","R","$","M","?","R","BOSS","M","?","$","?","?","E"],"build_version":"2019-01-23","purchased_purges":0,"victory":false,"max_hp_per_floor":[88,88,88,88,88,88,88,88,88,88,88,88,88,88,88,88,88,88,88,88,88,88,88],"card_choices":[{"not_picked":["Sever Soul","Twin Strike"],"picked":"Dropkick","floor":1},{"not_picked":["Feel No Pain","Clash"],"picked":"Ghostly Armor","floor":2},{"not_picked":["Wild Strike","Hemokinesis"],"picked":"Uppercut","floor":4},{"not_picked":["Flex","Blood for Blood"],"picked":"Heavy Blade","floor":6},{"not_picked":["Combust","Pummel"],"picked":"Clothesline","floor":8},{"not_picked":["Warcry","Clash"],"picked":"Pommel Strike","floor":10},{"not_picked":["Searing Blow","Wild Strike"],"picked":"Carnage","floor":13},{"not_picked":["Dark Embrace","Juggernaut"],"picked":"Demon Form","floor":16},{"not_picked":["Anger","Headbutt","Havoc+1"],"picked":"SKIP","floor":18}],"player_experience":340322,"relics_obtained":[{"floor":6,"key":"Thread and Needle"},{"floor":9,"key":"Torii"},{"floor":10,"key":"Omamori"},{"floor":19,"key":"Nilry\u0027s Codex"}],"event_choices":[{"damage_healed":0,"gold_gain":0,"player_choice":"Success","damage_taken":3,"relics_obtained":["Gremlin Horn"],"max_hp_gain":0,"max_hp_loss":0,"event_name":"Scrap Ooze","floor":3,"gold_loss":0},{"cards_removed":["Strike_R"],"damage_healed":0,"gold_gain":0,"player_choice":"Card Removal","damage_taken":7,"max_hp_gain":0,"max_hp_loss":0,"event_name":"Golden Wing","floor":5,"gold_loss":0},{"damage_healed":0,"gold_gain":0,"player_choice":"Entered Light","damage_taken":18,"max_hp_gain":0,"max_hp_loss":0,"event_name":"Shining Light","floor":14,"gold_loss":0,"cards_upgraded":["Strike_R","Ghostly Armor"]},{"damage_healed":0,"gold_gain":0,"player_choice":"Obtained Book","damage_taken":16,"max_hp_gain":0,"max_hp_loss":0,"event_name":"Cursed Tome","floor":19,"gold_loss":0},{"damage_healed":0,"gold_gain":0,"player_choice":"Joined the Cult","damage_taken":6,"max_hp_gain":0,"max_hp_loss":0,"event_name":"Nest","floor":21,"gold_loss":0,"cards_obtained":["RitualDagger"]},{"cards_removed":["Strike_R"],"damage_healed":0,"gold_gain":0,"player_choice":"Elegance","damage_taken":0,"max_hp_gain":0,"max_hp_loss":0,"event_name":"Back to Basics","floor":22,"gold_loss":0}],"is_beta":false,"boss_relics":[{"not_picked":["Black Star","Coffee Dripper"],"picked":"Sozu"}],"items_purged_floors":[],"is_endless":false,"potions_floor_spawned":[1,8,10,13],"killed_by":"Slavers","ascension_level":0}