{"gold_per_floor":[215,8,8,183,197,197,197,197,276,288,300,316,336,371,371,474,474,492,512,34,34,67,67,67,67,67,67,81,81,100,118,118,118],"floor_reached":33,"playtime":3988,"items_purged":["Strike_B","Strike_B"],"score":247,"play_id":"10043b93-84f5-4792-9d51-f6378e312cb7","local_time":"20190110210216","is_ascension_mode":false,"campfire_choices":[{"data":"Dualcast","floor":6,"key":"SMITH"},{"data":"Strike_B","floor":8,"key":"SMITH"},{"floor":15,"key":"REST"},{"data":"Electrodynamics","floor":23,"key":"SMITH"},{"data":"Zap","floor":27,"key":"SMITH"},{"floor":29,"key":"REST"},{"floor":32,"key":"REST"}],"neow_cost":"NONE","seed_source_timestamp":43738978178100,"circlet_count":0,"master_deck":["Strike_B+1","Defend_B","Defend_B","Defend_B","Defend_B","Zap+1","Dualcast+1","Self Repair","Conserve Battery","Compile Driver","Ball Lightning","Regret","Doubt","Ball Lightning","Coolheaded+1","Capacitor","Go for the Eyes","Buffer","Chill+1","Electrodynamics+1","Steam+1","Hologram+1","Capacitor+1","Double Energy+1","Chill+1"],"relics":["Cracked Core","Toxic Egg 2","Bottled Lightning","Anchor","Nuclear Battery","HandDrill","Juzu Bracelet","Red Mask","The Courier","Ginger"],"potions_floor_usage":[14,16,22,33,33],"damage_taken":[{"damage":5,"enemies":"2 Louse","floor":1,"turns":3},{"damage":3,"enemies":"Small Slimes","floor":5,"turns":2},{"damage":8,"enemies":"Jaw Worm","floor":10,"turns":3},{"damage":14,"enemies":"3 Louse","floor":11,"turns":3},{"damage":21,"enemies":"2 Fungi Beasts","floor":12,"turns":5},{"damage":15,"enemies":"Looter","floor":13,"turns":3},{"damage":23,"enemies":"3 Sentries","floor":14,"turns":7},{"damage":17,"enemies":"Slime Boss","floor":16,"turns":10},{"damage":20,"enemies":"2 Thieves","floor":18,"turns":4},{"damage":13,"enemies":"Spheric Guardian","floor":19,"turns":4},{"damage":18,"enemies":"Masked Bandits","floor":22,"turns":4},{"damage":26,"enemies":"Snecko","floor":28,"turns":7},{"damage":9,"enemies":"3 Cultists","floor":30,"turns":4},{"damage":14,"enemies":"Snake Plant","floor":31,"turns":4},{"damage":66,"enemies":"Collector","floor":33,"turns":7}],"seed_played":"3629812729124308946","potions_obtained":[{"floor":1,"key":"EssenceOfSteel"},{"floor":14,"key":"Explosive Potion"},{"floor":16,"key":"Energy Potion"},{"floor":30,"key":"Dexterity Potion"},{"floor":31,"key":"Weak Potion"}],"is_trial":false,"path_per_floor":["M","$","?","?","M","R","?","R","T","M","M","M","M","E","R","B",null,"M","M","$","?","?","R","?","T","T","R","M","R","M","M","R","B"],"character_chosen":"DEFECT","items_purchased":["Conserve Battery","Compile Driver","Ball Lightning","HandDrill","Juzu Bracelet","Hologram+1"],"campfire_rested":3,"item_purchase_floors":[2,2,2,20,20,20],"current_hp_per_floor":[70,70,70,70,74,74,67,67,67,66,59,45,37,21,43,33,75,62,56,56,56,38,38,38,38,38,38,19,41,39,32,54,0],"gold":118,"neow_bonus":"HUNDRED_GOLD","is_prod":false,"is_daily":false,"chose_seed":false,"campfire_upgraded":4,"win_rate":0,"timestamp":1547125336,"path_taken":["M","$","?","?","M","R","?","R","T","M","?","M","M","E","R","BOSS","M","M","$","?","?","R","?","?","T","R","M","R","M","M","R","BOSS"],"build_version":"2019-01-03v4","purchased_purges":2,"victory":false,"max_hp_per_floor":[75,75,75,75,75,75,75,75,75,75,75,75,75,75,75,75,75,75,75,75,75,75,75,75,75,75,75,75,75,75,75,75,75],"card_choices":[{"not_picked":["Beam Cell","Streamline"],"picked":"Self Repair","floor":1},{"not_picked":["Stack+1","Beam Cell"],"picked":"Ball Lightning","floor":5},{"not_picked":["Multi-Cast+1","Turbo+1"],"picked":"Coolheaded+1","floor":10},{"not_picked":["Chaos+1","Conserve Battery+1"],"picked":"Capacitor","floor":11},{"not_picked":["Ball Lightning","Sweeping Beam"],"picked":"Go for the Eyes","floor":12},{"not_picked":["Gash","Redo+1"],"picked":"Buffer","floor":13},{"not_picked":["Barrage","Aggregate+1"],"picked":"Chill+1","floor":14},{"not_picked":["Echo Form","Amplify+1"],"picked":"Electrodynamics","floor":16},{"not_picked":["Reprogram+1","Stack+1"],"picked":"Steam+1","floor":18},{"not_picked":["Stack+1","Force Field+1","Sweeping Beam"],"picked":"SKIP","floor":19},{"not_picked":["Steam+1","Go for the Eyes+1"],"picked":"Capacitor+1","floor":22},{"not_picked":["Rebound","Redo+1"],"picked":"Double Energy+1","floor":28},{"not_picked":["Hologram+1","Conserve Battery+1"],"picked":"Chill+1","floor":30},{"not_picked":["Steam+1","Leap+1","Gash"],"picked":"SKIP","floor":31}],"player_experience":167568,"relics_obtained":[{"floor":9,"key":"Bottled Lightning"},{"floor":14,"key":"Anchor"},{"floor":22,"key":"Red Mask"},{"floor":25,"key":"The Courier"},{"floor":26,"key":"Ginger"}],"event_choices":[{"damage_healed":0,"gold_gain":0,"player_choice":"Box","damage_taken":0,"relics_obtained":["Toxic Egg 2"],"max_hp_gain":0,"max_hp_loss":0,"event_name":"Big Fish","floor":3,"gold_loss":0,"cards_obtained":["Regret"]},{"damage_healed":0,"gold_gain":175,"player_choice":"AGREE","damage_taken":0,"max_hp_gain":0,"max_hp_loss":0,"event_name":"Liars Game","floor":4,"gold_loss":0,"cards_obtained":["Doubt"]},{"cards_removed":["Strike_B"],"damage_healed":0,"gold_gain":0,"player_choice":"Card Removal","damage_taken":7,"max_hp_gain":0,"max_hp_loss":0,"event_name":"Golden Wing","floor":7,"gold_loss":0},{"damage_healed":0,"gold_gain":0,"player_choice":"Ignored","damage_taken":0,"max_hp_gain":0,"max_hp_loss":0,"event_name":"Ghosts","floor":21,"gold_loss":0},{"damage_healed":0,"gold_gain":0,"player_choice":"Fought Bandits","damage_taken":0,"max_hp_gain":0,"max_hp_loss":0,"event_name":"Masked Bandits","floor":22,"gold_loss":0},{"damage_healed":0,"gold_gain":0,"player_choice":"Ignored","damage_taken":0,"max_hp_gain":0,"max_hp_loss":0,"event_name":"Vampires","floor":24,"gold_loss":0}],"is_beta":false,"boss_relics":[{"not_picked":["Tiny House","Coffee Dripper"],"picked":"Nuclear Battery"}],"items_purged_floors":[2,20],"is_endless":false,"potions_floor_spawned":[1,14,16,30,31],"killed_by":"Collector","ascension_level":0}