{"gold_per_floor":[110,185,215,61,61,96,96,115,115,129,129,155,155,172,172,246,246,262,272,252,265,277,307,307,307],"floor_reached":25,"playtime":2716,"items_purged":["Strike_B"],"score":629,"play_id":"15866004-7277-4734-8da5-c316aafad335","local_time":"20190103005233","is_ascension_mode":true,"campfire_choices":[{"data":"Zap","floor":7.0,"key":"SMITH"},{"data":"Defragment","floor":13.0,"key":"SMITH"},{"data":"Loop","floor":15.0,"key":"SMITH"},{"floor":24.0,"key":"REST"}],"neow_cost":"NONE","seed_source_timestamp":0,"circlet_count":0,"master_deck":["AscendersBane","Defend_B","Defend_B","Defend_B","Zap+1","Dualcast","Gash","Defragment+1","Coolheaded","Chill","Loop+1","Hologram","FTL","Electrodynamics","Gash+1","Stack+1","Redo+1","Hologram","Reinforced Body","Coolheaded"],"special_seed":0,"relics":["Cracked Core","NeowsBlessing","Tiny Chest","Bronze Scales","Symbiotic Virus","Omamori","Bottled Tornado","Astrolabe","Ornamental Fan"],"potions_floor_usage":[25],"damage_taken":[{"damage":0.0,"enemies":"Cultist","floor":1.0,"turns":1.0},{"damage":0.0,"enemies":"3 Sentries","floor":6.0,"turns":1.0},{"damage":0.0,"enemies":"Jaw Worm","floor":8.0,"turns":1.0},{"damage":0.0,"enemies":"2 Louse","floor":10.0,"turns":2.0},{"damage":0.0,"enemies":"Lagavulin","floor":12.0,"turns":7.0},{"damage":4.0,"enemies":"Exordium Thugs","floor":14.0,"turns":5.0},{"damage":0.0,"enemies":"Slime Boss","floor":16.0,"turns":4.0},{"damage":6.0,"enemies":"2 Thieves","floor":18.0,"turns":3.0},{"damage":0.0,"enemies":"Chosen","floor":19.0,"turns":5.0},{"damage":11.0,"enemies":"Centurion and Healer","floor":21.0,"turns":4.0},{"damage":0.0,"enemies":"Snecko","floor":22.0,"turns":4.0},{"damage":57.0,"enemies":"Gremlin Leader","floor":23.0,"turns":6.0},{"damage":35,"enemies":"Book of Stabbing","floor":25,"turns":5}],"seed_played":"-5534026315742957416","potions_obtained":[{"floor":8.0,"key":"Weak Potion"},{"floor":10.0,"key":"GamblersBrew"},{"floor":12.0,"key":"Weak Potion"},{"floor":14.0,"key":"GamblersBrew"},{"floor":19.0,"key":"Regen Potion"},{"floor":20.0,"key":"Dexterity Potion"},{"floor":21.0,"key":"Ancient Potion"},{"floor":22.0,"key":"Regen Potion"}],"is_trial":false,"path_per_floor":["M","?","?","$","?","E","R","M","T","M","T","E","R","M","R","B",null,"M","M","?","M","M","M","E","R","E"],"character_chosen":"DEFECT","items_purchased":["Defragment"],"campfire_rested":1,"item_purchase_floors":[4],"current_hp_per_floor":[64,53,42,42,42,42,42,42,42,42,42,42,42,38,38,38,63,57,57,57,51,51,9,30,0],"gold":307,"neow_bonus":"THREE_ENEMY_KILL","is_prod":false,"is_daily":false,"chose_seed":false,"campfire_upgraded":3,"win_rate":0,"timestamp":1546494753,"path_taken":["M","?","?","$","?","E","R","M","T","?","?","E","R","?","R","BOSS","M","M","?","?","M","E","R","E"],"build_version":"2018-12-20","purchased_purges":1,"victory":false,"max_hp_per_floor":[71,71,71,71,71,71,71,71,71,71,71,71,71,71,71,71,71,71,71,71,71,71,71,71,71],"card_choices":[{"not_picked":["Cold Snap","Hologram"],"picked":"Gash","floor":1.0},{"not_picked":["White Noise","Undo"],"picked":"Coolheaded","floor":6.0},{"not_picked":["Force Field","Go for the Eyes"],"picked":"Chill","floor":8.0},{"not_picked":["Steam","Streamline"],"picked":"Loop","floor":10.0},{"not_picked":["Melter","Reprogram"],"picked":"Hologram","floor":12.0},{"not_picked":["Reinforced Body","Force Field"],"picked":"FTL","floor":14.0},{"not_picked":["Reboot","Hyperbeam"],"picked":"Electrodynamics","floor":16.0},{"not_picked":["Darkness+1","Stack"],"picked":"Hologram","floor":18.0},{"not_picked":["Steam Power","Go for the Eyes","Melter"],"picked":"SKIP","floor":19.0},{"not_picked":["Cold Snap","Double Energy"],"picked":"Reinforced Body","floor":21.0},{"not_picked":["Turbo+1","Lockon"],"picked":"Coolheaded","floor":22.0},{"not_picked":["Lockon","Redo","Consume"],"picked":"SKIP","floor":23.0},{"not_picked":["Lockon","Redo","Consume"],"picked":"SKIP","floor":23.0}],"player_experience":908443,"relics_obtained":[{"floor":6.0,"key":"Bronze Scales"},{"floor":9.0,"key":"Symbiotic Virus"},{"floor":11.0,"key":"Omamori"},{"floor":12.0,"key":"Bottled Tornado"},{"floor":23.0,"key":"Ornamental Fan"}],"event_choices":[{"damage_healed":0.0,"max_hp_gain":0.0,"max_hp_loss":0.0,"gold_gain":75.0,"event_name":"World of Goop","player_choice":"Gather Gold","floor":2.0,"gold_loss":0.0,"damage_taken":11.0},{"damage_healed":0.0,"max_hp_gain":0.0,"max_hp_loss":0.0,"gold_gain":0.0,"event_name":"Scrap Ooze","player_choice":"Success","floor":3.0,"gold_loss":0.0,"damage_taken":11.0,"relics_obtained":["Tiny Chest"]},{"cards_removed":["Strike_B"],"damage_healed":0.0,"max_hp_gain":0.0,"max_hp_loss":0.0,"gold_gain":0.0,"event_name":"Bonfire Elementals","player_choice":"Offered Basic","floor":5.0,"gold_loss":0.0,"damage_taken":0.0},{"damage_healed":0.0,"max_hp_gain":0.0,"max_hp_loss":0.0,"gold_gain":0.0,"event_name":"The Woman in Blue","player_choice":"Bought 1 Potion","floor":20.0,"gold_loss":0.0,"damage_taken":0.0}],"is_beta":false,"boss_relics":[{"not_picked":["Busted Crown","Runic Dome"],"picked":"Astrolabe"}],"items_purged_floors":[4],"is_endless":false,"potions_floor_spawned":[8,10,12,14,19,21,22],"killed_by":"Book of Stabbing","ascension_level":18}