{"gold_per_floor":[116,116,71,85,49,49,83,83,109,109,122,122,153,171,171,245,245,245,195,195,195,195,195,195,195,195,195,120,120,120,120,120,120,120,120,0,0,0,0,0,0,0,0,0,0,0,0,0,0,0],"floor_reached":51,"playtime":4181,"items_purged":[],"score":1348,"play_id":"8404afe8-724f-4304-bd2b-ca4376308d53","local_time":"20181211121018","is_ascension_mode":true,"campfire_choices":[{"data":"Zap","floor":6.0,"key":"SMITH"},{"data":"Loop","floor":8.0,"key":"SMITH"},{"data":"Hologram","floor":10.0,"key":"SMITH"},{"data":"Consume","floor":12.0,"key":"SMITH"},{"floor":15.0,"key":"REST"},{"data":"Chill","floor":23,"key":"SMITH"},{"data":"Capacitor","floor":25,"key":"SMITH"},{"data":"Coolheaded","floor":32,"key":"SMITH"},{"data":"Machine Learning","floor":41,"key":"SMITH"},{"floor":47,"key":"REST"},{"data":"White Noise","floor":49,"key":"SMITH"}],"neow_cost":"NONE","seed_source_timestamp":0,"circlet_count":0,"master_deck":["AscendersBane","Strike_B+1","Strike_B+1","Strike_B+1","Defend_B+1","Defend_B","Defend_B","Defend_B","Zap+1","Dualcast","Capacitor+1","Leap+1","Hologram+1","Loop+1","Barrage","Consume+1","Chill+1","Machine Learning+1","Ghostly","Ghostly","Ghostly","Ghostly","Ghostly","Coolheaded+1","Coolheaded+1","Biased Cognition","White Noise+1","Coolheaded","Streamline","Electrodynamics","Ball Lightning","Static Discharge"],"special_seed":0,"relics":["Cracked Core","NeowsBlessing","Ice Cream","Whetstone","Singing Bowl","Ectoplasm","Regal Pillow","Nunchaku","Orrery","Red Mask","War Paint","Pear","Blue Candle"],"potions_floor_usage":[24,33,46,50],"damage_taken":[{"damage":0.0,"enemies":"Jaw Worm","floor":1.0,"turns":1.0},{"damage":0.0,"enemies":"2 Louse","floor":4.0,"turns":1.0},{"damage":0.0,"enemies":"Gremlin Nob","floor":7.0,"turns":1.0},{"damage":0.0,"enemies":"Cultist","floor":11.0,"turns":3.0},{"damage":23.0,"enemies":"3 Sentries","floor":13.0,"turns":5.0},{"damage":8.0,"enemies":"Blue Slaver","floor":14.0,"turns":4.0},{"damage":10.0,"enemies":"Hexaghost","floor":16.0,"turns":9.0},{"damage":1.0,"enemies":"3 Byrds","floor":18.0,"turns":3.0},{"damage":8.0,"enemies":"Chosen","floor":20.0,"turns":5.0},{"damage":1.0,"enemies":"Centurion and Healer","floor":21.0,"turns":9.0},{"damage":0,"enemies":"Gremlin Leader","floor":24,"turns":10},{"damage":3,"enemies":"Snake Plant","floor":27,"turns":6},{"damage":9,"enemies":"Book of Stabbing","floor":29,"turns":6},{"damage":0,"enemies":"Snecko","floor":30,"turns":6},{"damage":0,"enemies":"Collector","floor":33,"turns":16},{"damage":0,"enemies":"Orb Walker","floor":35,"turns":7},{"damage":0,"enemies":"3 Shapes","floor":38,"turns":6},{"damage":9,"enemies":"Reptomancer","floor":40,"turns":9},{"damage":0,"enemies":"Jaw Worm Horde","floor":42,"turns":5},{"damage":0,"enemies":"4 Shapes","floor":45,"turns":4},{"damage":36,"enemies":"Giant Head","floor":46,"turns":10},{"damage":0,"enemies":"Maw","floor":48,"turns":8},{"damage":14,"enemies":"Donu and Deca","floor":50,"turns":8}],"seed_played":"-3680535561361679178","potions_obtained":[{"floor":7.0,"key":"Energy Potion"},{"floor":11.0,"key":"PowerPotion"},{"floor":16.0,"key":"Strength Potion"},{"floor":20.0,"key":"SmokeBomb"},{"floor":21.0,"key":"FocusPotion"},{"floor":29,"key":"FocusPotion"},{"floor":38,"key":"Strength Potion"},{"floor":40,"key":"Weak Potion"}],"is_trial":false,"path_per_floor":["M","?","$","M","$","R","E","R","T","R","M","R","E","M","R","B",null,"M","?","M","M","?","R","E","R","T","M","?","E","M","$","R","B",null,"M","?","?","M","$","E","R","M","T","$","M","E","R","M","R","B",null],"character_chosen":"DEFECT","items_purchased":["Leap","Loop"],"campfire_rested":2,"item_purchase_floors":[3,5],"current_hp_per_floor":[64,50,50,50,50,50,50,50,50,50,50,50,29,21,42,32,63,64,64,58,59,39,39,39,39,39,36,36,29,29,29,29,29,42,42,42,44,46,46,39,39,41,51,51,51,17,51,51,51,37],"gold":0,"neow_bonus":"THREE_ENEMY_KILL","is_prod":false,"is_daily":false,"chose_seed":false,"campfire_upgraded":9,"win_rate":0,"timestamp":1544548218,"path_taken":["M","?","$","M","$","R","E","R","T","R","M","R","E","M","R","BOSS","M","?","M","?","?","R","E","R","T","M","?","E","M","$","R","BOSS","M","?","?","M","$","E","R","M","T","$","M","E","R","M","R","BOSS"],"build_version":"2018-12-06","purchased_purges":0,"victory":true,"max_hp_per_floor":[71,71,71,71,71,71,71,71,71,71,71,71,73,73,73,73,73,75,75,77,79,39,39,39,39,39,39,39,41,41,41,41,41,45,45,45,47,49,49,51,51,53,63,63,63,65,65,65,65,65],"card_choices":[{"not_picked":["Beam Cell","Sunder"],"picked":"Capacitor","floor":1.0},{"not_picked":["Steam","Streamline"],"picked":"Hologram","floor":4.0},{"not_picked":["Leap","Streamline"],"picked":"Barrage","floor":7.0},{"not_picked":["Steam","Rebound"],"picked":"Consume","floor":11.0},{"not_picked":["Genetic Algorithm","Hologram","Core Surge"],"picked":"Singing Bowl","floor":13.0},{"not_picked":["Go for the Eyes","Barrage"],"picked":"Chill","floor":14.0},{"not_picked":["All For One","Meteor Strike"],"picked":"Machine Learning","floor":16.0},{"not_picked":["FTL","Turbo","Doom and Gloom"],"picked":"Singing Bowl","floor":18.0},{"not_picked":["Compile Driver","Skim+1","Reprogram"],"picked":"Singing Bowl","floor":20.0},{"not_picked":["Skim","Sweeping Beam","Beam Cell"],"picked":"Singing Bowl","floor":21.0},{"not_picked":["Gash","Conserve Battery"],"picked":"Coolheaded","floor":27},{"not_picked":["BootSequence","Beam Cell","Fusion"],"picked":"Singing Bowl","floor":29},{"not_picked":["Compile Driver","Lockon"],"picked":"Coolheaded","floor":30},{"not_picked":["Hyperbeam","Multi-Cast"],"picked":"Biased Cognition","floor":33},{"not_picked":["Scrape","Hologram"],"picked":"White Noise","floor":34},{"not_picked":["Barrage","Steam","Leap+1"],"picked":"Singing Bowl","floor":34},{"not_picked":["Steam","Leap","Go for the Eyes"],"picked":"Singing Bowl","floor":34},{"not_picked":["Beam Cell","Rebound"],"picked":"Coolheaded","floor":34},{"not_picked":["Compile Driver","Beam Cell"],"picked":"Streamline","floor":34},{"not_picked":["Rebound","Ball Lightning"],"picked":"Electrodynamics","floor":35},{"not_picked":["Enlightenment","Impatience","PanicButton"],"picked":"Singing Bowl","floor":37},{"not_picked":["Turbo","Undo+1","Consume+1"],"picked":"Singing Bowl","floor":38},{"not_picked":["Chill+1","Cold Snap+1","Leap+1"],"picked":"Singing Bowl","floor":40},{"not_picked":["Steam","Barrage","Sweeping Beam"],"picked":"Singing Bowl","floor":42},{"not_picked":["Blizzard","Meteor Strike"],"picked":"Ball Lightning","floor":45},{"not_picked":["Turbo","Hyperbeam","Hello World"],"picked":"Singing Bowl","floor":46},{"not_picked":["Leap+1","Ball Lightning+1"],"picked":"Static Discharge","floor":48}],"player_experience":749098,"relics_obtained":[{"floor":7.0,"key":"Ice Cream"},{"floor":9.0,"key":"Whetstone"},{"floor":13.0,"key":"Singing Bowl"},{"floor":26,"key":"Regal Pillow"},{"floor":29,"key":"Nunchaku"},{"floor":40,"key":"War Paint"},{"floor":43,"key":"Pear"},{"floor":46,"key":"Blue Candle"}],"event_choices":[{"damage_healed":0.0,"max_hp_gain":0.0,"max_hp_loss":0.0,"gold_gain":0.0,"event_name":"Shining Light","player_choice":"Entered Light","floor":2.0,"gold_loss":0.0,"damage_taken":14.0,"cards_upgraded":["Defend_B","Strike_B"]},{"damage_healed":0.0,"max_hp_gain":0.0,"max_hp_loss":0.0,"gold_gain":100.0,"event_name":"The Joust","player_choice":"Bet on Murderer","floor":19.0,"gold_loss":50.0,"damage_taken":0.0},{"damage_healed":0,"gold_gain":0,"player_choice":"Became a Ghost","damage_taken":0,"max_hp_gain":0,"max_hp_loss":40,"event_name":"Ghosts","floor":22,"gold_loss":0,"cards_obtained":["Ghostly","Ghostly","Ghostly","Ghostly","Ghostly"]},{"cards_removed":["Strike_B"],"damage_healed":0,"gold_gain":0,"player_choice":"Gave Gold","damage_taken":0,"max_hp_gain":0,"max_hp_loss":0,"event_name":"Beggar","floor":28,"gold_loss":75},{"damage_healed":0,"gold_gain":0,"player_choice":"Paid","damage_taken":0,"relics_obtained":["Red Mask"],"max_hp_gain":0,"max_hp_loss":0,"event_name":"Tomb of Lord Red Mask","floor":36,"gold_loss":120},{"damage_healed":0,"gold_gain":0,"player_choice":"Memory 1","damage_taken":0,"max_hp_gain":0,"max_hp_loss":0,"event_name":"SensoryStone","floor":37,"gold_loss":0}],"is_beta":false,"boss_relics":[{"not_picked":["Busted Crown","Philosopher\u0027s Stone"],"picked":"Ectoplasm"},{"not_picked":["Coffee Dripper","Tiny House"],"picked":"Orrery"}],"items_purged_floors":[],"is_endless":false,"potions_floor_spawned":[7,11,16,20,21,29,30,38,40,45],"ascension_level":14}