{"gold_per_floor":[110,60,60,76,1,1,1,20,20,20,40,75,87,102,102,204,204,223,209,484,484],"floor_reached":21,"playtime":755,"items_purged":["Strike_R"],"score":181,"play_id":"07702975-7f7f-4130-812c-b05f070767de","local_time":"20190204192235","is_ascension_mode":false,"campfire_choices":[{"data":"Bash","floor":6,"key":"SMITH"},{"data":"Spot Weakness","floor":10,"key":"SMITH"},{"data":"Shockwave","floor":15,"key":"SMITH"}],"neow_cost":"TEN_PERCENT_HP_LOSS","seed_source_timestamp":28325687379400,"circlet_count":0,"master_deck":["Strike_R","Strike_R","Strike_R","Defend_R","Defend_R","Defend_R","Defend_R","Bash+1","Spot Weakness+1","Immolate","Twin Strike","Iron Wave","Clothesline","Battle Trance","Shrug It Off","Shockwave+1","Demon Form+1","Body Slam+1","Regret"],"relics":["Burning Blood","Champion Belt","Frozen Egg 2","Ancient Tea Set","Runic Cube"],"potions_floor_usage":[13,16,16,19],"damage_taken":[{"damage":0,"enemies":"Small Slimes","floor":1,"turns":4},{"damage":0,"enemies":"2 Louse","floor":4,"turns":1},{"damage":1,"enemies":"Cultist","floor":8,"turns":3},{"damage":9,"enemies":"Red Slaver","floor":11,"turns":2},{"damage":18,"enemies":"3 Sentries","floor":12,"turns":3},{"damage":4,"enemies":"Blue Slaver","floor":13,"turns":3},{"damage":18,"enemies":"Gremlin Gang","floor":14,"turns":3},{"damage":11,"enemies":"Slime Boss","floor":16,"turns":8},{"damage":44,"enemies":"Spheric Guardian","floor":18,"turns":7},{"damage":17,"enemies":"2 Thieves","floor":19,"turns":4},{"damage":24,"enemies":"Centurion and Healer","floor":21,"turns":2}],"seed_played":"4623228842181809677","potions_obtained":[{"floor":4,"key":"GamblersBrew"},{"floor":12,"key":"Block Potion"},{"floor":14,"key":"Explosive Potion"},{"floor":16,"key":"FearPotion"}],"is_trial":false,"path_per_floor":["M","?","?","M","$","R","$","M","T","R","M","E","M","M","R","B",null,"M","M","?","M"],"character_chosen":"IRONCLAD","items_purchased":[],"campfire_rested":0,"item_purchase_floors":[],"current_hp_per_floor":[72,72,72,72,72,72,72,72,72,72,69,57,59,47,47,42,72,34,23,23,0],"gold":484,"neow_bonus":"ONE_RARE_RELIC","is_prod":false,"is_daily":false,"chose_seed":false,"campfire_upgraded":3,"win_rate":0,"timestamp":1549279355,"path_taken":["M","?","?","?","$","R","?","M","T","R","M","E","M","M","R","BOSS","M","M","?","M"],"build_version":"2019-01-23","purchased_purges":1,"victory":false,"max_hp_per_floor":[72,72,72,72,72,72,72,72,72,72,72,72,72,72,72,72,72,72,72,72,72],"card_choices":[{"not_picked":["Clothesline","Thunderclap"],"picked":"Spot Weakness","floor":1},{"not_picked":["Clash","Perfected Strike"],"picked":"Iron Wave","floor":4},{"not_picked":["Clash","Sentinel"],"picked":"Clothesline","floor":8},{"not_picked":["Clash","Anger"],"picked":"Battle Trance","floor":11},{"not_picked":["Seeing Red","Clothesline"],"picked":"Shrug It Off","floor":12},{"not_picked":["Anger","Thunderclap"],"picked":"Shockwave","floor":13},{"not_picked":["Hemokinesis","Anger","Power Through"],"picked":"SKIP","floor":14},{"not_picked":["Bludgeon","Immolate"],"picked":"Demon Form+1","floor":16},{"not_picked":["Havoc","Cleave+1","Armaments"],"picked":"SKIP","floor":18},{"not_picked":["Armaments+1","Rampage+1"],"picked":"Body Slam+1","floor":19}],"player_experience":339561,"relics_obtained":[{"floor":9,"key":"Frozen Egg 2"},{"floor":12,"key":"Ancient Tea Set"}],"event_choices":[{"cards_removed":["Strike_R"],"damage_healed":0,"gold_gain":0,"player_choice":"Card Removal","damage_taken":0,"max_hp_gain":0,"max_hp_loss":0,"event_name":"The Cleric","floor":2,"gold_loss":50},{"damage_healed":0,"gold_gain":0,"player_choice":"2 cards matched","damage_taken":0,"max_hp_gain":0,"max_hp_loss":0,"event_name":"Match and Keep!","floor":3,"gold_loss":0,"cards_obtained":["Immolate","Twin Strike"]},{"damage_healed":0,"gold_gain":275,"player_choice":"Desecrate","damage_taken":0,"max_hp_gain":0,"max_hp_loss":0,"event_name":"Golden Shrine","floor":20,"gold_loss":0,"cards_obtained":["Regret"]}],"is_beta":false,"boss_relics":[{"not_picked":["Tiny House","Lizard Tail"],"picked":"Runic Cube"}],"items_purged_floors":[5],"is_endless":false,"potions_floor_spawned":[4,12,14,16],"killed_by":"Centurion and Healer","ascension_level":0}