{"gold_per_floor":[114,74,24,41,51,82,82,102,129,139,139,171,171,184,184,285,285,300,300,317,317,317,348,56,85,137,137,317,335,335,355,355,450,500,510,510,185,199,199,226,239,267,267,293,293,326,155,209,209,209,209,209,0,27,27],"floor_reached":56,"playtime":3345,"items_purged":["Strike_G","Defend_G"],"score":1386,"play_id":"fa8adea6-b9a5-4169-bf29-8b38385a3b4e","local_time":"20190117001705","is_ascension_mode":false,"campfire_choices":[{"data":"Crippling Poison","floor":7,"key":"SMITH"},{"data":"Bouncing Flask","floor":11,"key":"SMITH"},{"data":"Footwork","floor":15,"key":"SMITH"},{"data":"Burst","floor":27,"key":"SMITH"},{"floor":30,"key":"REST"},{"data":"Deadly Poison","floor":32,"key":"SMITH"},{"data":"Caltrops","floor":45,"key":"SMITH"},{"floor":49,"key":"RECALL"},{"data":"Acrobatics","floor":52,"key":"SMITH"}],"neow_cost":"NONE","seed_source_timestamp":256971986253767,"circlet_count":0,"master_deck":["Defend_G","Defend_G","Defend_G","Defend_G+1","Survivor","Neutralize+1","Footwork+1","Dagger Spray","Bouncing Flask+1","Caltrops+1","Crippling Poison+1","Acrobatics+1","Deflect","Deflect+1","Deadly Poison+1","Burst+1","Calculated Gamble+1","Tools of the Trade+1","Distraction","Envenom","Flechettes+1","Poisoned Stab+1","Riddle With Holes+1","Footwork","Malaise"],"relics":["Ring of the Snake","Regal Pillow","Omamori","Snake Skull","Busted Crown","MawBank","The Specimen","Letter Opener","Centennial Puzzle","Tiny House","Question Card","Paper Crane","Lantern","Blood Vial","Ancient Tea Set","Tough Bandages","Frozen Eye","Gambling Chip"],"potions_floor_usage":[6,12,16,25,25,25,33,40,41,41,46,48,50],"damage_taken":[{"damage":0,"enemies":"2 Louse","floor":1,"turns":2},{"damage":0,"enemies":"Cultist","floor":4,"turns":4},{"damage":0,"enemies":"Jaw Worm","floor":5,"turns":3},{"damage":10,"enemies":"Gremlin Nob","floor":6,"turns":4},{"damage":4,"enemies":"Looter","floor":8,"turns":4},{"damage":0,"enemies":"2 Fungi Beasts","floor":10,"turns":3},{"damage":6,"enemies":"Lagavulin","floor":12,"turns":8},{"damage":0,"enemies":"Blue Slaver","floor":14,"turns":3},{"damage":0,"enemies":"The Guardian","floor":16,"turns":9},{"damage":1,"enemies":"Chosen","floor":18,"turns":4},{"damage":0,"enemies":"3 Byrds","floor":20,"turns":3},{"damage":4,"enemies":"Book of Stabbing","floor":23,"turns":4},{"damage":15,"enemies":"Slavers","floor":25,"turns":4},{"damage":0,"enemies":"Snake Plant","floor":29,"turns":4},{"damage":0,"enemies":"Shelled Parasite and Fungi","floor":31,"turns":3},{"damage":10,"enemies":"Automaton","floor":33,"turns":9},{"damage":0,"enemies":"3 Shapes","floor":35,"turns":3},{"damage":4,"enemies":"Orb Walker","floor":38,"turns":3},{"damage":13,"enemies":"Reptomancer","floor":40,"turns":4},{"damage":5,"enemies":"4 Shapes","floor":41,"turns":2},{"damage":0,"enemies":"Nemesis","floor":42,"turns":6},{"damage":3,"enemies":"Giant Head","floor":44,"turns":8},{"damage":1,"enemies":"Nemesis","floor":46,"turns":5},{"damage":13,"enemies":"2 Orb Walkers","floor":48,"turns":4},{"damage":10,"enemies":"Awakened One","floor":50,"turns":14},{"damage":15,"enemies":"Shield and Spear","floor":54,"turns":7},{"damage":44,"enemies":"The Heart","floor":55,"turns":13}],"seed_played":"6115915400543441388","potions_obtained":[{"floor":1,"key":"Ancient Potion"},{"floor":2,"key":"PowerPotion"},{"floor":2,"key":"Fire Potion"},{"floor":8,"key":"FearPotion"},{"floor":20,"key":"SkillPotion"},{"floor":23,"key":"Poison Potion"},{"floor":29,"key":"GhostInAJar"},{"floor":34,"key":"PowerPotion"},{"floor":35,"key":"AttackPotion"},{"floor":39,"key":"Dexterity Potion"},{"floor":40,"key":"Explosive Potion"},{"floor":42,"key":"Dexterity Potion"},{"floor":44,"key":"SpeedPotion"}],"is_trial":false,"path_per_floor":["M","?","$","M","M","E","R","M","T","M","R","E","?","M","R","B",null,"M","?","M","?","?","E","$","E","T","R","?","M","R","M","R","B",null,"M","?","$","M","?","E","M","E","T","E","R","E","$","?","R","B",null,"R","$","E","B",null],"character_chosen":"THE_SILENT","items_purchased":["Dagger Spray","The Specimen","Question Card","Footwork","Frozen Eye"],"campfire_rested":1,"item_purchase_floors":[3,24,37,47,53],"current_hp_per_floor":[70,70,70,70,70,60,60,56,56,56,56,50,36,36,36,36,70,69,69,69,69,69,65,65,50,50,50,22,22,58,58,58,48,75,75,75,75,71,71,58,53,53,53,50,50,51,51,40,40,32,75,75,75,60,18],"gold":27,"neow_bonus":"UPGRADE_CARD","is_prod":false,"is_daily":false,"chose_seed":false,"campfire_upgraded":7,"win_rate":0,"timestamp":1547684225,"path_taken":["M","?","$","M","?","E","R","M","T","M","R","E","?","M","R","BOSS","M","?","M","?","?","E","?","E","T","R","?","?","R","M","R","BOSS","M","?","$","M","?","E","?","E","T","E","R","E","$","?","R","BOSS","R","$","E","BOSS"],"build_version":"2019-01-14v2","purchased_purges":2,"victory":true,"max_hp_per_floor":[70,70,70,70,70,70,70,70,70,70,70,70,70,70,70,70,70,70,70,70,70,70,70,70,70,70,70,70,70,70,70,70,70,75,75,75,75,75,75,75,75,75,75,75,75,75,75,75,75,75,75,75,75,75,75],"card_choices":[{"not_picked":["Caltrops","Poisoned Stab"],"picked":"Footwork","floor":1},{"not_picked":["Finisher","Sucker Punch"],"picked":"Bouncing Flask","floor":4},{"not_picked":["Concentrate","Dagger Spray"],"picked":"Caltrops","floor":5},{"not_picked":["Dagger Spray","Blade Dance"],"picked":"Crippling Poison","floor":6},{"not_picked":["Dagger Spray","Blade Dance"],"picked":"Acrobatics","floor":8},{"not_picked":["Calculated Gamble","Bane"],"picked":"Deflect","floor":10},{"not_picked":["Outmaneuver","Predator","Deflect"],"picked":"SKIP","floor":12},{"not_picked":["Outmaneuver","Predator"],"picked":"Deflect","floor":12},{"not_picked":["Masterful Stab","Expertise"],"picked":"Deadly Poison","floor":14},{"not_picked":["A Thousand Cuts","Die Die Die"],"picked":"Burst","floor":16},{"not_picked":[],"picked":"Calculated Gamble+1","floor":18},{"not_picked":["Backstab"],"picked":"SKIP","floor":20},{"not_picked":["Sucker Punch+1"],"picked":"SKIP","floor":23},{"not_picked":["Terror+1"],"picked":"SKIP","floor":25},{"not_picked":["Eviscerate"],"picked":"SKIP","floor":29},{"not_picked":["Finisher+1"],"picked":"SKIP","floor":31},{"not_picked":[],"picked":"Envenom","floor":33},{"not_picked":["Sucker Punch"],"picked":"SKIP","floor":35},{"not_picked":["Crippling Poison","Dagger Throw"],"picked":"SKIP","floor":38},{"not_picked":["Reflex","Outmaneuver+1"],"picked":"SKIP","floor":40},{"not_picked":["Deflect"],"picked":"Flechettes+1","floor":41},{"not_picked":["Dagger Throw"],"picked":"Poisoned Stab+1","floor":42},{"not_picked":["Die Die Die"],"picked":"Riddle With Holes+1","floor":44},{"not_picked":["Backstab+1","Bane+1"],"picked":"SKIP","floor":46},{"not_picked":["Riddle With Holes"],"picked":"Malaise","floor":54}],"player_experience":765822,"relics_obtained":[{"floor":6,"key":"Regal Pillow"},{"floor":9,"key":"Omamori"},{"floor":12,"key":"Snake Skull"},{"floor":23,"key":"MawBank"},{"floor":25,"key":"Letter Opener"},{"floor":26,"key":"Centennial Puzzle"},{"floor":40,"key":"Paper Crane"},{"floor":42,"key":"Lantern"},{"floor":44,"key":"Blood Vial"},{"floor":46,"key":"Ancient Tea Set"},{"floor":48,"key":"Tough Bandages"},{"floor":54,"key":"Gambling Chip"}],"event_choices":[{"damage_healed":0,"gold_gain":0,"player_choice":"Bought 3 Potions","damage_taken":0,"max_hp_gain":0,"max_hp_loss":0,"event_name":"The Woman in Blue","floor":2,"gold_loss":0},{"damage_healed":0,"gold_gain":0,"player_choice":"Entered Light","damage_taken":14,"max_hp_gain":0,"max_hp_loss":0,"event_name":"Shining Light","floor":13,"gold_loss":0,"cards_upgraded":["Deflect","Defend_G"]},{"damage_healed":0,"gold_gain":0,"cards_transformed":["Strike_G","Strike_G"],"player_choice":"Became Test Subject","damage_taken":0,"max_hp_gain":0,"max_hp_loss":0,"event_name":"Drug Dealer","floor":19,"gold_loss":0,"cards_obtained":["Tools of the Trade","Distraction"]},{"damage_healed":0,"gold_gain":0,"player_choice":"Ignored","damage_taken":0,"max_hp_gain":0,"max_hp_loss":0,"event_name":"Ghosts","floor":21,"gold_loss":0},{"cards_removed":["Strike_G"],"damage_healed":0,"gold_gain":0,"player_choice":"Elegance","damage_taken":0,"max_hp_gain":0,"max_hp_loss":0,"event_name":"Back to Basics","floor":22,"gold_loss":0},{"damage_healed":0,"gold_gain":180,"player_choice":"GOLD POTION GOLD ","damage_taken":28,"max_hp_gain":0,"max_hp_loss":0,"event_name":"Knowing Skull","floor":28,"potions_obtained":["Swift Potion"],"gold_loss":0,"cards_obtained":[]},{"cards_removed":["Strike_G"],"damage_healed":0,"gold_gain":0,"player_choice":"Removed Attack","damage_taken":0,"max_hp_gain":0,"max_hp_loss":0,"event_name":"Falling","floor":36,"gold_loss":0},{"damage_healed":0,"gold_gain":0,"player_choice":"Got Potions","damage_taken":0,"max_hp_gain":0,"max_hp_loss":0,"event_name":"Lab","floor":39,"gold_loss":0},{"damage_healed":0,"gold_gain":0,"player_choice":"Fight","damage_taken":0,"max_hp_gain":0,"max_hp_loss":0,"event_name":"Mysterious Sphere","floor":48,"gold_loss":0}],"is_beta":true,"boss_relics":[{"not_picked":["Black Star","Velvet Choker"],"picked":"Busted Crown"},{"not_picked":["WristBlade","Lizard Tail"],"picked":"Tiny House"}],"items_purged_floors":[37,47],"is_endless":false,"potions_floor_spawned":[1,8,10,20,23,29,35,40,42,44],"ascension_level":0}