{"gold_per_floor":[115,190,190,160,74,106,106,138,138,158,171,171,188,8,8,106,106,121,121,121,131,149,149,165,165,192,203,203,214,246,87,87,191,191,203,303,320,368,68,68,68,68,148,148,148,148,181,191,191,191],"floor_reached":51,"playtime":11013,"items_purged":["Strike_B","Strike_B"],"score":1016,"play_id":"31ccf2dc-07da-425d-873d-8a8b27030334","local_time":"20181130194001","is_ascension_mode":true,"campfire_choices":[{"data":"Zap","floor":7.0,"key":"SMITH"},{"data":"Hologram","floor":12.0,"key":"SMITH"},{"data":"Sweeping Beam","floor":15.0,"key":"SMITH"},{"data":"Buffer","floor":23.0,"key":"SMITH"},{"data":"Conserve Battery","floor":25.0,"key":"SMITH"},{"data":"Seek","floor":28.0,"key":"SMITH"},{"floor":32.0,"key":"REST"},{"data":"Consume","floor":40.0,"key":"SMITH"},{"data":"Rainbow","floor":42.0,"key":"SMITH"},{"data":"Madness","floor":46.0,"key":"SMITH"},{"floor":49,"key":"REST"}],"neow_cost":"NONE","seed_source_timestamp":0,"circlet_count":0,"master_deck":["Defend_B","Defend_B","Defend_B","Defend_B","Zap+1","Dualcast","Sweeping Beam+1","Self Repair","Hologram+1","Seek+1","Echo Form","Cold Snap","Conserve Battery+1","Compile Driver","Buffer+1","Barrage","Steam+1","Darkness+1","Conserve Battery+1","Rebound","Glacier+1","Static Discharge","Go for the Eyes","Rainbow+1","Consume+1","Darkness+1","Compile Driver","Stack","Madness","Madness+1","White Noise+1","Loop"],"special_seed":0,"relics":["Cracked Core","NeowsBlessing","Question Card","Potion Belt","Gambling Chip","Juzu Bracelet","Inserter","Torii","Bronze Scales","Du-Vu Doll","Philosopher\u0027s Stone","Calipers","StoneCalendar","Lee\u0027s Waffle","Sundial","Bottled Lightning"],"potions_floor_usage":[47,47,50],"damage_taken":[{"damage":0.0,"enemies":"Jaw Worm","floor":1.0,"turns":1.0},{"damage":0.0,"enemies":"3 Sentries","floor":6.0,"turns":1.0},{"damage":0.0,"enemies":"Gremlin Nob","floor":8.0,"turns":1.0},{"damage":3.0,"enemies":"Small Slimes","floor":10.0,"turns":5.0},{"damage":0.0,"enemies":"Cultist","floor":11.0,"turns":3.0},{"damage":2.0,"enemies":"Red Slaver","floor":13.0,"turns":4.0},{"damage":6.0,"enemies":"Slime Boss","floor":16.0,"turns":9.0},{"damage":16.0,"enemies":"3 Byrds","floor":18.0,"turns":4.0},{"damage":10.0,"enemies":"Shell Parasite","floor":21.0,"turns":10.0},{"damage":32.0,"enemies":"3 Cultists","floor":22.0,"turns":6.0},{"damage":0.0,"enemies":"Sentry and Sphere","floor":24.0,"turns":5.0},{"damage":19.0,"enemies":"Cultist and Chosen","floor":27.0,"turns":6.0},{"damage":1.0,"enemies":"Centurion and Healer","floor":29.0,"turns":8.0},{"damage":30.0,"enemies":"Slavers","floor":30.0,"turns":9.0},{"damage":26.0,"enemies":"Champ","floor":33.0,"turns":12.0},{"damage":9.0,"enemies":"3 Shapes","floor":35.0,"turns":6.0},{"damage":1.0,"enemies":"Mind Bloom Boss Battle","floor":36.0,"turns":9.0},{"damage":8.0,"enemies":"3 Darklings","floor":37.0,"turns":5.0},{"damage":79.0,"enemies":"2 Orb Walkers","floor":38.0,"turns":5.0},{"damage":41,"enemies":"Reptomancer","floor":47,"turns":7},{"damage":9,"enemies":"Maw","floor":48,"turns":8},{"damage":40,"enemies":"Awakened One","floor":50,"turns":13}],"seed_played":"4101680988950987536","potions_obtained":[{"floor":1.0,"key":"Dexterity Potion"},{"floor":4.0,"key":"SpeedPotion"},{"floor":4.0,"key":"SkillPotion"},{"floor":16.0,"key":"Regen Potion"},{"floor":18.0,"key":"Fire Potion"},{"floor":21.0,"key":"Energy Potion"},{"floor":27.0,"key":"FearPotion"},{"floor":30.0,"key":"Strength Potion"},{"floor":36.0,"key":"Regen Potion"},{"floor":37.0,"key":"Fire Potion"}],"is_trial":false,"path_per_floor":["M","?","?","?","$","E","R","E","T","M","M","R","M","$","R","B",null,"M","T","?","M","M","R","M","R","T","M","R","M","E","$","R","B",null,"M","?","M","M","?","$","R","?","R","T","?","?","R","E","M","R","B",null],"character_chosen":"DEFECT","items_purchased":["Self Repair","Hologram","Juzu Bracelet","Compile Driver","Static Discharge","Go for the Eyes","Lee\u0027s Waffle"],"campfire_rested":2,"item_purchase_floors":[5,5,14,14,31,31,39],"current_hp_per_floor":[68,57,50,50,50,50,50,57,57,68,75,75,75,75,75,75,75,66,66,50,54,36,36,50,50,50,45,45,58,28,28,50,38,66,64,70,62,17,82,82,82,82,82,72,72,72,31,36,60,27],"gold":191,"neow_bonus":"THREE_ENEMY_KILL","is_prod":false,"is_daily":false,"chose_seed":false,"campfire_upgraded":9,"win_rate":0,"timestamp":1543624801,"path_taken":["M","?","?","?","$","E","R","E","T","?","M","R","M","$","R","BOSS","M","?","?","M","M","R","M","R","T","M","R","M","E","$","R","BOSS","M","?","M","?","$","R","?","R","T","?","?","R","E","M","R","BOSS"],"build_version":"2018-11-15","purchased_purges":2,"victory":true,"max_hp_per_floor":[75,75,75,75,75,75,75,75,75,75,75,75,75,75,75,75,75,75,75,75,75,75,75,75,75,75,75,75,75,75,75,75,75,75,75,75,75,75,82,82,82,82,82,82,82,82,82,82,82,82],"card_choices":[{"not_picked":["Rip and Tear","Steam"],"picked":"Sweeping Beam","floor":1.0},{"not_picked":["Streamline","Undo"],"picked":"Seek","floor":6.0},{"not_picked":["Undo","Turbo","Scrape"],"picked":"Echo Form","floor":8.0},{"not_picked":["Beam Cell","Self Repair","Sweeping Beam"],"picked":"Cold Snap","floor":10.0},{"not_picked":["Rebound","Stack","Go for the Eyes"],"picked":"Conserve Battery","floor":11.0},{"not_picked":["Turbo","Ball Lightning","Hologram","Fusion"],"picked":"SKIP","floor":13.0},{"not_picked":["Creative AI","Thunder Strike","Reboot"],"picked":"Buffer","floor":16.0},{"not_picked":["Darkness","Steam+1","Storm"],"picked":"Barrage","floor":18.0},{"not_picked":["Stack","Melter","Tempest"],"picked":"Steam+1","floor":21.0},{"not_picked":["Streamline","Compile Driver","Melter+1"],"picked":"Darkness+1","floor":22.0},{"not_picked":["Steam Power","Barrage","Beam Cell"],"picked":"Conserve Battery+1","floor":24.0},{"not_picked":["Auto Shields+1","Sweeping Beam","Heatsinks"],"picked":"Barrage+1","floor":27.0},{"not_picked":["Streamline","Barrage","Darkness"],"picked":"Rebound","floor":29.0},{"not_picked":["All For One","Amplify","Doom and Gloom+1"],"picked":"Glacier+1","floor":30.0},{"not_picked":["Amplify","Core Surge","Seek"],"picked":"Rainbow","floor":33.0},{"not_picked":["Compile Driver+1","Sunder+1","Cold Snap+1"],"picked":"Consume","floor":35.0},{"not_picked":["Gash+1","Doom and Gloom","Compile Driver"],"picked":"Darkness+1","floor":36.0},{"not_picked":["Beam Cell+1","Reinforced Body+1","Auto Shields+1"],"picked":"Compile Driver","floor":37.0},{"not_picked":["Self Repair","Cold Snap","Beam Cell"],"picked":"Stack","floor":38.0},{"not_picked":["Leap+1","Cold Snap+1","Consume+1"],"picked":"White Noise+1","floor":47},{"not_picked":["Coolheaded","Sweeping Beam","Streamline+1"],"picked":"Loop","floor":48}],"player_experience":610851,"relics_obtained":[{"floor":6.0,"key":"Question Card"},{"floor":8.0,"key":"Potion Belt"},{"floor":9.0,"key":"Gambling Chip"},{"floor":19.0,"key":"Torii"},{"floor":26.0,"key":"Bronze Scales"},{"floor":30.0,"key":"Du-Vu Doll"},{"floor":36.0,"key":"Calipers"},{"floor":38.0,"key":"StoneCalendar"},{"floor":43.0,"key":"Sundial"},{"floor":47,"key":"Bottled Lightning"}],"event_choices":[{"damage_healed":0.0,"max_hp_gain":0.0,"max_hp_loss":0.0,"gold_gain":75.0,"event_name":"World of Goop","player_choice":"Gather Gold","floor":2.0,"gold_loss":0.0,"damage_taken":11.0},{"cards_removed":["Strike_B"],"damage_healed":0.0,"max_hp_gain":0.0,"max_hp_loss":0.0,"gold_gain":0.0,"event_name":"Golden Wing","player_choice":"Card Removal","floor":3.0,"gold_loss":0.0,"damage_taken":7.0},{"damage_healed":0.0,"max_hp_gain":0.0,"max_hp_loss":0.0,"gold_gain":0.0,"event_name":"The Woman in Blue","player_choice":"Bought 2 Potions","floor":4.0,"gold_loss":0.0,"damage_taken":0.0},{"damage_healed":0.0,"max_hp_gain":0.0,"max_hp_loss":0.0,"gold_gain":0.0,"event_name":"Cursed Tome","player_choice":"Obtained Book","floor":20.0,"gold_loss":0.0,"damage_taken":16.0},{"damage_healed":0.0,"max_hp_gain":0.0,"max_hp_loss":0.0,"gold_gain":0.0,"event_name":"MindBloom","player_choice":"Fight","floor":36.0,"gold_loss":0.0,"damage_taken":0.0},{"damage_healed":0.0,"max_hp_gain":0.0,"max_hp_loss":0.0,"gold_gain":0.0,"event_name":"Mysterious Sphere","player_choice":"Fight","floor":38.0,"gold_loss":0.0,"damage_taken":0.0},{"cards_removed":["Strike_B"],"damage_healed":0.0,"max_hp_gain":0.0,"max_hp_loss":0.0,"gold_gain":0.0,"event_name":"Purifier","player_choice":"Purged","floor":41.0,"gold_loss":0.0,"damage_taken":0.0},{"damage_healed":0.0,"max_hp_gain":0.0,"max_hp_loss":0.0,"gold_gain":0.0,"event_name":"Winding Halls","player_choice":"Embrace Madness","floor":44.0,"gold_loss":0.0,"damage_taken":10.0,"cards_obtained":["Madness","Madness"]},{"cards_removed":["Barrage"],"damage_healed":0.0,"max_hp_gain":0.0,"max_hp_loss":0.0,"gold_gain":0.0,"event_name":"Falling","player_choice":"Removed Attack","floor":45.0,"gold_loss":0.0,"damage_taken":0.0}],"is_beta":false,"boss_relics":[{"not_picked":["Black Star","Snecko Eye"],"picked":"Inserter"},{"not_picked":["Runic Dome","Astrolabe"],"picked":"Philosopher\u0027s Stone"}],"items_purged_floors":[31,39],"is_endless":false,"potions_floor_spawned":[1,16,18,21,27,30,36,37],"ascension_level":8}