{"gold_per_floor":[118,20,32,32,50,50,77,77,77,77,89,89,100,118,118,218,218,231,41,41,60,70,70,70,99,99,118,118,129,143,153,153,153],"floor_reached":33,"playtime":4393,"items_purged":["Strike_G","Strike_G"],"score":271,"play_id":"09f4f257-dc97-4c38-a5b9-a23b5f14b174","local_time":"20190110163412","is_ascension_mode":false,"campfire_choices":[{"data":"Neutralize","floor":6,"key":"SMITH"},{"data":"Blade Dance","floor":8,"key":"SMITH"},{"data":"Deadly Poison","floor":10,"key":"SMITH"},{"data":"Adrenaline","floor":15,"key":"SMITH"},{"data":"Footwork","floor":24,"key":"SMITH"},{"floor":28,"key":"REST"},{"data":"Cloak And Dagger","floor":32,"key":"SMITH"}],"neow_cost":"NONE","seed_source_timestamp":27246211659200,"circlet_count":0,"master_deck":["Defend_G","Defend_G","Defend_G","Defend_G","Defend_G","Strike_G","Strike_G","Survivor","Neutralize+1","Blade Dance+1","Deadly Poison+1","Backstab","Acrobatics","Backflip","Adrenaline+1","Dodge and Roll","Die Die Die","Escape Plan","PiercingWail","Footwork+1","Deadly Poison","Infinite Blades+1","Cloak And Dagger+1","Deflect"],"relics":["Ring of the Snake","Oddly Smooth Stone","Unceasing Top","Nunchaku","Black Star","MutagenicStrength","Mercury Hourglass","Blue Candle","Art of War","Bird Faced Urn"],"potions_floor_usage":[16,16,18,27,31,33],"damage_taken":[{"damage":1,"enemies":"Small Slimes","floor":1,"turns":4},{"damage":0,"enemies":"Jaw Worm","floor":3,"turns":4},{"damage":0,"enemies":"Cultist","floor":5,"turns":3},{"damage":27,"enemies":"3 Sentries","floor":7,"turns":12},{"damage":1,"enemies":"Looter","floor":11,"turns":2},{"damage":0,"enemies":"Large Slime","floor":13,"turns":4},{"damage":3,"enemies":"Red Slaver","floor":14,"turns":2},{"damage":16,"enemies":"The Guardian","floor":16,"turns":13},{"damage":14,"enemies":"2 Thieves","floor":18,"turns":4},{"damage":0,"enemies":"Chosen","floor":21,"turns":4},{"damage":0,"enemies":"Shelled Parasite and Fungi","floor":22,"turns":5},{"damage":24,"enemies":"Slavers","floor":25,"turns":4},{"damage":6,"enemies":"Snecko","floor":27,"turns":4},{"damage":1,"enemies":"Chosen and Byrds","floor":29,"turns":6},{"damage":6,"enemies":"Snake Plant","floor":30,"turns":4},{"damage":0,"enemies":"3 Cultists","floor":31,"turns":4},{"damage":66,"enemies":"Collector","floor":33,"turns":14}],"seed_played":"-559697229646446066","potions_obtained":[{"floor":1,"key":"Strength Potion"},{"floor":11,"key":"EssenceOfSteel"},{"floor":14,"key":"Block Potion"},{"floor":18,"key":"Poison Potion"},{"floor":25,"key":"SkillPotion"},{"floor":30,"key":"SkillPotion"},{"floor":31,"key":"AttackPotion"}],"is_trial":false,"path_per_floor":["M","$","M","?","M","R","E","R","T","R","M","?","M","M","R","B",null,"M","$","?","M","M","?","R","E","T","M","R","M","M","M","R","B"],"character_chosen":"THE_SILENT","items_purchased":["Deadly Poison","PiercingWail","Footwork"],"campfire_rested":1,"item_purchase_floors":[2,19,19],"current_hp_per_floor":[69,69,69,69,69,69,42,42,42,42,41,41,41,38,38,22,70,56,56,56,56,56,56,56,32,32,30,51,54,52,56,56,0],"gold":153,"neow_bonus":"RANDOM_COMMON_RELIC","is_prod":false,"is_daily":false,"chose_seed":false,"campfire_upgraded":6,"win_rate":0,"timestamp":1547109252,"path_taken":["M","$","M","?","M","R","E","R","T","R","M","?","?","M","R","BOSS","M","$","?","M","M","?","R","E","T","M","R","M","M","M","R","BOSS"],"build_version":"2019-01-03v4","purchased_purges":2,"victory":false,"max_hp_per_floor":[70,70,70,70,70,70,70,70,70,70,70,70,70,70,70,70,70,70,70,70,70,70,70,70,70,70,70,70,70,70,70,70,70],"card_choices":[{"not_picked":["Flechettes","Choke"],"picked":"Blade Dance","floor":1},{"not_picked":["Bane","Skewer"],"picked":"Backstab","floor":3},{"not_picked":["PiercingWail","Dagger Spray"],"picked":"Acrobatics","floor":5},{"not_picked":["Prepared","Tactician","Finisher"],"picked":"SKIP","floor":7},{"not_picked":["Blade Dance","Terror"],"picked":"Backflip","floor":11},{"not_picked":["Dagger Spray","Escape Plan"],"picked":"Adrenaline","floor":13},{"not_picked":["Dagger Spray","Poisoned Stab"],"picked":"Dodge and Roll","floor":14},{"not_picked":["Storm of Steel","Corpse Explosion"],"picked":"Die Die Die","floor":16},{"not_picked":["PiercingWail","Deflect"],"picked":"Escape Plan","floor":18},{"not_picked":["PiercingWail","Endless Agony"],"picked":"Deadly Poison","floor":21},{"not_picked":["Deflect","Sucker Punch"],"picked":"Infinite Blades+1","floor":22},{"not_picked":["Acrobatics","Choke","Flying Knee"],"picked":"SKIP","floor":25},{"not_picked":["Wraith Form v2","Dagger Throw","Bouncing Flask"],"picked":"SKIP","floor":27},{"not_picked":["Heel Hook+1","Deflect"],"picked":"Cloak And Dagger","floor":29},{"not_picked":["Escape Plan","Leg Sweep"],"picked":"Deflect","floor":30},{"not_picked":["Bouncing Flask","Outmaneuver","PiercingWail"],"picked":"SKIP","floor":31}],"player_experience":151171,"relics_obtained":[{"floor":7,"key":"Unceasing Top"},{"floor":9,"key":"Nunchaku"},{"floor":25,"key":"Blue Candle"},{"floor":25,"key":"Art of War"},{"floor":26,"key":"Bird Faced Urn"}],"event_choices":[{"damage_healed":0,"gold_gain":0,"player_choice":"Leave","damage_taken":0,"max_hp_gain":0,"max_hp_loss":0,"event_name":"The Cleric","floor":4,"gold_loss":0},{"cards_removed":["Strike_G"],"damage_healed":0,"gold_gain":0,"player_choice":"Offered Basic","damage_taken":0,"max_hp_gain":0,"max_hp_loss":0,"event_name":"Bonfire Elementals","floor":12,"gold_loss":0},{"damage_healed":0,"gold_gain":0,"player_choice":"Inject Mutagens","damage_taken":0,"relics_obtained":["MutagenicStrength"],"max_hp_gain":0,"max_hp_loss":0,"event_name":"Drug Dealer","floor":20,"gold_loss":0},{"damage_healed":0,"gold_gain":0,"player_choice":"Gave Potion","damage_taken":0,"relics_obtained":["Mercury Hourglass"],"max_hp_gain":0,"max_hp_loss":0,"event_name":"WeMeetAgain","floor":23,"gold_loss":0}],"is_beta":false,"boss_relics":[{"not_picked":["White Beast Statue","Eternal Feather"],"picked":"Black Star"}],"items_purged_floors":[2,19],"is_endless":false,"potions_floor_spawned":[1,11,14,18,25,30,31],"killed_by":"Collector","ascension_level":0}