{"gold_per_floor":[114,127,127,127,145,201,201,217,217,217,217,217,252,252,252,252],"floor_reached":16,"playtime":660,"items_purged":[],"score":108,"play_id":"74d08a95-a401-435c-b5ad-e5fe5c724f20","local_time":"20190129170239","is_ascension_mode":false,"campfire_choices":[{"floor":10,"key":"REST"},{"data":"Zap","floor":12,"key":"SMITH"},{"data":"White Noise","floor":15,"key":"SMITH"}],"neow_cost":"NONE","seed_source_timestamp":27840160573300,"circlet_count":0,"master_deck":["Strike_B","Strike_B","Strike_B","Defend_B","Defend_B","Defend_B","Defend_B","Zap+1","Dualcast","Barrage","Glacier","Melter","Coolheaded","White Noise+1","Zap","Reboot"],"relics":["Cracked Core","FossilizedHelix","Tiny Chest","Kunai","Lantern","Meat on the Bone"],"potions_floor_usage":[13,13],"damage_taken":[{"damage":4,"enemies":"2 Louse","floor":1,"turns":2},{"damage":10,"enemies":"Jaw Worm","floor":2,"turns":4},{"damage":0,"enemies":"Small Slimes","floor":5,"turns":2},{"damage":11,"enemies":"3 Sentries","floor":6,"turns":10},{"damage":0,"enemies":"Red Slaver","floor":8,"turns":3},{"damage":15,"enemies":"Lagavulin","floor":13,"turns":6},{"damage":57,"enemies":"Hexaghost","floor":16,"turns":14}],"seed_played":"6010851430213374494","potions_obtained":[{"floor":2,"key":"Ancient Potion"},{"floor":8,"key":"Poison Potion"}],"is_trial":false,"path_per_floor":["M","M","?","?","M","E","T","M","T","R","T","R","E","?","R","B"],"character_chosen":"DEFECT","items_purchased":[],"campfire_rested":1,"item_purchase_floors":[],"current_hp_per_floor":[78,68,61,54,54,43,43,43,43,67,67,67,52,52,52,0],"gold":252,"neow_bonus":"TEN_PERCENT_HP_BONUS","is_prod":false,"is_daily":false,"chose_seed":false,"campfire_upgraded":2,"win_rate":0,"timestamp":1548752559,"path_taken":["M","M","?","?","M","E","?","?","T","R","?","R","E","?","R","BOSS"],"build_version":"2019-01-23","purchased_purges":0,"victory":false,"max_hp_per_floor":[82,82,82,82,82,82,82,82,82,82,82,82,82,82,82,82],"card_choices":[{"not_picked":["Gash","Stack","Leap"],"picked":"SKIP","floor":1},{"not_picked":["Streamline","Scrape"],"picked":"Barrage","floor":2},{"not_picked":["Streamline","Aggregate"],"picked":"Glacier","floor":5},{"not_picked":["Undo","Hyperbeam"],"picked":"Melter","floor":6},{"not_picked":["Redo","Leap"],"picked":"Coolheaded","floor":8},{"not_picked":["Doom and Gloom","Thunder Strike"],"picked":"White Noise","floor":13}],"player_experience":296790,"relics_obtained":[{"floor":6,"key":"Tiny Chest"},{"floor":9,"key":"Kunai"},{"floor":11,"key":"Lantern"},{"floor":13,"key":"Meat on the Bone"}],"event_choices":[{"cards_removed":["Strike_B"],"damage_healed":0,"gold_gain":0,"player_choice":"Card Removal","damage_taken":7,"max_hp_gain":0,"max_hp_loss":0,"event_name":"Golden Wing","floor":3,"gold_loss":0},{"damage_healed":0,"gold_gain":0,"player_choice":"Success","damage_taken":7,"relics_obtained":["FossilizedHelix"],"max_hp_gain":0,"max_hp_loss":0,"event_name":"Scrap Ooze","floor":4,"gold_loss":0},{"damage_healed":0,"gold_gain":0,"player_choice":"2 cards matched","damage_taken":0,"max_hp_gain":0,"max_hp_loss":0,"event_name":"Match and Keep!","floor":14,"gold_loss":0,"cards_obtained":["Zap","Reboot"]}],"is_beta":false,"boss_relics":[],"items_purged_floors":[],"is_endless":false,"potions_floor_spawned":[2,8],"killed_by":"Hexaghost","ascension_level":0}