{"gold_per_floor":[218,218,190,190,209,539,539,571,571,589,589,605,637,656,656,656],"floor_reached":16,"playtime":648,"items_purged":[],"score":234,"play_id":"a57d530d-22f7-4b56-b42f-21c8946f8576","local_time":"20190205194009","is_ascension_mode":true,"campfire_choices":[{"data":"Carnage","floor":7.0,"key":"SMITH"},{"data":"Inflame","floor":11.0,"key":"SMITH"},{"floor":15.0,"key":"REST"}],"neow_cost":"NONE","seed_source_timestamp":363904353600169,"circlet_count":0,"master_deck":["AscendersBane","Strike_R","Strike_R","Strike_R","Strike_R","Strike_R","Defend_R","Defend_R+1","Defend_R+1","Defend_R","Bash+1","Combust","Warcry","Carnage+1","Inflame+1","Warcry","Immolate","Sword Boomerang","True Grit"],"special_seed":0,"relics":["Burning Blood","Old Coin","Ornamental Fan","Magic Flower","Paper Frog"],"potions_floor_usage":[16],"damage_taken":[{"damage":10.0,"enemies":"Small Slimes","floor":1.0,"turns":4.0},{"damage":9.0,"enemies":"Cultist","floor":5.0,"turns":3.0},{"damage":8.0,"enemies":"Gremlin Nob","floor":6.0,"turns":3.0},{"damage":20.0,"enemies":"Lagavulin","floor":8.0,"turns":7.0},{"damage":0.0,"enemies":"2 Louse","floor":10.0,"turns":1.0},{"damage":6.0,"enemies":"Blue Slaver","floor":12.0,"turns":3.0},{"damage":29.0,"enemies":"Gremlin Nob","floor":13.0,"turns":4.0},{"damage":0.0,"enemies":"Exordium Thugs","floor":14.0,"turns":2.0},{"damage":47,"enemies":"Hexaghost","floor":16,"turns":7}],"seed_played":"-3321167913176040493","potions_obtained":[{"floor":1.0,"key":"Explosive Potion"},{"floor":8.0,"key":"Explosive Potion"},{"floor":13.0,"key":"Explosive Potion"},{"floor":14.0,"key":"Weak Potion"}],"is_trial":false,"path_per_floor":["M","?","$","?","M","E","R","E","T","M","R","M","E","M","R","B"],"character_chosen":"IRONCLAD","items_purchased":["Warcry"],"campfire_rested":1,"item_purchase_floors":[3],"current_hp_per_floor":[64,64,64,41,38,36,36,22,22,31,31,34,14,23,45,0],"gold":656,"neow_bonus":"HUNDRED_GOLD","is_prod":false,"is_daily":false,"chose_seed":false,"campfire_upgraded":2,"win_rate":0,"timestamp":1549413609,"path_taken":["M","?","?","?","M","E","R","E","T","M","R","M","E","M","R","BOSS"],"build_version":"2019-01-23","purchased_purges":0,"victory":false,"max_hp_per_floor":[75,75,75,75,75,75,75,75,75,75,75,75,75,75,75,75],"card_choices":[{"not_picked":["Ghostly Armor","Perfected Strike"],"picked":"Combust","floor":1.0},{"not_picked":["Headbutt","Evolve"],"picked":"Carnage","floor":5.0},{"not_picked":["Heavy Blade","Wild Strike","Corruption"],"picked":"SKIP","floor":6.0},{"not_picked":["Fire Breathing","Perfected Strike"],"picked":"Inflame","floor":8.0},{"not_picked":["Cleave","Dual Wield"],"picked":"Warcry","floor":10.0},{"not_picked":["Warcry","True Grit"],"picked":"Immolate","floor":12.0},{"not_picked":["Berserk","Seeing Red"],"picked":"Sword Boomerang","floor":13.0},{"not_picked":["Clothesline","Headbutt"],"picked":"True Grit","floor":14.0}],"player_experience":1110049,"relics_obtained":[{"floor":6.0,"key":"Old Coin"},{"floor":8.0,"key":"Ornamental Fan"},{"floor":9.0,"key":"Magic Flower"},{"floor":13.0,"key":"Paper Frog"}],"event_choices":[{"damage_healed":0.0,"max_hp_gain":0.0,"max_hp_loss":0.0,"gold_gain":0.0,"event_name":"Upgrade Shrine","player_choice":"Upgraded","floor":2.0,"gold_loss":0.0,"damage_taken":0.0,"cards_upgraded":["Bash"]},{"damage_healed":0.0,"max_hp_gain":0.0,"max_hp_loss":0.0,"gold_gain":0.0,"event_name":"Shining Light","player_choice":"Entered Light","floor":4.0,"gold_loss":0.0,"damage_taken":23.0,"cards_upgraded":["Defend_R","Defend_R"]}],"is_beta":false,"boss_relics":[],"items_purged_floors":[],"is_endless":false,"potions_floor_spawned":[1,8,13,14],"killed_by":"Hexaghost","ascension_level":19}