{"gold_per_floor":[109,109,34,52,68,99,99,140,163,179,203,203,203,223,223,343,343,357,381,381,381,31,31,50,50],"floor_reached":25,"playtime":2682,"items_purged":["Strike_G","Strike_G"],"score":213,"play_id":"62efc30b-0b30-452d-be7c-d9771ee1d810","local_time":"20190107215817","is_ascension_mode":false,"campfire_choices":[{"floor":15,"key":"REST"},{"data":"Expertise","floor":23,"key":"SMITH"}],"neow_cost":"NONE","seed_source_timestamp":46362393683200,"circlet_count":0,"master_deck":["Defend_G","Defend_G","Defend_G","Defend_G","Defend_G","Strike_G","Strike_G","Strike_G","Survivor","Neutralize","After Image","Bouncing Flask","Well Laid Plans","Flying Knee","Backflip","Expertise+1","Poisoned Stab+1","Backstab+1","Outmaneuver","Bullet Time","Dodge and Roll+1"],"relics":["Ring of the Snake","Happy Flower","Centennial Puzzle","Bloody Idol","Matryoshka","Molten Egg 2","Orichalcum","Bag of Marbles","Anchor","Philosopher\u0027s Stone","Ice Cream","Bottled Lightning"],"potions_floor_usage":[8,10,11,14,24],"damage_taken":[{"damage":0,"enemies":"Jaw Worm","floor":1,"turns":6},{"damage":0,"enemies":"2 Louse","floor":4,"turns":3},{"damage":11,"enemies":"Small Slimes","floor":5,"turns":4},{"damage":18,"enemies":"Gremlin Nob","floor":6,"turns":4},{"damage":9,"enemies":"3 Sentries","floor":8,"turns":8},{"damage":7,"enemies":"Red Slaver","floor":10,"turns":5},{"damage":0,"enemies":"Exordium Wildlife","floor":11,"turns":3},{"damage":0,"enemies":"Exordium Thugs","floor":14,"turns":3},{"damage":6,"enemies":"Hexaghost","floor":16,"turns":9},{"damage":6,"enemies":"Spheric Guardian","floor":18,"turns":3},{"damage":7,"enemies":"2 Thieves","floor":19,"turns":4},{"damage":49,"enemies":"Chosen and Byrds","floor":24,"turns":9},{"damage":24,"enemies":"Cultist and Chosen","floor":25,"turns":6}],"seed_played":"2321106975643565321","potions_obtained":[{"floor":1,"key":"PowerPotion"},{"floor":6,"key":"Energy Potion"},{"floor":8,"key":"AttackPotion"},{"floor":11,"key":"Fire Potion"},{"floor":19,"key":"SneckoOil"}],"is_trial":false,"path_per_floor":["M","?","$","M","M","E","?","E","T","M","M","T","?","M","R","B",null,"M","M","T","?","$","R","M","M"],"character_chosen":"THE_SILENT","items_purchased":["Bottled Lightning"],"campfire_rested":1,"item_purchase_floors":[22],"current_hp_per_floor":[70,58,58,58,47,29,29,20,20,13,13,13,7,7,26,20,65,59,52,52,52,52,52,8,0],"gold":50,"neow_bonus":"ONE_RANDOM_RARE_CARD","is_prod":false,"is_daily":false,"chose_seed":false,"campfire_upgraded":1,"win_rate":0,"timestamp":1546869497,"path_taken":["M","?","$","M","M","E","?","E","T","M","M","?","?","M","R","BOSS","M","M","?","?","$","R","?","M"],"build_version":"2019-01-03v4","purchased_purges":2,"victory":false,"max_hp_per_floor":[70,70,70,70,70,70,65,65,65,65,65,65,65,65,65,65,65,65,65,65,65,65,65,65,65],"card_choices":[{"not_picked":["Choke","Dagger Throw"],"picked":"Bouncing Flask","floor":1},{"not_picked":["Prepared","Skewer"],"picked":"Well Laid Plans","floor":4},{"not_picked":["Slice","Outmaneuver"],"picked":"Flying Knee","floor":5},{"not_picked":["Finisher","Blade Dance"],"picked":"Backflip","floor":6},{"not_picked":["Bane","Well Laid Plans"],"picked":"Expertise","floor":8},{"not_picked":["Underhanded Strike+1","Blade Dance"],"picked":"Poisoned Stab+1","floor":10},{"not_picked":["Prepared","Skewer+1"],"picked":"Backstab+1","floor":11},{"not_picked":["Riddle With Holes+1","Choke+1"],"picked":"Outmaneuver","floor":14},{"not_picked":["Envenom","Burst"],"picked":"Bullet Time","floor":16},{"not_picked":["Quick Slash+1","Masterful Stab+1","Poisoned Stab+1"],"picked":"SKIP","floor":18},{"not_picked":["Sucker Punch+1","Dagger Spray+1"],"picked":"Dodge and Roll+1","floor":19},{"not_picked":["Predator+1","Bouncing Flask+1","Underhanded Strike+1"],"picked":"SKIP","floor":24}],"player_experience":107019,"relics_obtained":[{"floor":6,"key":"Centennial Puzzle"},{"floor":8,"key":"Matryoshka"},{"floor":9,"key":"Molten Egg 2"},{"floor":9,"key":"Orichalcum"},{"floor":12,"key":"Bag of Marbles"},{"floor":12,"key":"Anchor"},{"floor":20,"key":"Ice Cream"}],"event_choices":[{"damage_healed":0,"gold_gain":0,"player_choice":"Success","damage_taken":12,"relics_obtained":["Happy Flower"],"max_hp_gain":0,"max_hp_loss":0,"event_name":"Scrap Ooze","floor":2,"gold_loss":0},{"damage_healed":0,"gold_gain":0,"player_choice":"Lose Max HP","damage_taken":0,"relics_obtained":["Golden Idol"],"max_hp_gain":0,"max_hp_loss":5,"event_name":"Golden Idol","floor":7,"gold_loss":0},{"damage_healed":0,"gold_gain":0,"player_choice":"Damaged","damage_taken":6,"max_hp_gain":0,"max_hp_loss":0,"event_name":"Wheel of Change","floor":13,"gold_loss":0},{"damage_healed":0,"gold_gain":0,"player_choice":"Gave Idol","damage_taken":0,"relics_obtained":["Bloody Idol"],"max_hp_gain":0,"max_hp_loss":0,"event_name":"Forgotten Altar","floor":21,"relics_lost":["Golden Idol"],"gold_loss":0}],"is_beta":false,"boss_relics":[{"not_picked":["Ring of the Serpent","Eternal Feather"],"picked":"Philosopher\u0027s Stone"}],"items_purged_floors":[3,22],"is_endless":false,"potions_floor_spawned":[1,6,8,11,19],"killed_by":"Cultist and Chosen","ascension_level":0}