{"gold_per_floor":[109,59,59,84,9,53,69,107,107,282,298,298,9,29,29,29],"floor_reached":16,"playtime":560,"items_purged":["Strike_B","Doubt"],"score":142,"play_id":"5d3812c4-081e-446b-8501-4d677467f51f","local_time":"20190206212149","is_ascension_mode":true,"campfire_choices":[{"floor":12,"key":"REST"},{"data":"Zap","floor":15,"key":"SMITH"}],"neow_cost":"NONE","seed_source_timestamp":41967828492800,"circlet_count":0,"master_deck":["Strike_B","Strike_B","Defend_B","Defend_B","Defend_B","Defend_B","Zap+1","Dualcast","Coolheaded","Hologram","Double Energy","Sweeping Beam","Self Repair","Hologram","Conserve Battery","Chill"],"relics":["Cracked Core","NeowsBlessing","Golden Idol","Incense Burner","Symbiotic Virus","Oddly Smooth Stone"],"potions_floor_usage":[11,16,16],"damage_taken":[{"damage":0,"enemies":"Jaw Worm","floor":1,"turns":1},{"damage":0,"enemies":"Small Slimes","floor":4,"turns":1},{"damage":0,"enemies":"Lagavulin","floor":6,"turns":1},{"damage":2,"enemies":"2 Louse","floor":7,"turns":3},{"damage":30,"enemies":"Gremlin Nob","floor":8,"turns":5},{"damage":5,"enemies":"Exordium Wildlife","floor":11,"turns":3},{"damage":0,"enemies":"Red Slaver","floor":14,"turns":4},{"damage":59,"enemies":"Hexaghost","floor":16,"turns":16}],"seed_played":"-5556476261196611197","potions_obtained":[{"floor":7,"key":"Energy Potion"},{"floor":8,"key":"SpeedPotion"},{"floor":11,"key":"GamblersBrew"}],"is_trial":false,"path_per_floor":["M","?","?","M","$","E","M","E","T","?","M","R","$","M","R","B"],"character_chosen":"DEFECT","items_purchased":["Oddly Smooth Stone","Conserve Battery"],"campfire_rested":1,"item_purchase_floors":[13,13],"current_hp_per_floor":[75,75,57,57,57,57,55,25,25,25,27,49,49,56,56,0],"gold":29,"neow_bonus":"THREE_ENEMY_KILL","is_prod":false,"is_daily":false,"chose_seed":false,"campfire_upgraded":1,"win_rate":0,"timestamp":1549459309,"path_taken":["M","?","?","M","$","E","M","E","T","?","?","R","$","M","R","BOSS"],"build_version":"2019-01-23","purchased_purges":2,"victory":false,"max_hp_per_floor":[75,75,75,75,75,75,75,75,75,75,75,75,75,75,75,75],"card_choices":[{"not_picked":["Loop","Conserve Battery"],"picked":"Coolheaded","floor":1},{"not_picked":["Melter","Rebound"],"picked":"Hologram","floor":4},{"not_picked":["Rebound","Chaos"],"picked":"Double Energy","floor":6},{"not_picked":["Streamline","Recycle"],"picked":"Sweeping Beam","floor":7},{"not_picked":["All For One","Cold Snap"],"picked":"Self Repair","floor":8},{"not_picked":["Skim","Doom and Gloom"],"picked":"Hologram","floor":11},{"not_picked":["Compile Driver","Storm"],"picked":"Chill","floor":14}],"player_experience":354312,"relics_obtained":[{"floor":6,"key":"Incense Burner"},{"floor":8,"key":"Symbiotic Virus"}],"event_choices":[{"cards_removed":["Strike_B"],"damage_healed":0,"gold_gain":0,"player_choice":"Card Removal","damage_taken":0,"max_hp_gain":0,"max_hp_loss":0,"event_name":"The Cleric","floor":2,"gold_loss":50},{"damage_healed":0,"gold_gain":0,"player_choice":"Take Damage","damage_taken":18,"relics_obtained":["Golden Idol"],"max_hp_gain":0,"max_hp_loss":0,"event_name":"Golden Idol","floor":3,"gold_loss":0},{"damage_healed":0,"gold_gain":175,"player_choice":"AGREE","damage_taken":0,"max_hp_gain":0,"max_hp_loss":0,"event_name":"Liars Game","floor":10,"gold_loss":0,"cards_obtained":["Doubt"]}],"is_beta":false,"boss_relics":[],"items_purged_floors":[5,13],"is_endless":false,"potions_floor_spawned":[7,8,11],"killed_by":"Hexaghost","ascension_level":1}