{"gold_per_floor":[210,210,160,160,174,174,204,204,228,248,263,263,263,281,281,381,381,400,400,418,0,16,16,47,147,171,191,191,210,223,235,235,332,332,352,452,472,31,51,51,0,18,18,18,37,52,383,402,402,402],"floor_reached":51,"playtime":4464,"items_purged":["Defend_G","Defend_G"],"score":753,"play_id":"8744d07f-13b0-46ca-a472-7cdd316276f7","local_time":"20190108000609","is_ascension_mode":false,"campfire_choices":[{"data":"Neutralize","floor":6,"key":"SMITH"},{"floor":8,"key":"REST"},{"data":"Deadly Poison","floor":12,"key":"SMITH"},{"data":"Bane","floor":15,"key":"SMITH"},{"data":"Bane","floor":23,"key":"SMITH"},{"floor":28,"key":"REST"},{"floor":32,"key":"REST"},{"floor":40,"key":"REST"},{"floor":49,"key":"REST"}],"neow_cost":"NONE","seed_source_timestamp":52221960439500,"circlet_count":0,"master_deck":["Defend_G","Defend_G","Defend_G","Survivor","Neutralize+1","Deadly Poison+1","Backflip+1","Quick Slash","Deadly Poison+1","Deadly Poison+1","Bane+1","Adrenaline+1","Noxious Fumes+1","Dagger Throw+1","Catalyst+1","Outmaneuver+1","Bane+1","Well Laid Plans","Catalyst+1","Metallicize+1","Double Energy+1","Good Instincts+1","Pommel Strike+1","Secret Weapon+1","Escape Plan+1","Adrenaline+1","Adrenaline+1"],"relics":["Ring of the Snake","Toxic Egg 2","Ice Cream","Strawberry","Question Card","Astrolabe","Nilry\u0027s Codex","PrismaticShard","Gambling Chip","Tough Bandages","Sundial","Vajra","Philosopher\u0027s Stone","Thread and Needle","Oddly Smooth Stone","DollysMirror","Red Mask","Bag of Preparation","Old Coin"],"potions_floor_usage":[22,24,25,33,35,35,42,45,45,50],"damage_taken":[{"damage":0,"enemies":"2 Louse","floor":1,"turns":3},{"damage":5,"enemies":"Small Slimes","floor":5,"turns":4},{"damage":33,"enemies":"3 Sentries","floor":7,"turns":11},{"damage":0,"enemies":"Cultist","floor":10,"turns":3},{"damage":1,"enemies":"Blue Slaver","floor":11,"turns":3},{"damage":1,"enemies":"Exordium Thugs","floor":14,"turns":5},{"damage":7,"enemies":"Hexaghost","floor":16,"turns":9},{"damage":2,"enemies":"2 Thieves","floor":18,"turns":4},{"damage":6,"enemies":"Chosen","floor":20,"turns":3},{"damage":11,"enemies":"Snake Plant","floor":22,"turns":2},{"damage":13,"enemies":"Gremlin Leader","floor":24,"turns":2},{"damage":16,"enemies":"Colosseum Slavers","floor":25,"turns":5},{"damage":0,"enemies":"Colosseum Nobs","floor":25,"turns":3},{"damage":0,"enemies":"Centurion and Healer","floor":27,"turns":4},{"damage":0,"enemies":"Cultist and Chosen","floor":29,"turns":4},{"damage":11,"enemies":"Snake Plant","floor":30,"turns":3},{"damage":0,"enemies":"Centurion and Healer","floor":31,"turns":3},{"damage":2,"enemies":"Collector","floor":33,"turns":3},{"damage":16,"enemies":"3 Darklings","floor":35,"turns":4},{"damage":30,"enemies":"Mind Bloom Boss Battle","floor":36,"turns":3},{"damage":15,"enemies":"3 Shapes","floor":37,"turns":4},{"damage":7,"enemies":"Spire Growth","floor":39,"turns":3},{"damage":4,"enemies":"Jaw Worm Horde","floor":42,"turns":3},{"damage":0,"enemies":"4 Shapes","floor":45,"turns":4},{"damage":6,"enemies":"Spire Growth","floor":46,"turns":2},{"damage":0,"enemies":"Reptomancer","floor":47,"turns":2},{"damage":0,"enemies":"Maw","floor":48,"turns":2},{"damage":17,"enemies":"Time Eater","floor":50,"turns":4}],"seed_played":"-5060418237962269284","potions_obtained":[{"floor":10,"key":"SkillPotion"},{"floor":14,"key":"FairyPotion"},{"floor":16,"key":"Poison Potion"},{"floor":18,"key":"FearPotion"},{"floor":22,"key":"Block Potion"},{"floor":24,"key":"Fruit Juice"},{"floor":29,"key":"Explosive Potion"},{"floor":30,"key":"SteroidPotion"},{"floor":31,"key":"LiquidBronze"},{"floor":35,"key":"Fruit Juice"},{"floor":37,"key":"Explosive Potion"},{"floor":39,"key":"Dexterity Potion"},{"floor":42,"key":"LiquidBronze"},{"floor":46,"key":"LiquidBronze"}],"is_trial":false,"path_per_floor":["M","?","?","?","M","R","E","R","T","M","M","R","?","M","R","B",null,"M","?","M","$","M","R","E","?","T","M","R","M","M","M","R","B",null,"M","?","M","$","M","R","?","M","T","?","M","M","E","M","R","B",null],"character_chosen":"THE_SILENT","items_purchased":["PrismaticShard","Well Laid Plans","Catalyst+1","Oddly Smooth Stone","DollysMirror"],"campfire_rested":5,"item_purchase_floors":[21,21,21,38,38],"current_hp_per_floor":[70,67,67,67,62,62,29,50,57,57,56,56,56,55,55,48,77,75,59,53,53,42,42,34,18,18,18,42,42,31,31,55,53,82,71,41,26,26,19,45,45,41,41,41,41,35,35,35,61,44],"gold":402,"neow_bonus":"HUNDRED_GOLD","is_prod":false,"is_daily":false,"chose_seed":false,"campfire_upgraded":4,"win_rate":0,"timestamp":1546877169,"path_taken":["M","?","?","?","?","R","E","R","T","M","M","R","?","M","R","BOSS","M","?","M","$","M","R","E","?","T","M","R","M","M","M","R","BOSS","M","?","M","$","M","R","?","M","T","?","?","M","E","M","R","BOSS"],"build_version":"2019-01-03v4","purchased_purges":2,"victory":true,"max_hp_per_floor":[70,70,70,70,70,70,70,70,77,77,77,77,77,77,77,77,77,77,77,77,77,77,77,82,82,82,82,82,82,82,82,82,82,82,87,87,87,87,87,87,87,87,87,87,87,87,87,87,87,87],"card_choices":[{"not_picked":["Sucker Punch","Finisher"],"picked":"Deadly Poison","floor":1},{"not_picked":["Catalyst+1","Masterful Stab"],"picked":"Backflip+1","floor":5},{"not_picked":["Glass Knife","Blade Dance+1"],"picked":"Quick Slash","floor":7},{"not_picked":["Deflect+1","Flying Knee"],"picked":"Deadly Poison+1","floor":10},{"not_picked":["PiercingWail+1","Glass Knife"],"picked":"Deadly Poison+1","floor":11},{"not_picked":["Dodge and Roll+1","Deadly Poison+1","Sucker Punch"],"picked":"Bane","floor":14},{"not_picked":["After Image","Malaise+1","Die Die Die"],"picked":"Adrenaline+1","floor":16},{"not_picked":["Dash","Sucker Punch","Dagger Spray"],"picked":"Outmaneuver+1","floor":18},{"not_picked":["Sucker Punch","Bouncing Flask+1","Poisoned Stab"],"picked":"Bane","floor":20},{"not_picked":["Underhanded Strike+1","Warcry+1","True Grit+1"],"picked":"Metallicize+1","floor":22},{"not_picked":["Iron Wave+1","Escape Plan+1","Barrage"],"picked":"Double Energy+1","floor":24},{"not_picked":["Outmaneuver+1","Deflect+1","Defragment"],"picked":"Good Instincts+1","floor":25},{"not_picked":["Dagger Throw+1","Steam+1","Juggernaut","Dagger Spray+1"],"picked":"SKIP","floor":27},{"not_picked":["Iron Wave","Outmaneuver+1","Warcry+1","Barrage+1"],"picked":"SKIP","floor":29},{"not_picked":["Sweeping Beam","Shockwave+1","Tempest+1"],"picked":"Pommel Strike+1","floor":30},{"not_picked":["Dagger Throw+1","Rampage+1","Ghostly Armor+1","Compile Driver"],"picked":"SKIP","floor":31},{"not_picked":["Wraith Form v2","Burst+1","Thunder Strike"],"picked":"Secret Weapon+1","floor":33},{"not_picked":["Swift Strike","Poisoned Stab+1","PiercingWail+1"],"picked":"Escape Plan+1","floor":35},{"not_picked":["Forethought+1","Defragment","Body Slam+1","Dual Wield+1"],"picked":"SKIP","floor":37},{"not_picked":["Blade Dance+1","Outmaneuver+1","Blade Dance+1","Compile Driver+1"],"picked":"SKIP","floor":39},{"not_picked":["Lockon","Noxious Fumes","Rampage+1","True Grit+1"],"picked":"SKIP","floor":42},{"not_picked":["Stack+1","Prepared+1","Leap+1","Gash"],"picked":"SKIP","floor":45},{"not_picked":["Coolheaded+1","Corruption+1","Endless Agony","Power Through+1"],"picked":"SKIP","floor":46},{"not_picked":["Blood for Blood+1","Multi-Cast+1","Poisoned Stab","Reboot+1"],"picked":"SKIP","floor":47},{"not_picked":["Feel No Pain+1","Coolheaded+1","Stack+1","Bane+1"],"picked":"SKIP","floor":48}],"player_experience":112793,"relics_obtained":[{"floor":7,"key":"Ice Cream"},{"floor":9,"key":"Strawberry"},{"floor":19,"key":"Nilry\u0027s Codex"},{"floor":24,"key":"Gambling Chip"},{"floor":25,"key":"Tough Bandages"},{"floor":25,"key":"Sundial"},{"floor":26,"key":"Vajra"},{"floor":36,"key":"Thread and Needle"},{"floor":43,"key":"Bag of Preparation"},{"floor":47,"key":"Old Coin"}],"event_choices":[{"damage_healed":0,"gold_gain":0,"player_choice":"Success","damage_taken":3,"relics_obtained":["Toxic Egg 2"],"max_hp_gain":0,"max_hp_loss":0,"event_name":"Scrap Ooze","floor":2,"gold_loss":0},{"cards_removed":["Strike_G"],"damage_healed":0,"gold_gain":0,"player_choice":"Card Removal","damage_taken":0,"max_hp_gain":0,"max_hp_loss":0,"event_name":"The Cleric","floor":3,"gold_loss":50},{"cards_removed":["Strike_G"],"damage_healed":0,"gold_gain":0,"player_choice":"Purged","damage_taken":0,"max_hp_gain":0,"max_hp_loss":0,"event_name":"Purifier","floor":4,"gold_loss":0},{"damage_healed":0,"gold_gain":0,"player_choice":"Gave Potion","damage_taken":0,"relics_obtained":["Question Card"],"max_hp_gain":0,"max_hp_loss":0,"event_name":"WeMeetAgain","floor":13,"gold_loss":0},{"damage_healed":0,"gold_gain":0,"player_choice":"Obtained Book","damage_taken":16,"max_hp_gain":0,"max_hp_loss":0,"event_name":"Cursed Tome","floor":19,"gold_loss":0},{"damage_healed":0,"gold_gain":0,"player_choice":"Fight","damage_taken":0,"max_hp_gain":0,"max_hp_loss":0,"event_name":"Colosseum","floor":25,"gold_loss":0},{"damage_healed":0,"gold_gain":0,"player_choice":"Fought Nobs","damage_taken":0,"max_hp_gain":0,"max_hp_loss":0,"event_name":"Colosseum","floor":25,"gold_loss":0},{"damage_healed":0,"gold_gain":0,"player_choice":"Fight","damage_taken":0,"max_hp_gain":0,"max_hp_loss":0,"event_name":"MindBloom","floor":36,"gold_loss":0},{"damage_healed":0,"gold_gain":0,"player_choice":"Paid","damage_taken":0,"relics_obtained":["Red Mask"],"max_hp_gain":0,"max_hp_loss":0,"event_name":"Tomb of Lord Red Mask","floor":41,"gold_loss":51},{"damage_healed":0,"gold_gain":0,"player_choice":"Copied","damage_taken":0,"max_hp_gain":0,"max_hp_loss":0,"event_name":"Duplicator","floor":44,"gold_loss":0,"cards_obtained":["Adrenaline"]}],"is_beta":false,"boss_relics":[{"not_picked":["Ring of the Serpent","Snecko Eye"],"picked":"Astrolabe"},{"not_picked":["WristBlade","Busted Crown"],"picked":"Philosopher\u0027s Stone"}],"items_purged_floors":[21,38],"is_endless":false,"potions_floor_spawned":[10,14,16,18,22,24,29,30,31,35,37,39,42,46],"ascension_level":0}