{"gold_per_floor":[116,291,301,311,27,27,42,42,42,60,95,95,111,111,111,211,211,230,230,13,26,44,44,44,44,44,44,44,75,75,75],"floor_reached":31,"playtime":1204,"items_purged":["Doubt","Decay"],"score":253,"play_id":"faae9280-d599-464a-860d-eccf5480de42","local_time":"20190115173133","is_ascension_mode":false,"campfire_choices":[{"data":"Dualcast","floor":6,"key":"SMITH"},{"data":"White Noise","floor":8,"key":"SMITH"},{"floor":15,"key":"REST"},{"floor":23,"key":"REST"},{"data":"Turbo","floor":25,"key":"SMITH"},{"data":"Defragment","floor":27,"key":"SMITH"}],"neow_cost":"NONE","seed_source_timestamp":34088357214000,"circlet_count":0,"master_deck":["Strike_B","Strike_B","Strike_B","Strike_B","Defend_B","Defend_B","Defend_B","Defend_B","Zap+1","Dualcast+1","White Noise+1","Compile Driver","Conserve Battery","Defragment+1","Loop","Steam","Turbo+1","All For One","Turbo","Self Repair","Steam","Redo+1","Hologram","Writhe","Seek"],"relics":["Cracked Core","Toolbox","Matryoshka","Incense Burner","Black Star","Mercury Hourglass","Ancient Tea Set","Blue Candle","Enchiridion","Emotion Chip","Letter Opener"],"potions_floor_usage":[11,16,16,21,29,30],"damage_taken":[{"damage":8,"enemies":"Jaw Worm","floor":1,"turns":3},{"damage":4,"enemies":"2 Louse","floor":3,"turns":3},{"damage":0,"enemies":"Cultist","floor":4,"turns":2},{"damage":7,"enemies":"Blue Slaver","floor":7,"turns":3},{"damage":14,"enemies":"3 Louse","floor":10,"turns":3},{"damage":10,"enemies":"Gremlin Nob","floor":11,"turns":3},{"damage":4,"enemies":"Red Slaver","floor":13,"turns":3},{"damage":4,"enemies":"Slime Boss","floor":16,"turns":9},{"damage":29,"enemies":"Shell Parasite","floor":18,"turns":6},{"damage":5,"enemies":"3 Byrds","floor":21,"turns":4},{"damage":20,"enemies":"Shelled Parasite and Fungi","floor":22,"turns":8},{"damage":18,"enemies":"Slavers","floor":29,"turns":4},{"damage":22,"enemies":"Colosseum Slavers","floor":30,"turns":3},{"damage":16,"enemies":"Snecko","floor":31,"turns":3}],"seed_played":"-7908048186588553246","potions_obtained":[{"floor":4,"key":"SteroidPotion"},{"floor":7,"key":"LiquidBronze"},{"floor":13,"key":"PowerPotion"},{"floor":18,"key":"Fire Potion"},{"floor":22,"key":"Swift Potion"},{"floor":29,"key":"Poison Potion"}],"is_trial":false,"path_per_floor":["M","?","M","M","$","R","M","R","T","M","E","?","M","?","R","B",null,"M","?","$","M","M","R","?","R","T","R","?","E","?","M"],"character_chosen":"DEFECT","items_purchased":["Toolbox","Self Repair","Steam"],"campfire_rested":2,"item_purchase_floors":[5,20,20],"current_hp_per_floor":[67,67,63,63,63,63,56,56,56,42,32,32,28,21,43,39,75,46,46,46,48,35,57,57,57,57,57,41,30,8,0],"gold":75,"neow_bonus":"UPGRADE_CARD","is_prod":false,"is_daily":false,"chose_seed":false,"campfire_upgraded":4,"win_rate":0,"timestamp":1547544693,"path_taken":["M","?","M","M","$","R","M","R","T","M","E","?","?","?","R","BOSS","M","?","$","?","M","R","?","R","T","R","?","E","?","M"],"build_version":"2019-01-10","purchased_purges":2,"victory":false,"max_hp_per_floor":[75,75,75,75,75,75,75,75,75,75,75,75,75,75,75,75,75,75,75,75,75,75,75,75,75,75,75,75,75,75,75],"card_choices":[{"not_picked":["Sweeping Beam","Recycle"],"picked":"White Noise","floor":1},{"not_picked":["Leap","Rebound"],"picked":"Compile Driver","floor":3},{"not_picked":["Undo","Melter"],"picked":"Conserve Battery","floor":4},{"not_picked":["Consume","BootSequence"],"picked":"Defragment","floor":7},{"not_picked":["Melter","Barrage"],"picked":"Loop","floor":10},{"not_picked":["Barrage","Aggregate"],"picked":"Steam","floor":11},{"not_picked":["Gash","Scrape"],"picked":"Turbo","floor":13},{"not_picked":["Buffer","Meteor Strike"],"picked":"All For One","floor":16},{"not_picked":["Storm","Loop","Leap+1"],"picked":"SKIP","floor":18},{"not_picked":["Conserve Battery","Coolheaded"],"picked":"Redo+1","floor":21},{"not_picked":["Streamline","Sweeping Beam"],"picked":"Hologram","floor":22},{"not_picked":["Heatsinks","Doom and Gloom"],"picked":"Seek","floor":29}],"player_experience":247648,"relics_obtained":[{"floor":11,"key":"Matryoshka"},{"floor":26,"key":"Ancient Tea Set"},{"floor":26,"key":"Blue Candle"},{"floor":28,"key":"Enchiridion"},{"floor":29,"key":"Emotion Chip"},{"floor":29,"key":"Letter Opener"}],"event_choices":[{"damage_healed":0,"gold_gain":175,"player_choice":"AGREE","damage_taken":0,"max_hp_gain":0,"max_hp_loss":0,"event_name":"Liars Game","floor":2,"gold_loss":0,"cards_obtained":["Doubt"]},{"damage_healed":0,"gold_gain":0,"player_choice":"Cursed","damage_taken":0,"max_hp_gain":0,"max_hp_loss":0,"event_name":"Wheel of Change","floor":12,"gold_loss":0,"cards_obtained":["Decay"]},{"damage_healed":0,"gold_gain":0,"player_choice":"Success","damage_taken":7,"relics_obtained":["Incense Burner"],"max_hp_gain":0,"max_hp_loss":0,"event_name":"Scrap Ooze","floor":14,"gold_loss":0},{"damage_healed":0,"gold_gain":0,"player_choice":"Copied","damage_taken":0,"max_hp_gain":0,"max_hp_loss":0,"event_name":"Duplicator","floor":19,"gold_loss":0,"cards_obtained":["Turbo"]},{"damage_healed":0,"gold_gain":0,"player_choice":"Opened","damage_taken":0,"relics_obtained":["Mercury Hourglass"],"max_hp_gain":0,"max_hp_loss":0,"event_name":"The Mausoleum","floor":24,"gold_loss":0,"cards_obtained":["Writhe"]},{"damage_healed":0,"gold_gain":0,"player_choice":"Obtained Book","damage_taken":16,"max_hp_gain":0,"max_hp_loss":0,"event_name":"Cursed Tome","floor":28,"gold_loss":0},{"damage_healed":0,"gold_gain":0,"player_choice":"Fight","damage_taken":0,"max_hp_gain":0,"max_hp_loss":0,"event_name":"Colosseum","floor":30,"gold_loss":0},{"damage_healed":0,"gold_gain":0,"player_choice":"Fled From Nobs","damage_taken":0,"max_hp_gain":0,"max_hp_loss":0,"event_name":"Colosseum","floor":30,"gold_loss":0}],"is_beta":false,"boss_relics":[{"not_picked":["Cursed Key","Lizard Tail"],"picked":"Black Star"}],"items_purged_floors":[5,20],"is_endless":false,"potions_floor_spawned":[4,7,13,18,22,29],"killed_by":"Snecko","ascension_level":0}