{"gold_per_floor":[113,38,38,38,56,56,71,71,95,95,112,141,155,183,183,285,285,300,300,153,153,169,197,214,229,229,104,14,14],"floor_reached":29,"playtime":3268,"items_purged":["Defend_G","Decay","Strike_G"],"score":253,"play_id":"53242295-83d6-41f9-9010-60f9c7160d9e","local_time":"20190204050849","is_ascension_mode":false,"campfire_choices":[{"data":"Distraction","floor":6,"key":"SMITH"},{"data":"Dagger Spray","floor":8,"key":"SMITH"},{"data":"Reflex","floor":10,"key":"SMITH"},{"floor":15,"key":"REST"}],"neow_cost":"NONE","seed_source_timestamp":1153306592388921,"circlet_count":0,"master_deck":["Defend_G","Defend_G","Strike_G","Strike_G","Strike_G","Survivor","Neutralize","Acrobatics","Reflex+1","Distraction+1","Dagger Spray+1","Quick Slash","Tactician","Backflip","Flechettes","Adrenaline","All Out Attack","Flying Knee+1","Dagger Throw+1","Endless Agony","Acrobatics"],"relics":["Ring of the Snake","Oddly Smooth Stone","Darkstone Periapt","Vajra","Coffee Dripper","Incense Burner","Gremlin Horn"],"potions_floor_usage":[14,16,16],"damage_taken":[{"damage":0,"enemies":"2 Louse","floor":1,"turns":3},{"damage":1,"enemies":"Cultist","floor":5,"turns":4},{"damage":8,"enemies":"Small Slimes","floor":7,"turns":4},{"damage":9,"enemies":"Exordium Wildlife","floor":11,"turns":3},{"damage":9,"enemies":"3 Sentries","floor":12,"turns":7},{"damage":0,"enemies":"Looter","floor":13,"turns":2},{"damage":16,"enemies":"Gremlin Nob","floor":14,"turns":5},{"damage":43,"enemies":"The Guardian","floor":16,"turns":8},{"damage":0,"enemies":"3 Byrds","floor":18,"turns":3},{"damage":4,"enemies":"Shell Parasite","floor":22,"turns":5},{"damage":39,"enemies":"Gremlin Leader","floor":23,"turns":6},{"damage":0,"enemies":"Snecko","floor":24,"turns":4},{"damage":17,"enemies":"Sentry and Sphere","floor":25,"turns":4},{"damage":34,"enemies":"Snake Plant","floor":29,"turns":3}],"seed_played":"-5344661396231108324","potions_obtained":[{"floor":5,"key":"Strength Potion"},{"floor":7,"key":"Weak Potion"},{"floor":14,"key":"Energy Potion"},{"floor":16,"key":"FairyPotion"},{"floor":22,"key":"AttackPotion"},{"floor":24,"key":"GhostInAJar"}],"is_trial":false,"path_per_floor":["?","?","M","?","?","$","?"],"character_chosen":"THE_SILENT","items_purchased":["Flying Knee"],"campfire_rested":1,"item_purchase_floors":[20],"current_hp_per_floor":[77,77,70,70,69,69,61,61,61,61,52,43,43,27,50,7,77,77,83,83,74,70,31,31,14,14,14,14,0],"gold":14,"neow_bonus":"TEN_PERCENT_HP_BONUS","is_prod":false,"is_daily":false,"chose_seed":false,"campfire_upgraded":3,"win_rate":0.0,"timestamp":1549253329,"path_taken":["M","$","?","?","?","R","M","R","T","R","M","E","M","E","R","BOSS","M","?","$","?","M","E","M","M","T","?","?","M"],"build_version":"2019-01-23","purchased_purges":3,"victory":false,"max_hp_per_floor":[77,77,77,77,77,77,77,77,77,77,77,77,77,77,77,77,77,77,83,83,83,83,83,83,83,83,83,83,83],"card_choices":[{"not_picked":["Prepared","Calculated Gamble"],"picked":"Acrobatics","floor":1},{"not_picked":["Backflip","Bane"],"picked":"Distraction","floor":5},{"not_picked":["Quick Slash","Sucker Punch"],"picked":"Dagger Spray","floor":7},{"not_picked":["Deflect","Dodge and Roll"],"picked":"Quick Slash","floor":11},{"not_picked":["Blade Dance","Backstab"],"picked":"Tactician","floor":12},{"not_picked":["Blade Dance","Glass Knife"],"picked":"Backflip","floor":13},{"not_picked":["Quick Slash","Slice"],"picked":"Flechettes","floor":14},{"not_picked":["Die Die Die","Venomology"],"picked":"Adrenaline","floor":16},{"not_picked":["Outmaneuver","Poisoned Stab"],"picked":"All Out Attack","floor":18},{"not_picked":["Tactician","Bane"],"picked":"Dagger Throw+1","floor":22},{"not_picked":["Masterful Stab","Acrobatics","Poisoned Stab"],"picked":"SKIP","floor":23},{"not_picked":["Quick Slash+1","Deflect"],"picked":"Endless Agony","floor":24},{"not_picked":["Leg Sweep+1","Backflip"],"picked":"Acrobatics","floor":25}],"player_experience":20001,"relics_obtained":[{"floor":9,"key":"Oddly Smooth Stone"},{"floor":12,"key":"Darkstone Periapt"},{"floor":14,"key":"Vajra"},{"floor":23,"key":"Incense Burner"},{"floor":26,"key":"Gremlin Horn"}],"event_choices":[{"cards_removed":["Defend_G"],"damage_healed":0,"gold_gain":0,"player_choice":"Card Removal","damage_taken":7,"max_hp_gain":0,"max_hp_loss":0,"event_name":"Golden Wing","floor":3,"gold_loss":0},{"damage_healed":0,"gold_gain":0,"cards_transformed":["Strike_G"],"player_choice":"Transformed","damage_taken":0,"max_hp_gain":0,"max_hp_loss":0,"event_name":"Transmorgrifier","floor":4,"gold_loss":0,"cards_obtained":["Reflex"]},{"damage_healed":0,"gold_gain":0,"player_choice":"Smashed Altar","damage_taken":0,"max_hp_gain":0,"max_hp_loss":0,"event_name":"Forgotten Altar","floor":19,"gold_loss":0,"cards_obtained":["Decay"]},{"damage_healed":0,"gold_gain":0,"player_choice":"Stopped","damage_taken":9,"max_hp_gain":0,"max_hp_loss":0,"event_name":"Cursed Tome","floor":21,"gold_loss":0},{"cards_removed":["Defend_G"],"damage_healed":0,"gold_gain":0,"player_choice":"Upgrade and Remove","damage_taken":0,"max_hp_gain":0,"max_hp_loss":0,"event_name":"Designer","floor":28,"gold_loss":90,"cards_upgraded":["Flying Knee"]}],"is_beta":false,"boss_relics":[{"not_picked":["Ectoplasm","Astrolabe"],"picked":"Coffee Dripper"}],"items_purged_floors":[2,20,27],"is_endless":false,"potions_floor_spawned":[5,7,14,16,22,24,25],"killed_by":"Snake Plant","ascension_level":0}