{"gold_per_floor":[119,133,108,108,33,33,45,45,45,45,60,60,72,82,82,178,178,191,209,189,202,202,202,202,202,279,292,47,47],"floor_reached":29,"playtime":1193,"items_purged":["Strike_B"],"score":215,"play_id":"4d8afc1d-a890-47fa-8699-e395926284c4","local_time":"20181225011041","is_ascension_mode":false,"campfire_choices":[{"data":"Zap","floor":6,"key":"SMITH"},{"data":"Sweeping Beam","floor":8,"key":"SMITH"},{"data":"White Noise","floor":12,"key":"SMITH"},{"floor":15,"key":"REST"},{"floor":23,"key":"REST"},{"floor":25,"key":"REST"}],"neow_cost":"NONE","seed_source_timestamp":3026159452812,"circlet_count":0,"master_deck":["Strike_B+1","Strike_B+1","Strike_B+1","Defend_B+1","Defend_B+1","Defend_B+1","Defend_B+1","Zap+1","Dualcast+1","Sweeping Beam+1","Go for the Eyes+1","Compile Driver","Redo","White Noise+1","White Noise","Chaos","Machine Learning","Leap","Streamline","Conserve Battery","Decay","Ball Lightning","Steam","Sweeping Beam"],"relics":["Cracked Core","NeowsBlessing","Du-Vu Doll","Lizard Tail","Frozen Egg 2","Strawberry"],"potions_floor_usage":[16,16,18],"damage_taken":[{"damage":0,"enemies":"2 Louse","floor":1,"turns":1},{"damage":0,"enemies":"Cultist","floor":2,"turns":1},{"damage":0,"enemies":"Small Slimes","floor":7,"turns":1},{"damage":10,"enemies":"3 Louse","floor":11,"turns":3},{"damage":2,"enemies":"Blue Slaver","floor":13,"turns":2},{"damage":10,"enemies":"Exordium Wildlife","floor":14,"turns":4},{"damage":27,"enemies":"Slime Boss","floor":16,"turns":9},{"damage":5,"enemies":"Chosen","floor":18,"turns":4},{"damage":21,"enemies":"Spheric Guardian","floor":19,"turns":4},{"damage":50,"enemies":"Cultist and Chosen","floor":21,"turns":7},{"damage":60,"enemies":"Shelled Parasite and Fungi","floor":27,"turns":8},{"damage":38,"enemies":"Book of Stabbing","floor":29,"turns":5}],"seed_played":"6147974564709931021","potions_obtained":[{"floor":2,"key":"Swift Potion"},{"floor":11,"key":"Explosive Potion"},{"floor":14,"key":"FocusPotion"},{"floor":20,"key":"FairyPotion"},{"floor":27,"key":"Dexterity Potion"}],"is_trial":false,"path_per_floor":["M","M","$","?","$","R","M","R","T","?","M","R","M","M","R","B",null,"M","M","?","M","?","R","?","R","T","M","$","E"],"character_chosen":"DEFECT","items_purchased":["Compile Driver","Steam","Sweeping Beam","Strawberry"],"campfire_rested":3,"item_purchase_floors":[3,28,28,28],"current_hp_per_floor":[75,75,75,75,75,75,75,75,75,60,50,50,48,38,60,33,75,70,49,49,7,7,29,29,51,51,30,37,0],"gold":47,"neow_bonus":"THREE_ENEMY_KILL","is_prod":false,"is_daily":false,"chose_seed":false,"campfire_upgraded":3,"win_rate":0.0,"timestamp":1545667841,"path_taken":["M","M","$","?","$","R","?","R","T","?","M","R","M","M","R","BOSS","M","M","?","?","?","R","?","R","T","M","$","E"],"build_version":"2018-12-20","purchased_purges":1,"victory":false,"max_hp_per_floor":[75,75,75,75,75,75,75,75,75,75,75,75,75,75,75,75,75,75,75,75,75,75,75,75,75,75,75,82,82],"card_choices":[{"not_picked":["Cold Snap","Barrage"],"picked":"Sweeping Beam","floor":1},{"not_picked":["Stack","Beam Cell"],"picked":"Go for the Eyes","floor":2},{"not_picked":["Blizzard","Go for the Eyes"],"picked":"Redo","floor":7},{"not_picked":["Steam","Cold Snap"],"picked":"White Noise","floor":11},{"not_picked":["Hologram","Sweeping Beam"],"picked":"White Noise","floor":13},{"not_picked":["White Noise","Hologram"],"picked":"Chaos","floor":14},{"not_picked":["Multi-Cast","Meteor Strike"],"picked":"Machine Learning","floor":16},{"not_picked":["Rebound","Beam Cell"],"picked":"Leap","floor":18},{"not_picked":["Double Energy","Stack"],"picked":"Streamline","floor":19},{"not_picked":["Streamline","Redo"],"picked":"Conserve Battery","floor":21},{"not_picked":["Go for the Eyes","Streamline+1"],"picked":"Ball Lightning","floor":27}],"player_experience":45203,"relics_obtained":[{"floor":9,"key":"Du-Vu Doll"},{"floor":26,"key":"Frozen Egg 2"}],"event_choices":[{"damage_healed":0,"gold_gain":0,"player_choice":"Ignored","damage_taken":0,"max_hp_gain":0,"max_hp_loss":0,"event_name":"NoteForYourself","floor":4,"gold_loss":0},{"damage_healed":0,"gold_gain":0,"player_choice":"Entered Light","damage_taken":15,"max_hp_gain":0,"max_hp_loss":0,"event_name":"Shining Light","floor":10,"gold_loss":0,"cards_upgraded":["Go for the Eyes","Dualcast"]},{"damage_healed":0,"gold_gain":0,"player_choice":"Bought 1 Potion","damage_taken":0,"max_hp_gain":0,"max_hp_loss":0,"event_name":"The Woman in Blue","floor":20,"gold_loss":0},{"damage_healed":0,"gold_gain":0,"player_choice":"Simplicity","damage_taken":0,"max_hp_gain":0,"max_hp_loss":0,"event_name":"Back to Basics","floor":22,"gold_loss":0,"cards_upgraded":["Strike_B","Strike_B","Strike_B","Defend_B","Defend_B","Defend_B","Defend_B"]},{"damage_healed":0,"gold_gain":0,"player_choice":"Smashed Altar","damage_taken":0,"max_hp_gain":0,"max_hp_loss":0,"event_name":"Forgotten Altar","floor":24,"gold_loss":0,"cards_obtained":["Decay"]}],"is_beta":false,"boss_relics":[{"not_picked":["Tiny House","Sozu"],"picked":"Lizard Tail"}],"items_purged_floors":[5],"is_endless":false,"potions_floor_spawned":[2,11,14,27],"killed_by":"Book of Stabbing","ascension_level":0}