{"gold_per_floor":[112,37,51,1,13,31,51,51,103,137,151,151,168,188,188,188],"floor_reached":16,"playtime":1135,"items_purged":["Defend_R"],"score":106,"play_id":"211659ac-743c-4420-8d50-7448e904aaf0","local_time":"20181019124822","is_ascension_mode":false,"campfire_choices":[{"data":"Whirlwind","floor":8,"key":"SMITH"},{"floor":12,"key":"REST"},{"data":"Body Slam","floor":15,"key":"SMITH"}],"neow_cost":"NONE","seed_source_timestamp":9131071608500,"circlet_count":0,"master_deck":["Strike_R","Strike_R","Strike_R","Strike_R","Strike_R","Defend_R","Defend_R","Defend_R","Bash+1","True Grit","Iron Wave","Twin Strike","Whirlwind+1","Body Slam+1","Iron Wave","Headbutt","Spot Weakness"],"relics":["Burning Blood","Omamori","Paper Frog"],"potions_floor_usage":[11,11,16,16,16],"damage_taken":[{"damage":9,"enemies":"Jaw Worm","floor":1,"turns":4},{"damage":6,"enemies":"Cultist","floor":3,"turns":3},{"damage":5,"enemies":"2 Louse","floor":5,"turns":3},{"damage":12,"enemies":"Blue Slaver","floor":6,"turns":3},{"damage":20,"enemies":"Looter","floor":7,"turns":3},{"damage":44,"enemies":"Lagavulin","floor":10,"turns":7},{"damage":3,"enemies":"Lots of Slimes","floor":11,"turns":3},{"damage":8,"enemies":"Large Slime","floor":13,"turns":5},{"damage":6,"enemies":"2 Fungi Beasts","floor":14,"turns":2},{"damage":58,"enemies":"The Guardian","floor":16,"turns":8}],"seed_played":"2427701155906847878","potions_obtained":[{"floor":3,"key":"BloodPotion"},{"floor":6,"key":"AttackPotion"},{"floor":7,"key":"Poison Potion"},{"floor":11,"key":"SpeedPotion"},{"floor":13,"key":"Block Potion"}],"is_trial":false,"path_per_floor":["M","$","M","$","M","M","M","R","T","E","M","R","M","M","R"],"character_chosen":"IRONCLAD","items_purchased":["Twin Strike"],"campfire_rested":1,"item_purchase_floors":[4],"current_hp_per_floor":[77,77,77,77,78,72,58,58,58,20,31,55,53,53,53,0],"gold":188,"neow_bonus":"UPGRADE_CARD","is_prod":false,"is_daily":false,"chose_seed":false,"campfire_upgraded":2,"win_rate":0.0,"timestamp":1539924502,"path_taken":["M","$","M","$","M","M","M","R","T","E","M","R","M","M","R","BOSS"],"build_version":"2018-10-18","purchased_purges":1,"victory":false,"max_hp_per_floor":[80,80,80,80,80,80,80,80,80,80,80,80,80,80,80,80],"card_choices":[{"not_picked":["Perfected Strike","Clothesline"],"picked":"True Grit","floor":1},{"not_picked":["Anger","Reckless Charge"],"picked":"Iron Wave","floor":3},{"not_picked":["Rage","Carnage","Dropkick"],"picked":"SKIP","floor":5},{"not_picked":["Clothesline","Thunderclap"],"picked":"Whirlwind","floor":6},{"not_picked":["Bludgeon","Sword Boomerang"],"picked":"Body Slam","floor":7},{"not_picked":["Perfected Strike","Combust"],"picked":"Iron Wave","floor":10},{"not_picked":["Evolve","Dual Wield"],"picked":"Headbutt","floor":11},{"not_picked":["Thunderclap","Blood for Blood","Dual Wield"],"picked":"SKIP","floor":13},{"not_picked":["Shrug It Off","Anger"],"picked":"Spot Weakness","floor":14}],"player_experience":31192,"relics_obtained":[{"floor":9,"key":"Omamori"},{"floor":10,"key":"Paper Frog"}],"event_choices":[],"is_beta":false,"boss_relics":[],"items_purged_floors":[2],"is_endless":false,"potions_floor_spawned":[3,6,7,11,13],"killed_by":"The Guardian","ascension_level":0}