{"gold_per_floor":[114,114,289,15,15,15,30,45,45,45,75,90,105,120,120,220,220,235,215,230,245,260,260,260,290,340,340,69,69,84,114,114,214,214,229,0,0,0,15,15,45,60,85,108,108,138,138,153,153,153],"floor_reached":51,"playtime":2807,"items_purged":["Doubt"],"score":870,"play_id":"48f97559-d9c0-4fac-8b77-50197b63ac94","local_time":"20190204140704","daily_mods":["Draft","Colorless Cards","Night Terrors"],"is_ascension_mode":false,"campfire_choices":[{"data":"Dark Shackles","floor":10,"key":"SMITH"},{"data":"FTL","floor":15,"key":"SMITH"},{"data":"Discovery","floor":23,"key":"SMITH"},{"data":"Impatience","floor":27,"key":"SMITH"},{"data":"Dark Shackles","floor":29,"key":"SMITH"},{"data":"Hologram","floor":32,"key":"SMITH"},{"data":"Thinking Ahead","floor":40,"key":"SMITH"},{"data":"Chrysalis","floor":47,"key":"SMITH"},{"floor":49,"key":"REST"}],"neow_cost":"","seed_source_timestamp":0,"circlet_count":0,"master_deck":["Rebound","Go for the Eyes","Discovery+1","Swift Strike","FTL+1","Gash","Conserve Battery","Compile Driver","Conserve Battery+1","Dark Shackles+1","Undo+1","Finesse","Go for the Eyes","Impatience+1","Cold Snap","Gash","Go for the Eyes","Bandage Up","Gash","Gash","Bandage Up","Steam","All For One","Bandage Up+1","Discovery+1","Dramatic Entrance","Finesse","RitualDagger","Gash","Dark Shackles+1","Hologram+1","Impatience+1","Dramatic Entrance","All For One","Go for the Eyes+1","Flash of Steel","Panache","Thinking Ahead+1","Beam Cell","Discovery","Chrysalis+1","Gash+1","Discovery"],"special_seed":17931,"relics":["Cracked Core","Boot","Peace Pipe","Calipers","Omamori","Philosopher\u0027s Stone","DataDisk","Lantern","Potion Belt","Sozu","Red Mask","Du-Vu Doll","Bag of Preparation","War Paint","Torii","Juzu Bracelet"],"potions_floor_usage":[11,11,20,21,25,25,28,31,41],"damage_taken":[{"damage":0,"enemies":"Small Slimes","floor":1,"turns":3},{"damage":0,"enemies":"Jaw Worm","floor":7,"turns":2},{"damage":0,"enemies":"2 Louse","floor":8,"turns":2},{"damage":6,"enemies":"Gremlin Nob","floor":11,"turns":3},{"damage":5,"enemies":"Blue Slaver","floor":12,"turns":3},{"damage":0,"enemies":"2 Fungi Beasts","floor":13,"turns":3},{"damage":1,"enemies":"Gremlin Gang","floor":14,"turns":5},{"damage":46,"enemies":"The Guardian","floor":16,"turns":8},{"damage":3,"enemies":"Shell Parasite","floor":18,"turns":2},{"damage":7,"enemies":"Spheric Guardian","floor":20,"turns":3},{"damage":0,"enemies":"3 Cultists","floor":21,"turns":4},{"damage":20,"enemies":"Shelled Parasite and Fungi","floor":22,"turns":4},{"damage":4,"enemies":"Slavers","floor":25,"turns":2},{"damage":29,"enemies":"Sentry and Sphere","floor":30,"turns":5},{"damage":5,"enemies":"Book of Stabbing","floor":31,"turns":4},{"damage":4,"enemies":"Automaton","floor":33,"turns":8},{"damage":12,"enemies":"Orb Walker","floor":35,"turns":3},{"damage":0,"enemies":"3 Darklings","floor":39,"turns":2},{"damage":28,"enemies":"Giant Head","floor":41,"turns":7},{"damage":14,"enemies":"Transient","floor":42,"turns":5},{"damage":25,"enemies":"2 Orb Walkers","floor":44,"turns":4},{"damage":25,"enemies":"Nemesis","floor":46,"turns":5},{"damage":0,"enemies":"Spire Growth","floor":48,"turns":2},{"damage":10,"enemies":"Awakened One","floor":50,"turns":7}],"seed_played":"-1671587602843192700","potions_obtained":[{"floor":7,"key":"Regen Potion"},{"floor":8,"key":"Dexterity Potion"},{"floor":14,"key":"Explosive Potion"},{"floor":18,"key":"Weak Potion"},{"floor":19,"key":"Swift Potion"},{"floor":20,"key":"SteroidPotion"},{"floor":22,"key":"Swift Potion"},{"floor":31,"key":"AttackPotion"}],"is_trial":false,"path_per_floor":["M","?","?","$","?","?","M","M","T","R","E","M","M","M","R","B",null,"M","?","M","M","M","R","?","E","T","R","$","R","M","E","R","B",null,"M","?","?","T","M","R","E","M","T","?","?","E","R","M","R","B",null],"character_chosen":"DEFECT","items_purchased":["Boot","Go for the Eyes","Gash","Fruit Juice","Dark Shackles","Hologram"],"campfire_rested":1,"item_purchase_floors":[4,4,28,28,28,28],"current_hp_per_floor":[75,75,75,75,75,63,63,67,67,67,75,75,75,75,75,44,75,72,72,75,75,72,72,66,66,66,66,71,71,62,78,78,80,80,75,75,65,65,69,69,62,69,69,62,62,51,51,51,75,73],"gold":153,"neow_bonus":"","is_prod":false,"is_daily":true,"chose_seed":false,"campfire_upgraded":8,"win_rate":0,"timestamp":1549260424,"path_taken":["M","?","?","?","?","?","M","?","T","R","E","M","M","M","R","BOSS","M","?","M","M","?","R","?","E","T","R","?","R","M","E","R","BOSS","M","?","?","?","M","R","E","M","T","?","?","E","R","M","R","BOSS"],"build_version":"2019-01-23","purchased_purges":1,"victory":true,"max_hp_per_floor":[75,75,75,75,75,75,75,75,75,75,75,75,75,75,75,75,75,75,75,75,75,75,75,75,75,75,75,80,80,80,80,80,80,80,80,80,80,80,80,80,80,80,80,80,80,80,80,80,75,75],"card_choices":[{"not_picked":["Streamline","Enlightenment"],"picked":"Rebound","floor":0},{"not_picked":["Leap","Blizzard"],"picked":"Go for the Eyes","floor":0},{"not_picked":["Steam","Cold Snap"],"picked":"Discovery","floor":0},{"not_picked":["Auto Shields","Hologram"],"picked":"Swift Strike","floor":0},{"not_picked":["Self Repair","Redo"],"picked":"FTL","floor":0},{"not_picked":["Redo","Sunder"],"picked":"Gash","floor":0},{"not_picked":["Steam","Reprogram"],"picked":"Conserve Battery","floor":0},{"not_picked":["Redo","Stack"],"picked":"Compile Driver","floor":0},{"not_picked":["Ball Lightning","Tempest"],"picked":"Conserve Battery","floor":0},{"not_picked":["Redo","Beam Cell"],"picked":"Dark Shackles","floor":0},{"not_picked":["Tempest","Redo"],"picked":"Undo","floor":0},{"not_picked":["Enlightenment","Sweeping Beam"],"picked":"Finesse","floor":0},{"not_picked":["Panacea","Redo"],"picked":"Go for the Eyes","floor":0},{"not_picked":["Stack","Trip"],"picked":"Impatience","floor":0},{"not_picked":["Rebound","Conserve Battery"],"picked":"Cold Snap","floor":0},{"not_picked":["Sweeping Beam","Rebound"],"picked":"Gash","floor":1},{"not_picked":["Recycle","Streamline"],"picked":"Bandage Up","floor":7},{"not_picked":["Go for the Eyes","Coolheaded"],"picked":"Self Repair","floor":8},{"not_picked":["Dramatic Entrance","Coolheaded"],"picked":"Gash","floor":11},{"not_picked":["Hologram","Beam Cell"],"picked":"Gash","floor":12},{"not_picked":["Melter","Turbo"],"picked":"Bandage Up","floor":13},{"not_picked":["Panacea","Hologram"],"picked":"Steam","floor":14},{"not_picked":["Secret Technique","Master of Strategy"],"picked":"All For One","floor":16},{"not_picked":["Lockon","Sweeping Beam+1"],"picked":"Bandage Up+1","floor":18},{"not_picked":["Compile Driver","Skim"],"picked":"Discovery","floor":20},{"not_picked":["Steam Power","Compile Driver"],"picked":"Dramatic Entrance","floor":21},{"not_picked":["Ball Lightning+1","Auto Shields"],"picked":"Finesse","floor":22},{"not_picked":["Streamline","Enlightenment","Sadistic Nature"],"picked":"SKIP","floor":25},{"not_picked":["Go for the Eyes","Ball Lightning"],"picked":"Impatience+1","floor":30},{"not_picked":["Compile Driver","Hologram"],"picked":"Dramatic Entrance","floor":31},{"not_picked":["Electrodynamics","Sadistic Nature"],"picked":"All For One","floor":33},{"not_picked":["Hologram+1","Jack Of All Trades+1"],"picked":"Go for the Eyes+1","floor":35},{"not_picked":["Thinking Ahead","Dramatic Entrance"],"picked":"Flash of Steel","floor":37},{"not_picked":["Flash of Steel","Sadistic Nature"],"picked":"Panache","floor":37},{"not_picked":["Swift Strike","Dark Shackles"],"picked":"Thinking Ahead","floor":37},{"not_picked":["Skim","Redo"],"picked":"Beam Cell","floor":39},{"not_picked":["Hologram+1","Compile Driver+1"],"picked":"Discovery","floor":41},{"not_picked":["Blizzard+1","Compile Driver","Hello World+1"],"picked":"SKIP","floor":42},{"not_picked":["Static Discharge","Steam"],"picked":"Chrysalis","floor":44},{"not_picked":["Compile Driver","Steam Power"],"picked":"Gash+1","floor":46},{"not_picked":["Sweeping Beam+1","Enlightenment+1"],"picked":"Discovery","floor":48}],"player_experience":41268,"relics_obtained":[{"floor":9,"key":"Calipers"},{"floor":11,"key":"Omamori"},{"floor":25,"key":"DataDisk"},{"floor":26,"key":"Lantern"},{"floor":31,"key":"Potion Belt"},{"floor":38,"key":"Du-Vu Doll"},{"floor":41,"key":"Bag of Preparation"},{"floor":43,"key":"War Paint"},{"floor":44,"key":"Torii"},{"floor":46,"key":"Juzu Bracelet"}],"event_choices":[{"damage_healed":0,"gold_gain":0,"player_choice":"Grow","damage_taken":0,"max_hp_gain":0,"max_hp_loss":0,"event_name":"Living Wall","floor":2,"gold_loss":0,"cards_upgraded":["Discovery"]},{"damage_healed":0,"gold_gain":175,"player_choice":"AGREE","damage_taken":0,"max_hp_gain":0,"max_hp_loss":0,"event_name":"Liars Game","floor":3,"gold_loss":0,"cards_obtained":["Doubt"]},{"damage_healed":0,"gold_gain":0,"player_choice":"Ignored","damage_taken":0,"max_hp_gain":0,"max_hp_loss":0,"event_name":"Golden Wing","floor":5,"gold_loss":0},{"damage_healed":0,"gold_gain":0,"player_choice":"Success","damage_taken":12,"relics_obtained":["Peace Pipe"],"max_hp_gain":0,"max_hp_loss":0,"event_name":"Scrap Ooze","floor":6,"gold_loss":0},{"damage_healed":0,"gold_gain":0,"player_choice":"Bought 1 Potion","damage_taken":0,"max_hp_gain":0,"max_hp_loss":0,"event_name":"The Woman in Blue","floor":19,"gold_loss":0},{"damage_healed":0,"gold_gain":0,"player_choice":"Joined the Cult","damage_taken":6,"max_hp_gain":0,"max_hp_loss":0,"event_name":"Nest","floor":24,"gold_loss":0,"cards_obtained":["RitualDagger"]},{"damage_healed":0,"gold_gain":0,"player_choice":"Paid","damage_taken":0,"relics_obtained":["Red Mask"],"max_hp_gain":0,"max_hp_loss":0,"event_name":"Tomb of Lord Red Mask","floor":36,"gold_loss":229},{"damage_healed":0,"gold_gain":0,"player_choice":"Memory 3","damage_taken":10,"max_hp_gain":0,"max_hp_loss":0,"event_name":"SensoryStone","floor":37,"gold_loss":0},{"damage_healed":0,"gold_gain":0,"player_choice":"Fight","damage_taken":0,"max_hp_gain":0,"max_hp_loss":0,"event_name":"Mysterious Sphere","floor":44,"gold_loss":0},{"cards_removed":["Self Repair"],"damage_healed":0,"gold_gain":0,"player_choice":"Removed Power","damage_taken":0,"max_hp_gain":0,"max_hp_loss":0,"event_name":"Falling","floor":45,"gold_loss":0}],"is_beta":true,"boss_relics":[{"not_picked":["Snecko Eye","Ectoplasm"],"picked":"Philosopher\u0027s Stone"},{"not_picked":["Runic Dome","Empty Cage"],"picked":"Sozu"}],"items_purged_floors":[4],"is_endless":false,"potions_floor_spawned":[7,8,14,18,20,22,31,39,41,42],"ascension_level":0}