{"gold_per_floor":[116,133,233,252,263,263,290,290,316,334,334,367,367,31,31,133,133,150,80,80,80,80,80,80],"floor_reached":24,"playtime":971,"items_purged":[],"score":232,"play_id":"97eae905-b8f7-44bf-bd0b-f123e8a542ad","local_time":"20190205222616","is_ascension_mode":true,"campfire_choices":[{"floor":6,"key":"RECALL"},{"floor":8,"key":"REST"},{"floor":11,"key":"REST"},{"data":"Conserve Battery","floor":13,"key":"SMITH"},{"data":"Redo","floor":15,"key":"SMITH"},{"data":"Chaos","floor":23,"key":"SMITH"}],"neow_cost":"NONE","seed_source_timestamp":380162574956832,"circlet_count":0,"master_deck":["Strike_B","Strike_B","Strike_B","Strike_B","Defend_B","Defend_B","Defend_B","Defend_B","Zap","Dualcast","Sweeping Beam","Gash","Stack","Ball Lightning","Electrodynamics","Darkness","Conserve Battery+1","Darkness","Redo+1","Multi-Cast","Shame","Doubt","Darkness","Chaos+1","RitualDagger"],"relics":["Cracked Core","Bag of Marbles","Regal Pillow","Dead Branch","Calling Bell","Lantern","Pantograph","Nunchaku","Dream Catcher"],"potions_floor_usage":[10,24,24,24],"damage_taken":[{"damage":0,"enemies":"Cultist","floor":1,"turns":3},{"damage":12,"enemies":"Small Slimes","floor":2,"turns":2},{"damage":7,"enemies":"Jaw Worm","floor":4,"turns":4},{"damage":6,"enemies":"Looter","floor":5,"turns":3},{"damage":33,"enemies":"Lagavulin","floor":7,"turns":5},{"damage":0,"enemies":"Large Slime","floor":10,"turns":4},{"damage":14,"enemies":"3 Sentries","floor":12,"turns":3},{"damage":3,"enemies":"Slime Boss","floor":16,"turns":6},{"damage":12,"enemies":"Chosen","floor":18,"turns":4},{"damage":67,"enemies":"Book of Stabbing","floor":24,"turns":5}],"seed_played":"7733019344429673426","potions_obtained":[{"floor":2,"key":"LiquidBronze"},{"floor":7,"key":"Fruit Juice"},{"floor":10,"key":"SteroidPotion"},{"floor":16,"key":"Fire Potion"}],"is_trial":false,"path_per_floor":["M","M","?","M","M","R","E","R","T","M","R","E","R","$","R","B",null,"M","$","?","?","T","R","E"],"character_chosen":"DEFECT","items_purchased":["Dead Branch","Redo","Chaos"],"campfire_rested":2,"item_purchase_floors":[14,14,19],"current_hp_per_floor":[75,63,63,56,50,50,17,39,39,44,68,54,54,54,54,51,80,68,68,68,62,62,62,0],"gold":80,"neow_bonus":"THREE_CARDS","is_prod":false,"is_daily":false,"chose_seed":false,"campfire_upgraded":3,"win_rate":0,"timestamp":1549401976,"path_taken":["M","M","?","M","M","R","E","R","T","M","R","E","R","$","R","BOSS","M","?","?","?","?","R","E"],"build_version":"2019-01-23","purchased_purges":0,"victory":false,"max_hp_per_floor":[75,75,75,75,75,75,75,75,75,80,80,80,80,80,80,80,80,80,80,80,80,80,80,80],"card_choices":[{"not_picked":["Beam Cell","Stack"],"picked":"Sweeping Beam","floor":0},{"not_picked":["Conserve Battery","Streamline"],"picked":"Gash","floor":1},{"not_picked":["Machine Learning","Reinforced Body"],"picked":"Stack","floor":2},{"not_picked":["Recycle","Hologram"],"picked":"Ball Lightning","floor":4},{"not_picked":["Gash","Streamline"],"picked":"Electrodynamics","floor":5},{"not_picked":["Barrage","Turbo"],"picked":"Darkness","floor":7},{"not_picked":["Compile Driver","Go for the Eyes"],"picked":"Conserve Battery","floor":10},{"not_picked":["Cold Snap","Go for the Eyes"],"picked":"Darkness","floor":12},{"not_picked":["Machine Learning","Rainbow"],"picked":"Multi-Cast","floor":16},{"not_picked":["Sweeping Beam","Go for the Eyes+1"],"picked":"Darkness","floor":18}],"player_experience":573943,"relics_obtained":[{"floor":7,"key":"Bag of Marbles"},{"floor":12,"key":"Regal Pillow"},{"floor":17,"key":"Lantern"},{"floor":17,"key":"Pantograph"},{"floor":17,"key":"Nunchaku"},{"floor":22,"key":"Dream Catcher"}],"event_choices":[{"damage_healed":0,"gold_gain":100,"player_choice":"Pray","damage_taken":0,"max_hp_gain":0,"max_hp_loss":0,"event_name":"Golden Shrine","floor":3,"gold_loss":0},{"cards_removed":["Regret"],"damage_healed":0,"gold_gain":0,"player_choice":"Elegance","damage_taken":0,"max_hp_gain":0,"max_hp_loss":0,"event_name":"Back to Basics","floor":20,"gold_loss":0},{"damage_healed":0,"gold_gain":0,"player_choice":"Joined the Cult","damage_taken":6,"max_hp_gain":0,"max_hp_loss":0,"event_name":"Nest","floor":21,"gold_loss":0,"cards_obtained":["RitualDagger"]}],"is_beta":false,"boss_relics":[{"not_picked":["Lizard Tail","Velvet Choker"],"picked":"Calling Bell"}],"items_purged_floors":[],"is_endless":false,"potions_floor_spawned":[2,7,10,16],"killed_by":"Book of Stabbing","ascension_level":3}