{"gold_per_floor":[110,35,55,72,84,84,84,116,196,196,208,219,232,258,258,361,361,374,17,35,51,151,151,171,187,187,187,212,228,228,245,245,245],"floor_reached":33,"playtime":2522,"items_purged":["Strike_R","Strike_R"],"score":298,"play_id":"f086eae3-e054-4bb7-8f2f-c54b8d6f38e1","local_time":"20181225023942","is_ascension_mode":false,"campfire_choices":[{"data":"Offering","floor":6,"key":"SMITH"},{"data":"Armaments","floor":15,"key":"SMITH"},{"data":"Armaments","floor":23,"key":"SMITH"},{"data":"Whirlwind","floor":30,"key":"SMITH"},{"floor":32,"key":"REST"}],"neow_cost":"NONE","seed_source_timestamp":14530767872700,"circlet_count":0,"master_deck":["Strike_R+1","Defend_R","Defend_R","Defend_R","Defend_R","Bash","Offering+1","Thunderclap+1","Pommel Strike","Shrug It Off","Sword Boomerang","Iron Wave","Armaments+1","Thunderclap","Anger","Immolate","Armaments+1","Whirlwind+1","True Grit","Trip","Fire Breathing","Cleave","Pommel Strike","Anger+1","Seeing Red"],"relics":["Burning Blood","Mango","Meat on the Bone","Vajra","Lizard Tail","Calipers","Singing Bowl","FossilizedHelix","Anchor"],"potions_floor_usage":[16,20,29,31,33,33,33],"damage_taken":[{"damage":6,"enemies":"Cultist","floor":1,"turns":3},{"damage":14,"enemies":"Small Slimes","floor":3,"turns":2},{"damage":6,"enemies":"2 Louse","floor":4,"turns":2},{"damage":25,"enemies":"Exordium Thugs","floor":5,"turns":3},{"damage":12,"enemies":"Gremlin Nob","floor":8,"turns":3},{"damage":7,"enemies":"Blue Slaver","floor":11,"turns":3},{"damage":10,"enemies":"Looter","floor":12,"turns":3},{"damage":1,"enemies":"3 Louse","floor":13,"turns":2},{"damage":65,"enemies":"The Guardian","floor":16,"turns":7},{"damage":16,"enemies":"Spheric Guardian","floor":18,"turns":3},{"damage":24,"enemies":"2 Thieves","floor":20,"turns":3},{"damage":16,"enemies":"Snecko","floor":21,"turns":3},{"damage":46,"enemies":"Colosseum Slavers","floor":22,"turns":4},{"damage":37,"enemies":"Colosseum Nobs","floor":22,"turns":3},{"damage":43,"enemies":"Snake Plant","floor":24,"turns":4},{"damage":6,"enemies":"3 Cultists","floor":25,"turns":3},{"damage":46,"enemies":"Gremlin Leader","floor":28,"turns":5},{"damage":0,"enemies":"Snecko","floor":29,"turns":3},{"damage":26,"enemies":"Centurion and Healer","floor":31,"turns":4},{"damage":83,"enemies":"Champ","floor":33,"turns":9}],"seed_played":"7535334252748556816","potions_obtained":[{"floor":1,"key":"LiquidBronze"},{"floor":4,"key":"Poison Potion"},{"floor":8,"key":"Explosive Potion"},{"floor":16,"key":"SkillPotion"},{"floor":21,"key":"SkillPotion"},{"floor":29,"key":"Ancient Potion"},{"floor":31,"key":"Ancient Potion"}],"is_trial":false,"path_per_floor":["M","$","M","M","M","R","?","E","T","?","M","M","M","T","R","B",null,"M","$","M","M","?","R","M","M","T","?","E","M","R","M","R","B"],"character_chosen":"IRONCLAD","items_purchased":["Whirlwind","True Grit","Trip","Fire Breathing"],"campfire_rested":1,"item_purchase_floors":[19,19,19,19],"current_hp_per_floor":[80,80,72,72,53,53,53,61,61,42,53,61,66,66,66,19,94,84,84,66,56,61,61,36,48,48,48,22,42,42,36,66,0],"gold":245,"neow_bonus":"ONE_RANDOM_RARE_CARD","is_prod":false,"is_daily":false,"chose_seed":false,"campfire_upgraded":4,"win_rate":0,"timestamp":1545676782,"path_taken":["M","$","?","?","M","R","?","E","T","?","M","M","?","?","R","BOSS","M","$","M","M","?","R","M","M","T","?","E","?","R","M","R","BOSS"],"build_version":"2018-12-20","purchased_purges":2,"victory":false,"max_hp_per_floor":[80,80,80,80,80,80,80,94,94,94,94,94,94,94,94,94,94,94,94,94,94,96,96,96,96,96,96,98,100,100,102,102,102],"card_choices":[{"not_picked":["Metallicize","Flex"],"picked":"Thunderclap","floor":1},{"not_picked":["Flame Barrier","Thunderclap"],"picked":"Pommel Strike","floor":3},{"not_picked":["Warcry","Clash"],"picked":"Shrug It Off","floor":4},{"not_picked":["Shrug It Off","Offering"],"picked":"Sword Boomerang","floor":5},{"not_picked":["Twin Strike","Barricade"],"picked":"Iron Wave","floor":8},{"not_picked":["Rampage","Twin Strike"],"picked":"Armaments","floor":11},{"not_picked":["Havoc","Inflame"],"picked":"Thunderclap","floor":12},{"not_picked":["Shrug It Off","Thunderclap"],"picked":"Anger","floor":13},{"not_picked":["Feed","Bludgeon"],"picked":"Immolate","floor":16},{"not_picked":["Body Slam","Pommel Strike+1"],"picked":"Armaments","floor":18},{"not_picked":["Sword Boomerang","Flex"],"picked":"Cleave","floor":20},{"not_picked":["Spot Weakness+1","Wild Strike"],"picked":"Pommel Strike","floor":21},{"not_picked":["Anger","Intimidate","Sentinel"],"picked":"Singing Bowl","floor":22},{"not_picked":["Heavy Blade","Clash"],"picked":"Anger+1","floor":24},{"not_picked":["Pommel Strike","Clothesline+1"],"picked":"Seeing Red","floor":25},{"not_picked":["Spot Weakness","Ghostly Armor","Clothesline"],"picked":"Singing Bowl","floor":28},{"not_picked":["Perfected Strike","Cleave","Rupture+1"],"picked":"Singing Bowl","floor":29},{"not_picked":["Juggernaut","Hemokinesis+1","Corruption"],"picked":"Singing Bowl","floor":31}],"player_experience":69107,"relics_obtained":[{"floor":8,"key":"Mango"},{"floor":9,"key":"Meat on the Bone"},{"floor":14,"key":"Vajra"},{"floor":22,"key":"Calipers"},{"floor":22,"key":"Singing Bowl"},{"floor":26,"key":"FossilizedHelix"},{"floor":28,"key":"Anchor"}],"event_choices":[{"cards_removed":["Strike_R"],"damage_healed":0,"gold_gain":0,"player_choice":"Forget","damage_taken":0,"max_hp_gain":0,"max_hp_loss":0,"event_name":"Living Wall","floor":7,"gold_loss":0},{"damage_healed":0,"gold_gain":0,"player_choice":"Entered Light","damage_taken":19,"max_hp_gain":0,"max_hp_loss":0,"event_name":"Shining Light","floor":10,"gold_loss":0,"cards_upgraded":["Strike_R","Thunderclap"]},{"damage_healed":0,"gold_gain":0,"player_choice":"Fight","damage_taken":0,"max_hp_gain":0,"max_hp_loss":0,"event_name":"Colosseum","floor":22,"gold_loss":0},{"damage_healed":0,"gold_gain":0,"player_choice":"Fought Nobs","damage_taken":0,"max_hp_gain":0,"max_hp_loss":0,"event_name":"Colosseum","floor":22,"gold_loss":0},{"cards_removed":["Strike_R"],"damage_healed":0,"gold_gain":0,"player_choice":"Card Removal","damage_taken":0,"max_hp_gain":0,"max_hp_loss":0,"event_name":"Wheel of Change","floor":27,"gold_loss":0}],"is_beta":false,"boss_relics":[{"not_picked":["Astrolabe","Velvet Choker"],"picked":"Lizard Tail"}],"items_purged_floors":[2,19],"is_endless":false,"potions_floor_spawned":[1,4,8,11,13,16,21,22,25,28,29,31],"killed_by":"Champ","ascension_level":0}