{"gold_per_floor":[109,34,47,47,47,66,98,98,147,147,147,186,262,278,278,278],"floor_reached":16,"playtime":946,"items_purged":["Strike_R"],"score":113,"play_id":"468f00f3-7824-42ef-b416-03ad01adc95f","local_time":"20190111203917","is_ascension_mode":true,"campfire_choices":[{"data":"Whirlwind","floor":8,"key":"SMITH"},{"floor":10,"key":"REST"},{"floor":15,"key":"REST"}],"neow_cost":"NONE","seed_source_timestamp":114038225884867,"circlet_count":0,"master_deck":["Strike_R","Strike_R","Strike_R","Defend_R","Defend_R","Defend_R","Defend_R","Bash","Whirlwind+1","Headbutt","Flex","Wild Strike","Warcry","Warcry","Burning Pact"],"relics":["Burning Blood","Vajra","Shuriken","Orichalcum","Golden Idol","Gremlin Horn","Strawberry"],"potions_floor_usage":[7,16,16],"damage_taken":[{"damage":3,"enemies":"Cultist","floor":1,"turns":5},{"damage":10,"enemies":"Jaw Worm","floor":3,"turns":4},{"damage":1,"enemies":"2 Louse","floor":6,"turns":2},{"damage":26,"enemies":"Lagavulin","floor":7,"turns":6},{"damage":35,"enemies":"Gremlin Nob","floor":12,"turns":5},{"damage":22,"enemies":"Lagavulin Event","floor":13,"turns":5},{"damage":8,"enemies":"Large Slime","floor":14,"turns":5},{"damage":49,"enemies":"Hexaghost","floor":16,"turns":11}],"seed_played":"3163746775859194889","potions_obtained":[{"floor":1,"key":"Fire Potion"},{"floor":7,"key":"Fire Potion"},{"floor":14,"key":"Explosive Potion"}],"is_trial":false,"path_per_floor":["M","$","M","?","$","M","E","R","T","R","?","E","?","M","R","B"],"character_chosen":"IRONCLAD","items_purchased":[],"campfire_rested":2,"item_purchase_floors":[],"current_hp_per_floor":[80,80,76,51,51,56,36,36,36,60,60,31,22,20,44,0],"gold":278,"neow_bonus":"TRANSFORM_CARD","is_prod":false,"is_daily":false,"chose_seed":false,"campfire_upgraded":1,"win_rate":0,"timestamp":1547206757,"path_taken":["M","$","M","?","$","M","E","R","T","R","?","E","?","M","R","BOSS"],"build_version":"2019-01-10","purchased_purges":1,"victory":false,"max_hp_per_floor":[80,80,80,80,80,80,80,80,80,80,74,74,81,81,81,81],"card_choices":[{"not_picked":["Bloodletting","Flex"],"picked":"Headbutt","floor":1},{"not_picked":["Rupture","Havoc"],"picked":"Flex","floor":3},{"not_picked":["Havoc","Clash","Perfected Strike"],"picked":"SKIP","floor":6},{"not_picked":["Perfected Strike","Iron Wave"],"picked":"Wild Strike","floor":7},{"not_picked":["Armaments","Disarm"],"picked":"Warcry","floor":12},{"not_picked":["Thunderclap","Heavy Blade"],"picked":"Warcry","floor":13},{"not_picked":["Thunderclap","Rampage"],"picked":"Burning Pact","floor":14}],"player_experience":122073,"relics_obtained":[{"floor":7,"key":"Shuriken"},{"floor":9,"key":"Orichalcum"},{"floor":12,"key":"Gremlin Horn"},{"floor":13,"key":"Strawberry"}],"event_choices":[{"damage_healed":0,"gold_gain":0,"player_choice":"Success","damage_taken":25,"relics_obtained":["Vajra"],"max_hp_gain":0,"max_hp_loss":0,"event_name":"Scrap Ooze","floor":4,"gold_loss":0},{"damage_healed":0,"gold_gain":0,"player_choice":"Lose Max HP","damage_taken":0,"relics_obtained":["Golden Idol"],"max_hp_gain":0,"max_hp_loss":6,"event_name":"Golden Idol","floor":11,"gold_loss":0},{"damage_healed":0,"gold_gain":0,"player_choice":"Searched \u00271\u0027 times","damage_taken":0,"max_hp_gain":0,"max_hp_loss":0,"event_name":"Dead Adventurer","floor":13,"gold_loss":0}],"is_beta":false,"boss_relics":[],"items_purged_floors":[2],"is_endless":false,"potions_floor_spawned":[1,7,14],"killed_by":"Hexaghost","ascension_level":1}