{"gold_per_floor":[112,129,148,165,182,182,216,228,254,106,106,140,157,170,170,270,270,284,224,224,242,242,242,12,12,67,100,100,134,134],"floor_reached":30,"playtime":2809,"items_purged":["Strike_R","Strike_R"],"score":280,"play_id":"9a20b607-db41-4aff-98d1-c8d83f5fb7c6","local_time":"20181226172453","is_ascension_mode":false,"campfire_choices":[{"data":"Body Slam","floor":6.0,"key":"SMITH"},{"floor":15.0,"key":"REST"},{"floor":23,"key":"REST"},{"data":"True Grit","floor":25,"key":"SMITH"}],"neow_cost":"NONE","seed_source_timestamp":0,"circlet_count":0,"master_deck":["Strike_R","Strike_R","Defend_R","Defend_R","Defend_R","Defend_R","Bash","Sword Boomerang","Warcry","Twin Strike","Thunderclap","Body Slam+1","Feel No Pain","Battle Trance","Inflame","Body Slam","True Grit+1","Barricade","Warcry","Shrug It Off+1","Twin Strike+1","Evolve","Good Instincts"],"special_seed":0,"relics":["Burning Blood","Self Forming Clay","PreservedInsect","Regal Pillow","Mark of Pain","Potion Belt","Lantern","Oddly Smooth Stone","Frozen Egg 2"],"potions_floor_usage":[27,30],"damage_taken":[{"damage":10.0,"enemies":"Cultist","floor":1.0,"turns":4.0},{"damage":8.0,"enemies":"Jaw Worm","floor":2.0,"turns":4.0},{"damage":6.0,"enemies":"2 Louse","floor":3.0,"turns":2.0},{"damage":33.0,"enemies":"Large Slime","floor":4.0,"turns":6.0},{"damage":16.0,"enemies":"Gremlin Gang","floor":5.0,"turns":4.0},{"damage":6.0,"enemies":"Gremlin Nob","floor":7.0,"turns":3.0},{"damage":17.0,"enemies":"Exordium Wildlife","floor":8.0,"turns":4.0},{"damage":18.0,"enemies":"Lagavulin","floor":12.0,"turns":5.0},{"damage":10.0,"enemies":"Looter","floor":13.0,"turns":3.0},{"damage":0.0,"enemies":"Red Slaver","floor":14.0,"turns":4.0},{"damage":43.0,"enemies":"The Guardian","floor":16.0,"turns":11.0},{"damage":28,"enemies":"Spheric Guardian","floor":18,"turns":6},{"damage":22,"enemies":"2 Thieves","floor":19,"turns":4},{"damage":24,"enemies":"3 Cultists","floor":21,"turns":7},{"damage":31,"enemies":"Slavers","floor":27,"turns":5},{"damage":21,"enemies":"Gremlin Leader","floor":29,"turns":5},{"damage":9,"enemies":"Chosen and Byrds","floor":30,"turns":6}],"seed_played":"-2940393154772926995","potions_obtained":[{"floor":1.0,"key":"Weak Potion"},{"floor":3.0,"key":"Strength Potion"},{"floor":5.0,"key":"Swift Potion"},{"floor":12.0,"key":"SpeedPotion"},{"floor":14.0,"key":"Weak Potion"},{"floor":21,"key":"Poison Potion"},{"floor":29,"key":"Weak Potion"}],"is_trial":false,"path_per_floor":["M","M","M","M","M","R","E","M","T","$","?","E","M","M","R","B",null,"M","M","?","M","?","R","$","R","T","E","?","E","M"],"character_chosen":"IRONCLAD","items_purchased":["Inflame","Evolve","Good Instincts"],"campfire_rested":2,"item_purchase_floors":[10,24,24],"current_hp_per_floor":[76,74,74,47,37,37,37,26,26,26,26,14,10,16,55,18,80,58,42,27,9,9,49,49,49,49,24,24,9,0],"gold":134,"neow_bonus":"REMOVE_CARD","is_prod":false,"is_daily":false,"chose_seed":false,"campfire_upgraded":2,"win_rate":0,"timestamp":1545816293,"path_taken":["M","M","M","?","M","R","E","?","T","?","?","E","M","M","R","BOSS","M","M","?","M","?","R","$","R","T","E","?","E","M"],"build_version":"2018-12-20","purchased_purges":2,"victory":false,"max_hp_per_floor":[80,80,80,80,80,80,80,80,80,80,80,80,80,80,80,80,80,80,80,85,85,85,85,85,85,85,85,85,85,85],"card_choices":[{"not_picked":["Spot Weakness","Corruption"],"picked":"Sword Boomerang","floor":1.0},{"not_picked":["Intimidate","Flex"],"picked":"Warcry","floor":2.0},{"not_picked":["Dual Wield","Searing Blow"],"picked":"Twin Strike","floor":3.0},{"not_picked":["Rampage","Hemokinesis"],"picked":"Thunderclap","floor":4.0},{"not_picked":["Shockwave","Anger"],"picked":"Body Slam","floor":5.0},{"not_picked":["Perfected Strike","Anger"],"picked":"Feel No Pain","floor":7.0},{"not_picked":["Rage","Thunderclap"],"picked":"Battle Trance","floor":8.0},{"not_picked":["Offering","Juggernaut"],"picked":"Body Slam","floor":12.0},{"not_picked":["Sword Boomerang","Clothesline"],"picked":"True Grit","floor":13.0},{"not_picked":["Carnage","Hemokinesis","Blood for Blood"],"picked":"SKIP","floor":14.0},{"not_picked":["Feed","Offering"],"picked":"Barricade","floor":16.0},{"not_picked":["Blood for Blood+1","Clash"],"picked":"Warcry","floor":18},{"not_picked":["Ghostly Armor+1","Perfected Strike"],"picked":"Shrug It Off+1","floor":19},{"not_picked":["Inflame","Thunderclap"],"picked":"Twin Strike+1","floor":21},{"not_picked":["Warcry","Uppercut","Headbutt"],"picked":"SKIP","floor":27},{"not_picked":["Demon Form","Body Slam","Sentinel"],"picked":"SKIP","floor":29}],"player_experience":74859,"relics_obtained":[{"floor":7.0,"key":"Self Forming Clay"},{"floor":9.0,"key":"PreservedInsect"},{"floor":12.0,"key":"Regal Pillow"},{"floor":26,"key":"Lantern"},{"floor":27,"key":"Oddly Smooth Stone"},{"floor":29,"key":"Frozen Egg 2"}],"event_choices":[{"damage_healed":0.0,"max_hp_gain":0.0,"max_hp_loss":0.0,"gold_gain":0.0,"event_name":"Scrap Ooze","player_choice":"Fled","floor":11.0,"gold_loss":0.0,"damage_taken":0.0},{"damage_healed":0,"gold_gain":0,"player_choice":"Shed Blood","damage_taken":20,"max_hp_gain":5,"max_hp_loss":0,"event_name":"Forgotten Altar","floor":20,"gold_loss":0},{"damage_healed":0,"gold_gain":0,"player_choice":"Opened","damage_taken":0,"relics_obtained":["Potion Belt"],"max_hp_gain":0,"max_hp_loss":0,"event_name":"The Mausoleum","floor":22,"gold_loss":0},{"damage_healed":0,"gold_gain":0,"player_choice":"Leave","damage_taken":0,"max_hp_gain":0,"max_hp_loss":0,"event_name":"FaceTrader","floor":28,"gold_loss":0}],"is_beta":false,"boss_relics":[{"not_picked":["Black Blood","Astrolabe"],"picked":"Mark of Pain"}],"items_purged_floors":[10,24],"is_endless":false,"potions_floor_spawned":[1,3,5,12,14,21,29],"killed_by":"Chosen and Byrds","ascension_level":0}