{"gold_per_floor":[117,117,117,42,62,62,73,107,107,61,79,79,79,96,96,195,195,208,208,225,195,16,16,41,60,60,60,93,109,137,157,157,262,262,280,39,54,0,15,40,40,70,117,127,127,137,137,237,237,237,237,237,38,64,64],"floor_reached":55,"playtime":4124,"items_purged":["Strike_B","Strike_B","Defend_B","Defend_B"],"score":772,"play_id":"19f77de8-b2a5-402d-91c2-d4961159ba61","local_time":"20190113024201","is_ascension_mode":true,"campfire_choices":[{"floor":6,"key":"RECALL"},{"data":"Dualcast","floor":13,"key":"SMITH"},{"data":"Sunder","floor":15,"key":"SMITH"},{"data":"Echo Form","floor":23,"key":"SMITH"},{"floor":27,"key":"REST"},{"floor":32,"key":"REST"},{"data":"Beam Cell","floor":41,"key":"SMITH"},{"data":"Defragment","floor":49,"key":"SMITH"},{"data":"Barrage","floor":52,"key":"SMITH"}],"neow_cost":"NONE","seed_source_timestamp":58019721399200,"circlet_count":0,"master_deck":["Defend_B","Defend_B","Zap+1","Dualcast+1","Cold Snap+1","Sunder+1","Barrage+1","Cold Snap","Conserve Battery+1","Conserve Battery+1","Coolheaded+1","Echo Form+1","White Noise+1","Necronomicurse","Ball Lightning+1","Turbo+1","Undo+1","Cold Snap","Sunder+1","Skim+1","Streamline+1","Aggregate+1","Undo+1","Steam+1","Beam Cell+1","Go for the Eyes+1","Chill+1","Steam Power+1","Deep Breath+1","Defragment+1","Hologram+1"],"relics":["Cracked Core","Toxic Egg 2","Bag of Preparation","Inserter","Necronomicon","Strawberry","Singing Bowl","Art of War","Whetstone","Nuclear Battery","Blood Vial","Centennial Puzzle","Lantern","Torii","Ornamental Fan"],"potions_floor_usage":[8,16,18,24,24,28,28,30,33,39,39,44,48,50,50,55],"damage_taken":[{"damage":1,"enemies":"2 Louse","floor":1,"turns":2},{"damage":0,"enemies":"Cultist","floor":5,"turns":3},{"damage":1,"enemies":"Jaw Worm","floor":7,"turns":2},{"damage":10,"enemies":"Lagavulin","floor":8,"turns":5},{"damage":0,"enemies":"Blue Slaver","floor":11,"turns":3},{"damage":2,"enemies":"Large Slime","floor":14,"turns":6},{"damage":2,"enemies":"Slime Boss","floor":16,"turns":11},{"damage":12,"enemies":"Shell Parasite","floor":18,"turns":4},{"damage":15,"enemies":"3 Byrds","floor":20,"turns":5},{"damage":14,"enemies":"Book of Stabbing","floor":24,"turns":4},{"damage":0,"enemies":"Centurion and Healer","floor":25,"turns":5},{"damage":30,"enemies":"Slavers","floor":28,"turns":8},{"damage":0,"enemies":"3 Cultists","floor":29,"turns":6},{"damage":13,"enemies":"Book of Stabbing","floor":30,"turns":4},{"damage":0,"enemies":"Sentry and Sphere","floor":31,"turns":2},{"damage":34,"enemies":"Collector","floor":33,"turns":8},{"damage":1,"enemies":"3 Shapes","floor":35,"turns":2},{"damage":0,"enemies":"Orb Walker","floor":37,"turns":1},{"damage":9,"enemies":"4 Shapes","floor":39,"turns":2},{"damage":20,"enemies":"Giant Head","floor":40,"turns":7},{"damage":27,"enemies":"Nemesis","floor":42,"turns":5},{"damage":0,"enemies":"Writhing Mass","floor":44,"turns":2},{"damage":6,"enemies":"Sphere and 2 Shapes","floor":46,"turns":4},{"damage":6,"enemies":"Mind Bloom Boss Battle","floor":48,"turns":2},{"damage":23,"enemies":"Donu and Deca","floor":50,"turns":7},{"damage":20,"enemies":"Shield and Spear","floor":54,"turns":6},{"damage":64,"enemies":"The Heart","floor":55,"turns":6}],"seed_played":"-9084708124567575644","potions_obtained":[{"floor":5,"key":"AttackPotion"},{"floor":8,"key":"AttackPotion"},{"floor":14,"key":"Regen Potion"},{"floor":20,"key":"FearPotion"},{"floor":21,"key":"AttackPotion"},{"floor":21,"key":"Poison Potion"},{"floor":25,"key":"Explosive Potion"},{"floor":28,"key":"FocusPotion"},{"floor":29,"key":"Ancient Potion"},{"floor":33,"key":"Dexterity Potion"},{"floor":35,"key":"Weak Potion"},{"floor":37,"key":"AttackPotion"},{"floor":42,"key":"Fire Potion"},{"floor":44,"key":"Explosive Potion"},{"floor":46,"key":"Block Potion"},{"floor":54,"key":"SkillPotion"}],"is_trial":false,"path_per_floor":["M","?","?","$","M","R","M","E","T","$","M","?","R","M","R","B",null,"M","?","M","?","$","R","E","M","T","R","E","M","E","M","R","B",null,"M","$","M","$","M","E","R","E","T","M","?","M","?","?","R","B",null,"R","$","E","B"],"character_chosen":"DEFECT","items_purchased":["Conserve Battery+1","Turbo+1","Undo+1","Aggregate+1","Undo+1","Beam Cell","Hologram+1"],"campfire_rested":2,"item_purchase_floors":[10,22,22,36,36,38,53],"current_hp_per_floor":[74,67,67,67,67,67,66,56,56,56,56,49,49,47,47,45,75,72,56,41,41,41,41,34,34,34,58,28,30,17,17,42,10,86,87,87,87,87,78,60,60,37,37,39,80,74,74,70,70,49,80,80,80,62,0],"gold":64,"neow_bonus":"UPGRADE_CARD","is_prod":false,"is_daily":false,"chose_seed":false,"campfire_upgraded":6,"win_rate":0,"timestamp":1547318521,"path_taken":["M","?","?","$","?","R","M","E","T","$","M","?","R","M","R","BOSS","M","?","M","?","$","R","E","M","T","R","E","M","E","M","R","BOSS","M","?","M","$","M","E","R","E","T","M","?","M","?","?","R","BOSS","R","$","E","BOSS"],"build_version":"2019-01-10","purchased_purges":4,"victory":false,"max_hp_per_floor":[75,75,75,75,75,75,75,75,75,75,75,75,75,75,75,75,75,75,75,75,75,75,75,82,82,82,82,82,84,84,84,84,86,86,88,88,88,88,88,90,90,92,92,92,80,80,80,80,80,80,80,80,80,82,82],"card_choices":[{"not_picked":["BootSequence","Go for the Eyes"],"picked":"Cold Snap","floor":1},{"not_picked":["Reprogram","Genetic Algorithm"],"picked":"Sunder","floor":5},{"not_picked":["Streamline","Darkness"],"picked":"Barrage","floor":7},{"not_picked":["Static Discharge","Steam Power"],"picked":"Cold Snap","floor":8},{"not_picked":["Beam Cell","Static Discharge"],"picked":"Conserve Battery+1","floor":11},{"not_picked":["Fusion+1","Redo+1"],"picked":"Coolheaded+1","floor":14},{"not_picked":["All For One","Hyperbeam"],"picked":"Echo Form","floor":16},{"not_picked":["Lockon","Ball Lightning"],"picked":"White Noise+1","floor":18},{"not_picked":["Stack+1","Sweeping Beam"],"picked":"Ball Lightning","floor":20},{"not_picked":["Static Discharge","Lockon+1"],"picked":"Cold Snap","floor":24},{"not_picked":["Beam Cell","Stack+1","Gash"],"picked":"SKIP","floor":25},{"not_picked":["Consume+1","All For One"],"picked":"Sunder+1","floor":28},{"not_picked":["Beam Cell","Barrage+1","Undo+1"],"picked":"Singing Bowl","floor":29},{"not_picked":["Undo+1","Cold Snap"],"picked":"Skim+1","floor":30},{"not_picked":["Hello World","Static Discharge"],"picked":"Streamline+1","floor":31},{"not_picked":["Biased Cognition","Hyperbeam","Machine Learning"],"picked":"Singing Bowl","floor":33},{"not_picked":["Leap+1","Stack+1","Streamline+1"],"picked":"Singing Bowl","floor":35},{"not_picked":["Redo+1","Streamline+1"],"picked":"Steam+1","floor":37},{"not_picked":["Conserve Battery+1","Force Field+1"],"picked":"Go for the Eyes+1","floor":39},{"not_picked":["Compile Driver","Conserve Battery+1","Rainbow+1"],"picked":"Singing Bowl","floor":40},{"not_picked":["Self Repair+1","Leap+1","Skim+1"],"picked":"Singing Bowl","floor":42},{"not_picked":["Barrage+1","Blizzard+1"],"picked":"Chill+1","floor":44},{"not_picked":["Hello World+1","White Noise+1"],"picked":"Steam Power+1","floor":46},{"not_picked":["Sadistic Nature","Transmutation+1"],"picked":"Deep Breath+1","floor":47},{"not_picked":["White Noise+1","Auto Shields+1"],"picked":"Defragment","floor":48},{"not_picked":["Fusion+1","Chaos+1","Conserve Battery+1"],"picked":"Singing Bowl","floor":54}],"player_experience":227705,"relics_obtained":[{"floor":8,"key":"Toxic Egg 2"},{"floor":19,"key":"Necronomicon"},{"floor":24,"key":"Strawberry"},{"floor":26,"key":"Singing Bowl"},{"floor":28,"key":"Art of War"},{"floor":30,"key":"Whetstone"},{"floor":40,"key":"Blood Vial"},{"floor":42,"key":"Centennial Puzzle"},{"floor":43,"key":"Lantern"},{"floor":48,"key":"Torii"},{"floor":54,"key":"Ornamental Fan"}],"event_choices":[{"cards_removed":["Strike_B"],"damage_healed":0,"gold_gain":0,"player_choice":"Card Removal","damage_taken":7,"max_hp_gain":0,"max_hp_loss":0,"event_name":"Golden Wing","floor":2,"gold_loss":0},{"cards_removed":["Strike_B"],"damage_healed":0,"gold_gain":0,"player_choice":"Purged","damage_taken":0,"max_hp_gain":0,"max_hp_loss":0,"event_name":"Purifier","floor":3,"gold_loss":0},{"damage_healed":0,"gold_gain":0,"player_choice":"Success","damage_taken":7,"relics_obtained":["Bag of Preparation"],"max_hp_gain":0,"max_hp_loss":0,"event_name":"Scrap Ooze","floor":12,"gold_loss":0},{"damage_healed":0,"gold_gain":0,"player_choice":"Obtained Book","damage_taken":16,"max_hp_gain":0,"max_hp_loss":0,"event_name":"Cursed Tome","floor":19,"gold_loss":0},{"damage_healed":0,"gold_gain":0,"player_choice":"Bought 2 Potions","damage_taken":0,"max_hp_gain":0,"max_hp_loss":0,"event_name":"The Woman in Blue","floor":21,"gold_loss":0},{"damage_healed":80,"gold_gain":0,"player_choice":"Heal","damage_taken":0,"max_hp_gain":0,"max_hp_loss":12,"event_name":"The Moai Head","floor":45,"gold_loss":0},{"damage_healed":0,"gold_gain":0,"player_choice":"Memory 1","damage_taken":0,"max_hp_gain":0,"max_hp_loss":0,"event_name":"SensoryStone","floor":47,"gold_loss":0},{"damage_healed":0,"gold_gain":0,"player_choice":"Fight","damage_taken":0,"max_hp_gain":0,"max_hp_loss":0,"event_name":"MindBloom","floor":48,"gold_loss":0}],"is_beta":false,"boss_relics":[{"not_picked":["Ectoplasm","Lizard Tail"],"picked":"Inserter"},{"not_picked":["Sozu","Calling Bell"],"picked":"Nuclear Battery"}],"items_purged_floors":[4,22,36,53],"is_endless":false,"potions_floor_spawned":[5,8,14,20,25,28,29,33,35,37,42,44,46,54],"killed_by":"The Heart","ascension_level":1}