{"gold_per_floor":[117,42,117,127,137,137,169,169,169,169,180,180,80,106,106,211,211,136,136,136,136,136,136,136,136,136,136,136,136,136,136,136,136,136,136,136,136,0,0,0,0,0,0,0,0,0,0,0,0,0],"floor_reached":50,"playtime":2259,"items_purged":["Strike_R","Strike_R"],"score":494,"play_id":"cbfebd34-fb28-4a36-953b-8c7101db174e","local_time":"20190109210742","is_ascension_mode":false,"campfire_choices":[{"data":"Armaments","floor":6,"key":"SMITH"},{"data":"Iron Wave","floor":12,"key":"SMITH"},{"data":"Shrug It Off","floor":15,"key":"SMITH"},{"data":"Pommel Strike","floor":23,"key":"SMITH"},{"data":"Battle Trance","floor":28,"key":"SMITH"},{"data":"Anger","floor":30,"key":"SMITH"},{"floor":32,"key":"REST"},{"data":"Madness","floor":41,"key":"SMITH"},{"data":"Warcry","floor":44,"key":"SMITH"},{"data":"Bloodletting","floor":49,"key":"SMITH"}],"neow_cost":"NONE","seed_source_timestamp":81960646463039,"circlet_count":0,"master_deck":["Strike_R","Strike_R","Strike_R","Defend_R","Defend_R","Defend_R","Defend_R","Bash","Armaments+1","Shrug It Off+1","Pommel Strike+1","Cleave","Inflame","Iron Wave+1","Inflame","Demon Form+1","Spot Weakness+1","Wild Strike+1","Anger+1","Rage+1","Battle Trance+1","Bloodletting+1","Warcry+1","Iron Wave+1","Madness+1","Infernal Blade+1"],"relics":["Burning Blood","Potion Belt","Pear","Matryoshka","Self Forming Clay","Ectoplasm","MutagenicStrength","Dream Catcher","Pantograph","Bottled Lightning","Smiling Mask","Nunchaku","Eternal Feather","Red Mask","Bottled Tornado"],"potions_floor_usage":[19,21,22,48,50,50,50],"damage_taken":[{"damage":5,"enemies":"Small Slimes","floor":1,"turns":4},{"damage":1,"enemies":"Jaw Worm","floor":4,"turns":6},{"damage":0,"enemies":"2 Louse","floor":5,"turns":4},{"damage":25,"enemies":"Gremlin Nob","floor":7,"turns":5},{"damage":18,"enemies":"Lots of Slimes","floor":11,"turns":3},{"damage":5,"enemies":"Lagavulin","floor":14,"turns":6},{"damage":56,"enemies":"The Guardian","floor":16,"turns":11},{"damage":30,"enemies":"2 Thieves","floor":18,"turns":5},{"damage":8,"enemies":"Spheric Guardian","floor":19,"turns":4},{"damage":15,"enemies":"Chosen and Byrds","floor":21,"turns":6},{"damage":27,"enemies":"Snecko","floor":22,"turns":4},{"damage":19,"enemies":"Sentry and Sphere","floor":31,"turns":5},{"damage":44,"enemies":"Automaton","floor":33,"turns":8},{"damage":12,"enemies":"3 Shapes","floor":35,"turns":5},{"damage":23,"enemies":"3 Darklings","floor":37,"turns":4},{"damage":29,"enemies":"Transient","floor":42,"turns":5},{"damage":117,"enemies":"Donu and Deca","floor":50,"turns":8}],"seed_played":"-4868123514239377603","potions_obtained":[{"floor":5,"key":"BloodPotion"},{"floor":11,"key":"AttackPotion"},{"floor":18,"key":"Block Potion"},{"floor":19,"key":"SteroidPotion"},{"floor":21,"key":"BloodPotion"},{"floor":37,"key":"Explosive Potion"},{"floor":48,"key":"Energy Potion"},{"floor":48,"key":"AttackPotion"},{"floor":48,"key":"Fruit Juice"}],"is_trial":false,"path_per_floor":["M","$","?","M","M","R","E","T","T","?","M","R","$","E","R","B",null,"M","M","?","M","M","R","?","?","T","T","R","?","R","M","R","B",null,"M","?","M","?","?","?","R","M","T","R","$","$","?","?","R","B"],"character_chosen":"IRONCLAD","items_purchased":[],"campfire_rested":1,"item_purchase_floors":[],"current_hp_per_floor":[80,80,69,74,80,80,61,71,71,76,64,64,64,65,65,15,95,71,69,69,60,48,48,48,48,48,48,48,48,48,35,63,50,95,89,89,72,72,72,72,87,64,64,79,79,79,79,84,95,0],"gold":0,"neow_bonus":"THREE_CARDS","is_prod":false,"is_daily":false,"chose_seed":false,"campfire_upgraded":9,"win_rate":0,"timestamp":1547035662,"path_taken":["M","$","?","M","M","R","E","?","T","?","M","R","$","E","R","BOSS","M","M","?","?","M","R","?","?","T","?","R","?","R","?","R","BOSS","M","?","M","?","?","?","R","?","T","R","?","$","?","?","R","BOSS"],"build_version":"2019-01-03v4","purchased_purges":2,"victory":false,"max_hp_per_floor":[80,80,80,80,80,80,80,90,90,95,95,95,95,95,95,95,95,95,95,95,95,95,95,95,95,95,95,95,95,95,95,95,95,95,95,95,95,95,95,95,95,95,95,95,95,95,90,95,95,95],"card_choices":[{"not_picked":["Heavy Blade","Cleave"],"picked":"Armaments","floor":0},{"not_picked":["Havoc","Body Slam"],"picked":"Shrug It Off","floor":1},{"not_picked":["Fire Breathing","Clash"],"picked":"Pommel Strike","floor":4},{"not_picked":["Perfected Strike","Combust"],"picked":"Cleave","floor":5},{"not_picked":["Rampage","Double Tap"],"picked":"Inflame","floor":7},{"not_picked":["Entrench","Pummel"],"picked":"Iron Wave","floor":11},{"not_picked":["Whirlwind","Feel No Pain"],"picked":"Inflame","floor":14},{"not_picked":["Immolate","Fiend Fire"],"picked":"Demon Form","floor":16},{"not_picked":["Inflame+1","Body Slam"],"picked":"Spot Weakness+1","floor":18},{"not_picked":["Headbutt","Flex"],"picked":"Wild Strike+1","floor":19},{"not_picked":["Rupture","Second Wind"],"picked":"Anger","floor":21},{"not_picked":["Thunderclap","Reaper"],"picked":"Rage+1","floor":22},{"not_picked":["Corruption","Headbutt+1"],"picked":"Bloodletting","floor":31},{"not_picked":["Sword Boomerang+1","Twin Strike"],"picked":"Warcry","floor":32},{"not_picked":["Exhume","Brutality"],"picked":"Demon Form","floor":33},{"not_picked":["Havoc+1","Sever Soul"],"picked":"Iron Wave+1","floor":35},{"not_picked":["Flash of Steel","Blind"],"picked":"Madness","floor":36},{"not_picked":["Clothesline","Thunderclap","Clash"],"picked":"SKIP","floor":37},{"not_picked":["Shockwave+1","Perfected Strike+1"],"picked":"Infernal Blade+1","floor":42}],"player_experience":110600,"relics_obtained":[{"floor":7,"key":"Potion Belt"},{"floor":8,"key":"Pear"},{"floor":9,"key":"Matryoshka"},{"floor":14,"key":"Self Forming Clay"},{"floor":26,"key":"Dream Catcher"},{"floor":26,"key":"Pantograph"},{"floor":27,"key":"Bottled Lightning"},{"floor":27,"key":"Smiling Mask"},{"floor":43,"key":"Bottled Tornado"}],"event_choices":[{"damage_healed":0,"gold_gain":75,"player_choice":"Gather Gold","damage_taken":11,"max_hp_gain":0,"max_hp_loss":0,"event_name":"World of Goop","floor":3,"gold_loss":0},{"damage_healed":0,"gold_gain":0,"player_choice":"Donut","damage_taken":0,"max_hp_gain":5,"max_hp_loss":0,"event_name":"Big Fish","floor":10,"gold_loss":0},{"damage_healed":0,"gold_gain":0,"player_choice":"Upgraded","damage_taken":0,"max_hp_gain":0,"max_hp_loss":0,"event_name":"Upgrade Shrine","floor":20,"gold_loss":0,"cards_upgraded":["Demon Form"]},{"damage_healed":0,"gold_gain":0,"player_choice":"Read","damage_taken":0,"max_hp_gain":0,"max_hp_loss":0,"event_name":"The Library","floor":24,"gold_loss":0,"cards_obtained":["Battle Trance"]},{"damage_healed":0,"gold_gain":0,"player_choice":"Inject Mutagens","damage_taken":0,"relics_obtained":["MutagenicStrength"],"max_hp_gain":0,"max_hp_loss":0,"event_name":"Drug Dealer","floor":25,"gold_loss":0},{"damage_healed":0,"gold_gain":0,"player_choice":"Opened","damage_taken":0,"relics_obtained":["Nunchaku"],"max_hp_gain":0,"max_hp_loss":0,"event_name":"The Mausoleum","floor":29,"gold_loss":0},{"damage_healed":0,"gold_gain":0,"player_choice":"Memory 1","damage_taken":0,"max_hp_gain":0,"max_hp_loss":0,"event_name":"SensoryStone","floor":36,"gold_loss":0},{"damage_healed":0,"gold_gain":0,"player_choice":"Paid","damage_taken":0,"relics_obtained":["Red Mask"],"max_hp_gain":0,"max_hp_loss":0,"event_name":"Tomb of Lord Red Mask","floor":38,"gold_loss":136},{"damage_healed":0,"gold_gain":0,"player_choice":"Ignored","damage_taken":0,"max_hp_gain":0,"max_hp_loss":0,"event_name":"Mysterious Sphere","floor":39,"gold_loss":0},{"cards_removed":["Demon Form"],"damage_healed":0,"gold_gain":0,"player_choice":"Removed Power","damage_taken":0,"max_hp_gain":0,"max_hp_loss":0,"event_name":"Falling","floor":40,"gold_loss":0},{"damage_healed":0,"gold_gain":0,"player_choice":"Max HP","damage_taken":0,"max_hp_gain":0,"max_hp_loss":5,"event_name":"Winding Halls","floor":47,"gold_loss":0},{"damage_healed":0,"gold_gain":0,"player_choice":"Got Potions","damage_taken":0,"max_hp_gain":0,"max_hp_loss":0,"event_name":"Lab","floor":48,"gold_loss":0}],"is_beta":false,"boss_relics":[{"not_picked":["Mark of Pain","Cursed Key"],"picked":"Ectoplasm"},{"not_picked":["White Beast Statue","Coffee Dripper"],"picked":"Eternal Feather"}],"items_purged_floors":[2,13],"is_endless":false,"potions_floor_spawned":[5,11,18,19,21,37],"killed_by":"Donu and Deca","ascension_level":0}