{"gold_per_floor":[114,128,203,215,227,227,258,271,271,303,303,303,321,331,331,429,479,499,104,118,136,155,155,186,186,266,266,266,285,310,65,65,163,163,177,193,100,147,147,147,176,196,221,7,34,34,45,55,55,55,55,55,55,85,85],"floor_reached":56,"playtime":4176,"items_purged":["Strike_R","Strike_R","Strike_R"],"score":1234,"play_id":"cb099fc7-e37e-42e0-892f-43ecd3afcf03","local_time":"20190202223015","is_ascension_mode":false,"campfire_choices":[{"data":"Uppercut","floor":6,"key":"SMITH"},{"data":"Flame Barrier","floor":11,"key":"SMITH"},{"data":"True Grit","floor":15,"key":"SMITH"},{"data":"Inflame","floor":23,"key":"SMITH"},{"data":"Disarm","floor":25,"key":"SMITH"},{"data":"Battle Trance","floor":27,"key":"SMITH"},{"data":"Impervious","floor":32,"key":"SMITH"},{"data":"Burning Pact","floor":46,"key":"SMITH"},{"floor":49,"key":"RECALL"},{"data":"Impervious","floor":52,"key":"SMITH"}],"neow_cost":"NONE","seed_source_timestamp":182105137070918,"circlet_count":0,"master_deck":["Strike_R+1","Defend_R","Defend_R","Defend_R+1","Defend_R","Bash","Disarm+1","Cleave+1","Uppercut+1","Flame Barrier+1","Twin Strike+1","Pommel Strike+1","True Grit+1","Impervious+1","Body Slam+1","True Grit+1","Flash of Steel+1","Inflame+1","Iron Wave+1","Dual Wield+1","Reaper+1","Battle Trance+1","Body Slam+1","Seeing Red","Impervious+1","Rage+1","Flash of Steel+1","Metallicize+1","Madness","Madness","Flash of Steel+1","Burning Pact+1","Battle Trance+1"],"relics":["Burning Blood","Sundial","Letter Opener","Molten Egg 2","Tiny House","Whetstone","Matryoshka","Art of War","Pantograph","Turnip","Oddly Smooth Stone","Sozu","Pocketwatch","Mercury Hourglass","Shuriken","Gambling Chip","Strawberry","Boot"],"potions_floor_usage":[13,13,20,24,24,33,33,55,55],"damage_taken":[{"damage":2,"enemies":"2 Louse","floor":1,"turns":3},{"damage":2,"enemies":"Cultist","floor":2,"turns":4},{"damage":0,"enemies":"Small Slimes","floor":4,"turns":2},{"damage":3,"enemies":"2 Fungi Beasts","floor":5,"turns":4},{"damage":20,"enemies":"Gremlin Nob","floor":7,"turns":4},{"damage":5,"enemies":"Large Slime","floor":8,"turns":8},{"damage":38,"enemies":"3 Sentries","floor":10,"turns":11},{"damage":9,"enemies":"Exordium Thugs","floor":13,"turns":4},{"damage":2,"enemies":"Looter","floor":14,"turns":2},{"damage":14,"enemies":"The Guardian","floor":16,"turns":15},{"damage":14,"enemies":"Spheric Guardian","floor":18,"turns":5},{"damage":1,"enemies":"3 Byrds","floor":20,"turns":4},{"damage":2,"enemies":"Snecko","floor":21,"turns":5},{"damage":0,"enemies":"Centurion and Healer","floor":22,"turns":7},{"damage":11,"enemies":"Book of Stabbing","floor":24,"turns":7},{"damage":15,"enemies":"Sentry and Sphere","floor":29,"turns":6},{"damage":17,"enemies":"Gremlin Leader","floor":30,"turns":4},{"damage":23,"enemies":"Champ","floor":33,"turns":9},{"damage":3,"enemies":"3 Darklings","floor":35,"turns":5},{"damage":0,"enemies":"Orb Walker","floor":36,"turns":3},{"damage":3,"enemies":"2 Orb Walkers","floor":38,"turns":4},{"damage":3,"enemies":"Giant Head","floor":41,"turns":6},{"damage":5,"enemies":"Spire Growth","floor":42,"turns":3},{"damage":2,"enemies":"Nemesis","floor":45,"turns":5},{"damage":8,"enemies":"Sphere and 2 Shapes","floor":47,"turns":5},{"damage":0,"enemies":"3 Darklings","floor":48,"turns":3},{"damage":16,"enemies":"Time Eater","floor":50,"turns":6},{"damage":27,"enemies":"Shield and Spear","floor":54,"turns":7},{"damage":100,"enemies":"The Heart","floor":55,"turns":11}],"seed_played":"1940664552933612159","potions_obtained":[{"floor":2,"key":"Swift Potion"},{"floor":7,"key":"SpeedPotion"},{"floor":10,"key":"BloodPotion"},{"floor":13,"key":"Fruit Juice"},{"floor":16,"key":"FairyPotion"},{"floor":17,"key":"Poison Potion"},{"floor":21,"key":"SkillPotion"},{"floor":24,"key":"LiquidBronze"},{"floor":29,"key":"Swift Potion"},{"floor":33,"key":"Regen Potion"}],"is_trial":false,"path_per_floor":["M","M","?","M","M","R","E","M","T","E","R","?","M","M","R","B",null,"M","$","M","M","M","R","E","R","T","R","?","M","E","$","R","B",null,"M","M","$","?","T","?","E","M","T","$","E","R","M","M","R","B",null,"R","$","E","B",null],"character_chosen":"IRONCLAD","items_purchased":["Flash of Steel+1","Inflame","Whetstone","Iron Wave+1","Oddly Smooth Stone","Flash of Steel+1","Flash of Steel+1"],"campfire_rested":0,"item_purchase_floors":[19,19,19,19,31,37,44],"current_hp_per_floor":[80,80,72,78,80,80,66,67,67,35,35,35,45,49,49,41,90,82,82,87,90,90,90,85,85,85,85,85,81,79,79,79,73,90,90,90,90,90,90,79,89,90,90,90,97,97,95,97,97,87,97,97,97,76,31],"gold":85,"neow_bonus":"REMOVE_CARD","is_prod":false,"is_daily":false,"chose_seed":false,"campfire_upgraded":9,"win_rate":0,"timestamp":1549146615,"path_taken":["M","M","?","M","M","R","E","?","T","E","R","?","M","M","R","BOSS","M","$","M","M","M","R","E","R","T","R","?","M","E","$","R","BOSS","M","M","$","?","?","?","E","M","T","$","E","R","M","M","R","BOSS","R","$","E","BOSS"],"build_version":"2019-01-23","purchased_purges":3,"victory":true,"max_hp_per_floor":[80,80,80,80,80,80,80,80,80,80,80,80,85,85,85,85,90,90,90,90,90,90,90,90,90,90,90,90,90,90,90,90,90,90,90,90,90,90,90,90,90,90,90,90,97,97,97,97,97,97,97,97,97,97,97],"card_choices":[{"not_picked":["Clash","Shrug It Off"],"picked":"Disarm","floor":1},{"not_picked":["Iron Wave","Flex"],"picked":"Cleave","floor":2},{"not_picked":["Bloodletting","Body Slam","Second Wind"],"picked":"SKIP","floor":4},{"not_picked":["Clothesline","Heavy Blade"],"picked":"Uppercut","floor":5},{"not_picked":["Havoc","Body Slam","Cleave"],"picked":"SKIP","floor":7},{"not_picked":["Armaments","Anger"],"picked":"Flame Barrier","floor":8},{"not_picked":["Barricade","Armaments"],"picked":"Twin Strike","floor":10},{"not_picked":["Flex","Havoc"],"picked":"Pommel Strike+1","floor":13},{"not_picked":["Sword Boomerang+1","Clash+1"],"picked":"True Grit","floor":14},{"not_picked":["Brutality","Fiend Fire+1"],"picked":"Impervious","floor":16},{"not_picked":["Pommel Strike+1","Shrug It Off"],"picked":"Body Slam+1","floor":17},{"not_picked":["Flex","Wild Strike+1"],"picked":"True Grit+1","floor":18},{"not_picked":["Hemokinesis+1","Fire Breathing","Sword Boomerang+1"],"picked":"SKIP","floor":20},{"not_picked":["Armaments","Reckless Charge+1"],"picked":"Dual Wield+1","floor":21},{"not_picked":["Warcry","Wild Strike+1"],"picked":"Reaper+1","floor":22},{"not_picked":["Hemokinesis+1","Havoc"],"picked":"Battle Trance","floor":24},{"not_picked":["Burning Pact+1","Pommel Strike+1"],"picked":"Body Slam+1","floor":29},{"not_picked":["Warcry","Thunderclap+1"],"picked":"Seeing Red","floor":30},{"not_picked":["Demon Form","Double Tap"],"picked":"Impervious","floor":33},{"not_picked":["Reckless Charge+1","Iron Wave+1"],"picked":"Rage+1","floor":35},{"not_picked":["Iron Wave+1","Spot Weakness","Dropkick+1"],"picked":"SKIP","floor":36},{"not_picked":["Clothesline+1","Sword Boomerang+1"],"picked":"Metallicize+1","floor":38},{"not_picked":["Clash+1","Sever Soul+1","Sword Boomerang+1"],"picked":"SKIP","floor":41},{"not_picked":["Flex+1","Shockwave","True Grit"],"picked":"SKIP","floor":42},{"not_picked":["Flex+1","Shockwave","True Grit"],"picked":"SKIP","floor":42},{"not_picked":["Armaments+1","Flex"],"picked":"Burning Pact","floor":45},{"not_picked":["Heavy Blade+1","Perfected Strike+1","Cleave+1"],"picked":"SKIP","floor":47},{"not_picked":["Thunderclap+1","Warcry+1"],"picked":"Battle Trance+1","floor":48},{"not_picked":["Dropkick+1","Perfected Strike+1","Sword Boomerang+1"],"picked":"SKIP","floor":54}],"player_experience":804642,"relics_obtained":[{"floor":7,"key":"Sundial"},{"floor":9,"key":"Letter Opener"},{"floor":10,"key":"Molten Egg 2"},{"floor":24,"key":"Matryoshka"},{"floor":26,"key":"Art of War"},{"floor":26,"key":"Pantograph"},{"floor":30,"key":"Turnip"},{"floor":38,"key":"Pocketwatch"},{"floor":39,"key":"Mercury Hourglass"},{"floor":39,"key":"Shuriken"},{"floor":41,"key":"Gambling Chip"},{"floor":45,"key":"Strawberry"},{"floor":54,"key":"Boot"}],"event_choices":[{"damage_healed":0,"gold_gain":75,"player_choice":"Touch","damage_taken":8,"max_hp_gain":0,"max_hp_loss":0,"event_name":"FaceTrader","floor":3,"gold_loss":0},{"damage_healed":0,"gold_gain":0,"player_choice":"Ignored","damage_taken":0,"max_hp_gain":0,"max_hp_loss":0,"event_name":"Liars Game","floor":12,"gold_loss":0},{"damage_healed":0,"gold_gain":0,"player_choice":"Ignored","damage_taken":0,"max_hp_gain":0,"max_hp_loss":0,"event_name":"The Mausoleum","floor":28,"gold_loss":0},{"damage_healed":0,"gold_gain":0,"player_choice":"Fight","damage_taken":0,"max_hp_gain":0,"max_hp_loss":0,"event_name":"Mysterious Sphere","floor":38,"gold_loss":0},{"damage_healed":0,"gold_gain":0,"player_choice":"Embrace Madness","damage_taken":11,"max_hp_gain":0,"max_hp_loss":0,"event_name":"Winding Halls","floor":40,"gold_loss":0,"cards_obtained":["Madness","Madness"]}],"is_beta":true,"boss_relics":[{"not_picked":["White Beast Statue","Black Star"],"picked":"Tiny House"},{"not_picked":["Calling Bell","Cursed Key"],"picked":"Sozu"}],"items_purged_floors":[19,31,44],"is_endless":false,"potions_floor_spawned":[2,7,10,13,16,21,24,29,33,38,41,42,47,48,54],"ascension_level":0}