{"gold_per_floor":[114,129,129,42,7,7,22,52,77,107,122,152,167,167,167,292,292,311,311,311,330,349,349,387,387,437,320,339,339],"floor_reached":29,"playtime":1878,"items_purged":["Wild Strike"],"score":363,"play_id":"36288dba-a0f3-417e-9f33-29a83d4b3da4","local_time":"20190127204444","daily_mods":["Insanity","ControlledChaos","Elite Swarm"],"is_ascension_mode":false,"campfire_choices":[{"data":"Armaments","floor":6,"key":"SMITH"},{"floor":15,"key":"REST"},{"data":"Armaments","floor":23,"key":"SMITH"},{"data":"Bloodletting","floor":25,"key":"SMITH"}],"neow_cost":"","seed_source_timestamp":0,"circlet_count":0,"master_deck":["Flame Barrier","Entrench","Thunderclap","Pummel","Iron Wave","Anger","Twin Strike","Headbutt","Heavy Blade","Warcry","Sever Soul","Power Through","Burning Pact","Pommel Strike","Thunderclap","True Grit","Shrug It Off","Armaments+1","Warcry","Flex","Bloodletting","Intimidate","Cleave","Iron Wave","Clothesline","Armaments+1","Twin Strike","Bloodletting+1","Cleave","Reckless Charge","Body Slam","Havoc","Clothesline","Warcry","Battle Trance","Pummel","Heavy Blade","Combust","Corruption","Flex","Heavy Blade","Heavy Blade","Clash","Flex","True Grit","Entrench","Fire Breathing","Shrug It Off","Warcry","Metallicize","Body Slam","Impervious","Feed","Seeing Red","Offering","Juggernaut","Entrench+1","True Grit+1","Barricade","Metallicize","Whirlwind"],"special_seed":17923,"relics":["Burning Blood","Frozen Eye","Mummified Hand","Art of War","Dodecahedron","Charon\u0027s Ashes","Golden Idol","Black Star","MutagenicStrength","The Courier","Question Card","Oddly Smooth Stone"],"potions_floor_usage":[8,10,16,24,24,29,29],"damage_taken":[{"damage":11,"enemies":"Jaw Worm","floor":1,"turns":2},{"damage":4,"enemies":"2 Louse","floor":2,"turns":3},{"damage":0,"enemies":"Small Slimes","floor":7,"turns":2},{"damage":22,"enemies":"Lagavulin","floor":8,"turns":7},{"damage":18,"enemies":"3 Sentries","floor":10,"turns":4},{"damage":3,"enemies":"2 Fungi Beasts","floor":11,"turns":2},{"damage":27,"enemies":"Lagavulin","floor":12,"turns":8},{"damage":6,"enemies":"Looter","floor":13,"turns":2},{"damage":34,"enemies":"The Guardian","floor":16,"turns":8},{"damage":0,"enemies":"Chosen","floor":18,"turns":3},{"damage":6,"enemies":"Shell Parasite","floor":21,"turns":1},{"damage":7,"enemies":"Chosen and Byrds","floor":22,"turns":3},{"damage":48,"enemies":"Gremlin Leader","floor":24,"turns":6},{"damage":6,"enemies":"Snecko","floor":28,"turns":4},{"damage":51,"enemies":"Slavers","floor":29,"turns":4}],"seed_played":"-4277099179774056171","potions_obtained":[{"floor":1,"key":"Explosive Potion"},{"floor":2,"key":"Block Potion"},{"floor":12,"key":"Dexterity Potion"},{"floor":13,"key":"Strength Potion"},{"floor":16,"key":"Poison Potion"},{"floor":22,"key":"SpeedPotion"},{"floor":28,"key":"BloodPotion"}],"is_trial":false,"path_per_floor":["M","M","?","$","?","R","M","E","T","E","M","E","M","?","R","B",null,"M","?","?","M","M","R","E","R","T","$","M","E"],"character_chosen":"IRONCLAD","items_purchased":["Metallicize","Body Slam","Metallicize"],"campfire_rested":1,"item_purchase_floors":[4,4,27],"current_hp_per_floor":[75,77,70,70,80,80,80,64,64,52,55,34,34,14,38,10,80,80,80,80,80,79,79,37,37,37,37,37,0],"gold":339,"neow_bonus":"","is_prod":false,"is_daily":true,"chose_seed":false,"campfire_upgraded":3,"win_rate":0,"timestamp":1548593084,"path_taken":["M","M","?","$","?","R","M","E","T","E","M","E","M","?","R","BOSS","M","?","?","M","M","R","E","R","T","$","?","E"],"build_version":"2019-01-23","purchased_purges":1,"victory":false,"max_hp_per_floor":[80,80,80,80,80,80,80,80,80,80,80,80,80,80,80,80,80,80,80,80,80,80,80,80,80,80,80,80,80],"card_choices":[{"not_picked":["Iron Wave","Shockwave"],"picked":"Shrug It Off","floor":1},{"not_picked":["Flex","Clash"],"picked":"Warcry","floor":2},{"not_picked":["Clothesline","Iron Wave","Blood for Blood"],"picked":"SKIP","floor":7},{"not_picked":["Feed","Immolate"],"picked":"Impervious","floor":8},{"not_picked":["Limit Break","Double Tap"],"picked":"Feed","floor":10},{"not_picked":["Anger","Armaments"],"picked":"Seeing Red","floor":11},{"not_picked":["Limit Break","Immolate"],"picked":"Offering","floor":12},{"not_picked":["Headbutt","Warcry","Thunderclap"],"picked":"SKIP","floor":13},{"not_picked":["Impervious","Offering"],"picked":"Juggernaut","floor":16},{"not_picked":["Power Through","Searing Blow"],"picked":"Entrench+1","floor":18},{"not_picked":["Iron Wave","Clothesline"],"picked":"True Grit+1","floor":21},{"not_picked":["Clothesline","Anger","Pommel Strike+1"],"picked":"SKIP","floor":22},{"not_picked":["Juggernaut","Reaper"],"picked":"Barricade","floor":24},{"not_picked":["Battle Trance","Power Through","Twin Strike+1"],"picked":"Whirlwind","floor":28}],"player_experience":280718,"relics_obtained":[{"floor":8,"key":"Mummified Hand"},{"floor":9,"key":"Art of War"},{"floor":10,"key":"Dodecahedron"},{"floor":12,"key":"Charon\u0027s Ashes"},{"floor":24,"key":"The Courier"},{"floor":24,"key":"Question Card"},{"floor":26,"key":"Oddly Smooth Stone"}],"event_choices":[{"cards_removed":["Anger"],"damage_healed":0,"gold_gain":0,"player_choice":"Card Removal","damage_taken":7,"max_hp_gain":0,"max_hp_loss":0,"event_name":"Golden Wing","floor":3,"gold_loss":0},{"damage_healed":20,"gold_gain":0,"player_choice":"Healed","damage_taken":0,"max_hp_gain":0,"max_hp_loss":0,"event_name":"The Cleric","floor":5,"gold_loss":35},{"damage_healed":0,"gold_gain":0,"player_choice":"Take Damage","damage_taken":20,"relics_obtained":["Golden Idol"],"max_hp_gain":0,"max_hp_loss":0,"event_name":"Golden Idol","floor":14,"gold_loss":0},{"cards_removed":["Wild Strike"],"damage_healed":0,"gold_gain":0,"player_choice":"Elegance","damage_taken":0,"max_hp_gain":0,"max_hp_loss":0,"event_name":"Back to Basics","floor":19,"gold_loss":0},{"damage_healed":0,"gold_gain":0,"player_choice":"Inject Mutagens","damage_taken":0,"relics_obtained":["MutagenicStrength"],"max_hp_gain":0,"max_hp_loss":0,"event_name":"Drug Dealer","floor":20,"gold_loss":0}],"is_beta":false,"boss_relics":[{"not_picked":["Philosopher\u0027s Stone","Coffee Dripper"],"picked":"Black Star"}],"items_purged_floors":[27],"is_endless":false,"potions_floor_spawned":[1,2,12,13,16,22,28],"killed_by":"Slavers","ascension_level":0}