{"gold_per_floor":[115,134,134,84,95,122,122,122,122,23,41,71,91,17,17,119,119,131,31,131,149,168,168,168],"floor_reached":24,"playtime":1894,"items_purged":["Strike_B","Regret"],"score":231,"play_id":"2d76ce16-a5cc-4ccb-bf6f-7b6858f06e12","local_time":"20190110182527","is_ascension_mode":false,"campfire_choices":[{"data":"Dualcast","floor":8,"key":"SMITH"},{"data":"Static Discharge","floor":15,"key":"SMITH"},{"data":"Regret","floor":23,"key":"PURGE"}],"neow_cost":"NONE","seed_source_timestamp":36422546360000,"circlet_count":0,"master_deck":["Defend_B","Defend_B","Defend_B+1","Defend_B","Zap+1","Dualcast+1","Thunder Strike","Coolheaded","FTL","Self Repair","Coolheaded","Beam Cell","Defragment","Steam Power","Sunder","Static Discharge+1","Echo Form","Doubt","Coolheaded","FTL"],"relics":["Cracked Core","Dodecahedron","Darkstone Periapt","Gremlin Horn","Calling Bell","Strawberry","Sundial","Peace Pipe"],"potions_floor_usage":[11,16,22],"damage_taken":[{"damage":0,"enemies":"2 Louse","floor":1,"turns":2},{"damage":3,"enemies":"Jaw Worm","floor":2,"turns":6},{"damage":3,"enemies":"Small Slimes","floor":5,"turns":4},{"damage":13,"enemies":"Lagavulin","floor":6,"turns":8},{"damage":2,"enemies":"Blue Slaver","floor":11,"turns":2},{"damage":13,"enemies":"Gremlin Nob","floor":12,"turns":3},{"damage":6,"enemies":"Exordium Thugs","floor":13,"turns":5},{"damage":27,"enemies":"The Guardian","floor":16,"turns":9},{"damage":15,"enemies":"2 Thieves","floor":18,"turns":3},{"damage":14,"enemies":"Shell Parasite","floor":21,"turns":5},{"damage":40,"enemies":"Snake Plant","floor":22,"turns":5},{"damage":55,"enemies":"Slavers","floor":24,"turns":3}],"seed_played":"-7686407644283389690","potions_obtained":[{"floor":6,"key":"AttackPotion"},{"floor":12,"key":"Weak Potion"},{"floor":21,"key":"AttackPotion"},{"floor":22,"key":"FearPotion"}],"is_trial":false,"path_per_floor":["M","M","?","?","M","E","?","R","T","$","M","E","M","$","R","B",null,"M","$","?","M","M","R","E"],"character_chosen":"DEFECT","items_purchased":["Beam Cell","Static Discharge"],"campfire_rested":0,"item_purchase_floors":[10,14],"current_hp_per_floor":[75,72,72,72,69,63,48,48,48,48,46,40,41,41,41,21,100,92,92,92,85,52,52,0],"gold":168,"neow_bonus":"TRANSFORM_CARD","is_prod":false,"is_daily":false,"chose_seed":false,"campfire_upgraded":2,"win_rate":0,"timestamp":1547115927,"path_taken":["M","M","?","?","M","E","?","R","T","?","M","E","M","$","R","BOSS","M","$","?","M","?","R","E"],"build_version":"2019-01-03v4","purchased_purges":2,"victory":false,"max_hp_per_floor":[75,75,75,75,75,75,75,75,75,75,75,75,75,75,75,75,100,100,100,100,100,100,100,100],"card_choices":[{"not_picked":["Barrage","Turbo"],"picked":"Coolheaded","floor":1},{"not_picked":["Streamline","Compile Driver"],"picked":"FTL","floor":2},{"not_picked":["Compile Driver","Fusion"],"picked":"Self Repair","floor":5},{"not_picked":["Streamline","Reboot"],"picked":"Coolheaded","floor":6},{"not_picked":["White Noise","FTL"],"picked":"Defragment","floor":11},{"not_picked":["Hello World","Barrage"],"picked":"Steam Power","floor":12},{"not_picked":["Skim","Rebound"],"picked":"Sunder","floor":13},{"not_picked":["Multi-Cast","Fission"],"picked":"Echo Form","floor":16},{"not_picked":["Scrape","Reprogram+1"],"picked":"Coolheaded","floor":18},{"not_picked":["Steam+1","Compile Driver+1"],"picked":"FTL","floor":21},{"not_picked":["Stack","Steam","Barrage"],"picked":"SKIP","floor":22}],"player_experience":160300,"relics_obtained":[{"floor":6,"key":"Dodecahedron"},{"floor":9,"key":"Darkstone Periapt"},{"floor":12,"key":"Gremlin Horn"},{"floor":17,"key":"Strawberry"},{"floor":17,"key":"Sundial"},{"floor":17,"key":"Peace Pipe"}],"event_choices":[{"cards_removed":["Strike_B"],"damage_healed":0,"gold_gain":0,"player_choice":"Forget","damage_taken":0,"max_hp_gain":0,"max_hp_loss":0,"event_name":"Living Wall","floor":3,"gold_loss":0},{"cards_removed":["Strike_B"],"damage_healed":0,"gold_gain":0,"player_choice":"Card Removal","damage_taken":0,"max_hp_gain":0,"max_hp_loss":0,"event_name":"The Cleric","floor":4,"gold_loss":50},{"damage_healed":0,"gold_gain":0,"player_choice":"Entered Light","damage_taken":15,"max_hp_gain":0,"max_hp_loss":0,"event_name":"Shining Light","floor":7,"gold_loss":0,"cards_upgraded":["Zap","Defend_B"]},{"damage_healed":0,"gold_gain":100,"player_choice":"Pray","damage_taken":0,"max_hp_gain":0,"max_hp_loss":0,"event_name":"Golden Shrine","floor":20,"gold_loss":0}],"is_beta":false,"boss_relics":[{"not_picked":["Black Star","Velvet Choker"],"picked":"Calling Bell"}],"items_purged_floors":[10,19],"is_endless":false,"potions_floor_spawned":[6,12,21,22],"killed_by":"Slavers","ascension_level":0}