{"gold_per_floor":[119,119,119,129,144,144,97,97,124,124,140,166,195,214,214,310,310,330,255,255,255,271,271,348,348],"floor_reached":25,"playtime":1030,"items_purged":[],"score":308,"play_id":"17b74e9f-baca-49dc-84c5-146234bc78fb","local_time":"20181207002412","is_ascension_mode":true,"campfire_choices":[{"data":"White Noise","floor":6,"key":"SMITH"},{"data":"Darkness","floor":8,"key":"SMITH"},{"data":"Zap","floor":10,"key":"SMITH"},{"floor":15,"key":"REST"},{"floor":23,"key":"REST"}],"neow_cost":"NONE","seed_source_timestamp":3099118845345280,"circlet_count":0,"master_deck":["AscendersBane","Strike_B","Defend_B","Defend_B","Defend_B","Defend_B","Zap+1","Dualcast","Go for the Eyes","Coolheaded","Darkness+1","White Noise+1","Redo","Coolheaded","Glacier","Coolheaded","Seek","Loop+1"],"relics":["Cracked Core","Vajra","Anchor","Pen Nib","Velvet Choker","Bottled Lightning"],"potions_floor_usage":[20],"damage_taken":[{"damage":2,"enemies":"2 Louse","floor":1,"turns":3},{"damage":16,"enemies":"Small Slimes","floor":4,"turns":3},{"damage":10,"enemies":"Jaw Worm","floor":5,"turns":4},{"damage":6,"enemies":"Exordium Thugs","floor":11,"turns":4},{"damage":11,"enemies":"Lagavulin","floor":13,"turns":5},{"damage":0,"enemies":"Large Slime","floor":14,"turns":5},{"damage":24,"enemies":"Slime Boss","floor":16,"turns":9},{"damage":43,"enemies":"3 Byrds","floor":18,"turns":8},{"damage":13,"enemies":"Colosseum Slavers","floor":20,"turns":4},{"damage":2,"enemies":"Shell Parasite","floor":22,"turns":4},{"damage":31,"enemies":"Cultist and Chosen","floor":25,"turns":4}],"seed_played":"-7821837451526745992","potions_obtained":[{"floor":5,"key":"Swift Potion"},{"floor":11,"key":"FearPotion"},{"floor":22,"key":"Block Potion"}],"is_trial":false,"path_per_floor":["M","?","?","M","M","R","$","R","T","R","M","T","E","M","R","B",null,"M","?","?","?","M","R","T","M"],"character_chosen":"DEFECT","items_purchased":["Redo"],"campfire_rested":2,"item_purchase_floors":[7],"current_hp_per_floor":[66,66,66,50,40,40,40,40,40,40,34,34,23,23,45,21,62,19,19,6,6,4,26,26,0],"gold":348,"neow_bonus":"REMOVE_CARD","is_prod":false,"is_daily":false,"chose_seed":false,"campfire_upgraded":3,"win_rate":0,"timestamp":1544160252,"path_taken":["M","?","?","M","?","R","$","R","T","R","M","?","E","M","R","BOSS","M","?","?","?","M","R","?","M"],"build_version":"2018-12-06","purchased_purges":0,"victory":false,"max_hp_per_floor":[75,75,75,75,75,75,75,75,75,75,75,75,75,75,75,75,75,75,75,75,75,75,75,75,75],"card_choices":[{"not_picked":["Steam","Recycle"],"picked":"Go for the Eyes","floor":1},{"not_picked":["Stack","Steam Power"],"picked":"Darkness","floor":4},{"not_picked":["Ball Lightning","Reinforced Body"],"picked":"White Noise","floor":5},{"not_picked":["Compile Driver","Go for the Eyes"],"picked":"Coolheaded","floor":11},{"not_picked":["Fusion","Hello World"],"picked":"Glacier","floor":13},{"not_picked":["Fission","Beam Cell"],"picked":"Coolheaded","floor":14},{"not_picked":["Core Surge","Fission"],"picked":"Seek","floor":16},{"not_picked":["Genetic Algorithm","Force Field","Double Energy+1"],"picked":"SKIP","floor":18},{"not_picked":["Gash","Compile Driver"],"picked":"Loop+1","floor":22}],"player_experience":683930,"relics_obtained":[{"floor":9,"key":"Vajra"},{"floor":12,"key":"Anchor"},{"floor":13,"key":"Pen Nib"},{"floor":24,"key":"Bottled Lightning"}],"event_choices":[{"damage_healed":0,"gold_gain":0,"player_choice":"Ignored","damage_taken":0,"max_hp_gain":0,"max_hp_loss":0,"event_name":"Liars Game","floor":2,"gold_loss":0},{"damage_healed":0,"gold_gain":0,"cards_transformed":["Strike_B"],"player_choice":"Change","damage_taken":0,"max_hp_gain":0,"max_hp_loss":0,"event_name":"Living Wall","floor":3,"gold_loss":0,"cards_obtained":["Coolheaded"]},{"cards_removed":["Strike_B"],"damage_healed":0,"gold_gain":0,"player_choice":"Gave Gold","damage_taken":0,"max_hp_gain":0,"max_hp_loss":0,"event_name":"Beggar","floor":19,"gold_loss":75},{"damage_healed":0,"gold_gain":0,"player_choice":"Fight","damage_taken":0,"max_hp_gain":0,"max_hp_loss":0,"event_name":"Colosseum","floor":20,"gold_loss":0},{"damage_healed":0,"gold_gain":0,"player_choice":"Fled From Nobs","damage_taken":0,"max_hp_gain":0,"max_hp_loss":0,"event_name":"Colosseum","floor":20,"gold_loss":0},{"damage_healed":0,"gold_gain":0,"player_choice":"Ignored","damage_taken":0,"max_hp_gain":0,"max_hp_loss":0,"event_name":"Vampires","floor":21,"gold_loss":0}],"is_beta":false,"boss_relics":[{"not_picked":["Fusion Hammer","Runic Dome"],"picked":"Velvet Choker"}],"items_purged_floors":[],"is_endless":false,"potions_floor_spawned":[5,11,14,22],"killed_by":"Cultist and Chosen","ascension_level":11}