{"gold_per_floor":[116,15,15,190,210,210,29,58,96,126,156,168,197,228,240,353,365,391,403,415,526,549,561,589,612,647,675,722,734,23,23],"floor_reached":31,"playtime":4736,"items_purged":["Strike_B","Doubt","Regret"],"score":307,"play_id":"2187412b-7925-4992-8b27-df5d110e5e00","local_time":"20190110175333","is_ascension_mode":false,"campfire_choices":[{"data":"Double Energy","floor":6,"key":"SMITH"},{"data":"Zap","floor":12,"key":"SMITH"},{"data":"Dualcast","floor":15,"key":"SMITH"},{"data":"Machine Learning","floor":23,"key":"SMITH"},{"floor":29,"key":"REST"}],"neow_cost":"NONE","seed_source_timestamp":31660178336900,"circlet_count":0,"master_deck":["Defend_B","Defend_B","Defend_B","Defend_B","Zap+1","Dualcast+1","Double Energy+1","Go for the Eyes","Compile Driver","Static Discharge","Steam","Steam","Loop","Rip and Tear","Go for the Eyes","Machine Learning+1","Defragment","Bite","Bite","Bite","Bite","Bite","Glacier+1","Coolheaded","Good Instincts","Compile Driver","Hologram"],"relics":["Cracked Core","NeowsBlessing","Happy Flower","MawBank","Bag of Preparation","Velvet Choker","Regal Pillow","Orichalcum","Omamori","Prayer Wheel"],"potions_floor_usage":[13,16,16,28,31],"damage_taken":[{"damage":0,"enemies":"Small Slimes","floor":1,"turns":1},{"damage":0,"enemies":"Jaw Worm","floor":5,"turns":1},{"damage":0,"enemies":"Lagavulin","floor":8,"turns":1},{"damage":0,"enemies":"2 Louse","floor":10,"turns":2},{"damage":2,"enemies":"Looter","floor":11,"turns":3},{"damage":9,"enemies":"Large Slime","floor":13,"turns":4},{"damage":4,"enemies":"Exordium Wildlife","floor":14,"turns":4},{"damage":16,"enemies":"Slime Boss","floor":16,"turns":10},{"damage":18,"enemies":"Spheric Guardian","floor":18,"turns":4},{"damage":29,"enemies":"3 Byrds","floor":22,"turns":4},{"damage":18,"enemies":"Centurion and Healer","floor":24,"turns":7},{"damage":13,"enemies":"Snecko","floor":25,"turns":5},{"damage":26,"enemies":"Shelled Parasite and Fungi","floor":27,"turns":9},{"damage":24,"enemies":"Book of Stabbing","floor":28,"turns":6},{"damage":55,"enemies":"Gremlin Leader","floor":31,"turns":9}],"seed_played":"-4847700378277908353","potions_obtained":[{"floor":1,"key":"SpeedPotion"},{"floor":10,"key":"LiquidBronze"},{"floor":13,"key":"AttackPotion"},{"floor":24,"key":"Energy Potion"},{"floor":27,"key":"EssenceOfSteel"},{"floor":28,"key":"PowerPotion"}],"is_trial":false,"path_per_floor":["M","$","?","?","M","R","$","E","T","M","M","R","M","M","R","B",null,"M","?","?","?","M","R","M","M","T","M","E","R","$","E"],"character_chosen":"DEFECT","items_purchased":["Go for the Eyes","Static Discharge","Omamori","Good Instincts","Prayer Wheel","Compile Driver","Hologram"],"campfire_rested":1,"item_purchase_floors":[2,7,30,30,30,30,30],"current_hp_per_floor":[75,75,75,75,75,75,75,75,75,75,73,73,64,60,60,44,75,57,48,48,48,27,27,29,26,26,20,6,36,36,0],"gold":23,"neow_bonus":"THREE_ENEMY_KILL","is_prod":false,"is_daily":false,"chose_seed":false,"campfire_upgraded":4,"win_rate":0,"timestamp":1547114013,"path_taken":["M","$","?","?","M","R","?","E","T","M","M","R","M","M","R","BOSS","M","?","?","?","M","R","M","?","T","M","E","R","$","E"],"build_version":"2019-01-03v4","purchased_purges":3,"victory":false,"max_hp_per_floor":[75,75,75,75,75,75,75,75,75,75,75,75,75,75,75,75,75,75,75,52,52,52,52,52,52,52,52,52,52,52,52],"card_choices":[{"not_picked":["Sweeping Beam","Reprogram"],"picked":"Double Energy","floor":1},{"not_picked":["Go for the Eyes","Redo"],"picked":"Compile Driver","floor":5},{"not_picked":["Scrape","Auto Shields"],"picked":"Steam","floor":8},{"not_picked":["Darkness","Redo"],"picked":"Steam","floor":10},{"not_picked":["Rip and Tear","Ball Lightning"],"picked":"Loop","floor":11},{"not_picked":["Barrage","Reinforced Body"],"picked":"Rip and Tear","floor":13},{"not_picked":["Storm","Beam Cell"],"picked":"Go for the Eyes","floor":14},{"not_picked":["All For One","Amplify"],"picked":"Machine Learning","floor":16},{"not_picked":["Tempest","Beam Cell"],"picked":"Defragment","floor":18},{"not_picked":["Skim+1","Ball Lightning"],"picked":"Glacier+1","floor":22},{"not_picked":["Cold Snap","Leap+1"],"picked":"Coolheaded","floor":24},{"not_picked":["Stack+1","Force Field","Loop"],"picked":"SKIP","floor":25},{"not_picked":["Chaos+1","Stack+1","Force Field"],"picked":"SKIP","floor":27},{"not_picked":["Steam","Compile Driver","Gash"],"picked":"SKIP","floor":28}],"player_experience":155564,"relics_obtained":[{"floor":8,"key":"MawBank"},{"floor":9,"key":"Bag of Preparation"},{"floor":26,"key":"Regal Pillow"},{"floor":28,"key":"Orichalcum"}],"event_choices":[{"damage_healed":0,"gold_gain":0,"player_choice":"Box","damage_taken":0,"relics_obtained":["Happy Flower"],"max_hp_gain":0,"max_hp_loss":0,"event_name":"Big Fish","floor":3,"gold_loss":0,"cards_obtained":["Regret"]},{"damage_healed":0,"gold_gain":175,"player_choice":"AGREE","damage_taken":0,"max_hp_gain":0,"max_hp_loss":0,"event_name":"Liars Game","floor":4,"gold_loss":0,"cards_obtained":["Doubt"]},{"damage_healed":0,"gold_gain":0,"player_choice":"Stopped","damage_taken":9,"max_hp_gain":0,"max_hp_loss":0,"event_name":"Cursed Tome","floor":19,"gold_loss":0},{"damage_healed":0,"gold_gain":0,"player_choice":"Became a vampire","damage_taken":0,"max_hp_gain":0,"max_hp_loss":23,"event_name":"Vampires","floor":20,"gold_loss":0,"cards_obtained":["Bite","Bite","Bite","Bite","Bite"]},{"damage_healed":0,"gold_gain":99,"player_choice":"Stole From Cult","damage_taken":0,"max_hp_gain":0,"max_hp_loss":0,"event_name":"Nest","floor":21,"gold_loss":0}],"is_beta":false,"boss_relics":[{"not_picked":["Fusion Hammer","Runic Dome"],"picked":"Velvet Choker"}],"items_purged_floors":[2,7,30],"is_endless":false,"potions_floor_spawned":[1,10,13,24,27,28],"killed_by":"Gremlin Leader","ascension_level":0}