{"gold_per_floor":[115,132,144,163,183,183,196,221,268,268,281,312,369,369,369,469,469,488,488,150,164,175,175,195,195,220,220,230,230,241,266,266,266],"floor_reached":33,"playtime":2199,"items_purged":[],"score":261,"play_id":"fb23edc8-c01e-4d8d-bacc-a40d30423510","local_time":"20181223063644","is_ascension_mode":false,"campfire_choices":[{"data":"Terror","floor":6,"key":"SMITH"},{"floor":10,"key":"REST"},{"floor":15,"key":"REST"},{"data":"Distraction","floor":23,"key":"SMITH"},{"data":"Adrenaline","floor":25,"key":"SMITH"},{"data":"Flying Knee","floor":27,"key":"SMITH"},{"data":"Deadly Poison","floor":32,"key":"SMITH"}],"neow_cost":"NONE","seed_source_timestamp":159252227225156,"circlet_count":0,"master_deck":["Defend_G","Defend_G","Defend_G","Defend_G+1","Defend_G","Strike_G","Strike_G","Strike_G","Strike_G","Strike_G","Survivor","Neutralize","Quick Slash","Poisoned Stab+1","Terror+1","Noxious Fumes","Outmaneuver","Backflip","Adrenaline+1","Distraction+1","Endless Agony","Slice","Unload","Choke+1","Secret Technique","Flying Knee+1","Noxious Fumes","Prepared","Escape Plan+1","Dodge and Roll+1","Dagger Throw","All Out Attack","Deadly Poison+1","Backflip+1"],"relics":["Ring of the Snake","Pen Nib","Letter Opener","Orichalcum","Ornamental Fan","Darkstone Periapt","Eternal Feather","Ancient Tea Set","Red Mask"],"potions_floor_usage":[8,12,13,16,30,33,33],"damage_taken":[{"damage":0,"enemies":"Jaw Worm","floor":1,"turns":4},{"damage":2,"enemies":"Small Slimes","floor":2,"turns":4},{"damage":0,"enemies":"Cultist","floor":3,"turns":3},{"damage":4,"enemies":"2 Fungi Beasts","floor":4,"turns":3},{"damage":23,"enemies":"Exordium Thugs","floor":5,"turns":4},{"damage":18,"enemies":"Exordium Wildlife","floor":7,"turns":5},{"damage":20,"enemies":"Gremlin Nob","floor":8,"turns":5},{"damage":0,"enemies":"Large Slime","floor":11,"turns":5},{"damage":4,"enemies":"3 Sentries","floor":12,"turns":5},{"damage":10,"enemies":"Gremlin Nob","floor":13,"turns":4},{"damage":13,"enemies":"Slime Boss","floor":16,"turns":9},{"damage":0,"enemies":"Chosen","floor":18,"turns":4},{"damage":4,"enemies":"Shell Parasite","floor":21,"turns":4},{"damage":24,"enemies":"Shelled Parasite and Fungi","floor":22,"turns":5},{"damage":2,"enemies":"Cultist and Chosen","floor":24,"turns":3},{"damage":6,"enemies":"Snecko","floor":28,"turns":4},{"damage":16,"enemies":"Shelled Parasite and Fungi","floor":30,"turns":3},{"damage":6,"enemies":"Masked Bandits","floor":31,"turns":3},{"damage":99,"enemies":"Champ","floor":33,"turns":8}],"seed_played":"-3222343549439751554","potions_obtained":[{"floor":1,"key":"SpeedPotion"},{"floor":7,"key":"SpeedPotion"},{"floor":8,"key":"FearPotion"},{"floor":11,"key":"Dexterity Potion"},{"floor":12,"key":"Regen Potion"},{"floor":13,"key":"Dexterity Potion"},{"floor":19,"key":"Fire Potion"},{"floor":22,"key":"Fire Potion"},{"floor":30,"key":"AttackPotion"},{"floor":31,"key":"FairyPotion"}],"is_trial":false,"path_per_floor":["M","M","M","M","M","R","M","E","T","R","M","E","?","?","R","B",null,"M","?","$","M","M","R","M","R","T","R","M","?","M","?","R","B"],"character_chosen":"THE_SILENT","items_purchased":["Secret Technique","Flying Knee","Noxious Fumes","Prepared"],"campfire_rested":2,"item_purchase_floors":[20,20,20,20],"current_hp_per_floor":[70,68,68,64,41,41,23,3,3,24,24,20,22,8,29,16,70,70,70,70,66,42,60,58,70,70,70,64,64,48,42,60,0],"gold":266,"neow_bonus":"RANDOM_COMMON_RELIC","is_prod":false,"is_daily":false,"chose_seed":false,"campfire_upgraded":5,"win_rate":0.0,"timestamp":1545514604,"path_taken":["M","M","M","M","M","R","M","E","T","R","M","E","?","?","R","BOSS","M","?","?","M","M","R","M","R","T","R","M","?","M","?","R","BOSS"],"build_version":"2018-12-20","purchased_purges":0,"victory":false,"max_hp_per_floor":[70,70,70,70,70,70,70,70,70,70,70,70,70,70,70,70,70,70,70,70,70,70,70,70,70,70,70,70,70,70,70,70,70],"card_choices":[{"not_picked":["Dash","Flying Knee"],"picked":"Quick Slash","floor":1},{"not_picked":["Eviscerate","Well Laid Plans"],"picked":"Poisoned Stab","floor":2},{"not_picked":["Well Laid Plans","Slice"],"picked":"Terror","floor":3},{"not_picked":["Eviscerate","PiercingWail"],"picked":"Noxious Fumes","floor":4},{"not_picked":["Poisoned Stab","Choke"],"picked":"Outmaneuver","floor":5},{"not_picked":["Eviscerate","Dodge and Roll"],"picked":"Backflip","floor":7},{"not_picked":["Wraith Form v2","Well Laid Plans"],"picked":"Adrenaline","floor":8},{"not_picked":["Riddle With Holes","Footwork"],"picked":"Distraction","floor":11},{"not_picked":["Dash","Choke"],"picked":"Endless Agony","floor":12},{"not_picked":["Acrobatics","Outmaneuver"],"picked":"Slice","floor":13},{"not_picked":["Tools of the Trade","Wraith Form v2"],"picked":"Unload","floor":16},{"not_picked":["Flying Knee","Sucker Punch+1"],"picked":"Choke+1","floor":18},{"not_picked":["Dagger Throw+1","Backstab"],"picked":"Escape Plan+1","floor":21},{"not_picked":["Skewer","Outmaneuver"],"picked":"Dodge and Roll+1","floor":22},{"not_picked":["Dodge and Roll","Underhanded Strike"],"picked":"Dagger Throw","floor":24},{"not_picked":["Masterful Stab+1","Dagger Spray"],"picked":"All Out Attack","floor":28},{"not_picked":["Flechettes+1","Acrobatics"],"picked":"Deadly Poison","floor":30},{"not_picked":["Prepared","Phantasmal Killer"],"picked":"Backflip+1","floor":31}],"player_experience":17904,"relics_obtained":[{"floor":8,"key":"Letter Opener"},{"floor":9,"key":"Orichalcum"},{"floor":12,"key":"Ornamental Fan"},{"floor":13,"key":"Darkstone Periapt"},{"floor":26,"key":"Ancient Tea Set"},{"floor":31,"key":"Red Mask"}],"event_choices":[{"damage_healed":0,"gold_gain":0,"player_choice":"Searched \u00271\u0027 times","damage_taken":0,"max_hp_gain":0,"max_hp_loss":0,"event_name":"Dead Adventurer","floor":13,"gold_loss":0},{"damage_healed":0,"gold_gain":0,"player_choice":"Entered Light","damage_taken":14,"max_hp_gain":0,"max_hp_loss":0,"event_name":"Shining Light","floor":14,"gold_loss":0,"cards_upgraded":["Poisoned Stab","Defend_G"]},{"damage_healed":0,"gold_gain":0,"player_choice":"Got Potions","damage_taken":0,"max_hp_gain":0,"max_hp_loss":0,"event_name":"Lab","floor":19,"gold_loss":0},{"damage_healed":0,"gold_gain":0,"player_choice":"Ignored","damage_taken":0,"max_hp_gain":0,"max_hp_loss":0,"event_name":"Vampires","floor":29,"gold_loss":0},{"damage_healed":0,"gold_gain":0,"player_choice":"Fought Bandits","damage_taken":0,"max_hp_gain":0,"max_hp_loss":0,"event_name":"Masked Bandits","floor":31,"gold_loss":0}],"is_beta":false,"boss_relics":[{"not_picked":["Coffee Dripper","Fusion Hammer"],"picked":"Eternal Feather"}],"items_purged_floors":[],"is_endless":false,"potions_floor_spawned":[1,7,8,11,12,13,22,30,31],"killed_by":"Champ","ascension_level":0}