{"gold_per_floor":[111,129,129,18,36,36,74,74,74,143,157,157,157,177,177,273,273,291,311,436,361,308,348,348,373,427,441,464,88,88,101,101,191,191,205,568,568,588,613,613,647,647,647,691,715,740,753,788,788,788,788,788,171,204,204],"floor_reached":56,"playtime":3605,"items_purged":["Strike_R","Perfected Strike"],"score":1969,"play_id":"537f0d96-98b8-4157-a665-b13bac35991d","local_time":"20190203141829","is_ascension_mode":true,"campfire_choices":[{"data":"Inflame","floor":6,"key":"SMITH"},{"floor":8,"key":"REST"},{"floor":15,"key":"REST"},{"floor":24,"key":"REST"},{"data":"True Grit","floor":30,"key":"SMITH"},{"data":"Demon Form","floor":32,"key":"SMITH"},{"data":"Flame Barrier","floor":40,"key":"SMITH"},{"data":"Impervious","floor":42,"key":"SMITH"},{"floor":49,"key":"RECALL"},{"data":"Clothesline","floor":52,"key":"SMITH"}],"neow_cost":"NONE","seed_source_timestamp":239571320418566,"circlet_count":0,"master_deck":["AscendersBane","Strike_R+1","Defend_R","Defend_R","Defend_R","Defend_R","Bash","Thunderclap","True Grit+1","Combust+1","Inflame+1","Flame Barrier+1","Headbutt","Clothesline+1","Bludgeon","Evolve+1","Flame Barrier+1","Demon Form+1","Whirlwind","Shrug It Off","Feed","Corruption","Impervious+1","Fiend Fire","True Grit+1","Shockwave+1","Battle Trance+1","Shrug It Off"],"relics":["Burning Blood","Golden Idol","Ornamental Fan","Blood Vial","Centennial Puzzle","Snecko Eye","Calipers","Dodecahedron","Pantograph","Magic Flower","Bag of Marbles","Pen Nib","Red Skull","Sozu","Old Coin","Oddly Smooth Stone","Prayer Wheel","Potion Belt","Art of War","ClockworkSouvenir","Lantern","Strawberry","Sundial"],"potions_floor_usage":[7,10,11,16,20,20,23,31,41,55],"damage_taken":[{"damage":0,"enemies":"2 Louse","floor":1,"turns":2},{"damage":0,"enemies":"Jaw Worm","floor":2,"turns":3},{"damage":11,"enemies":"Small Slimes","floor":5,"turns":4},{"damage":35,"enemies":"Gremlin Nob","floor":7,"turns":4},{"damage":44,"enemies":"Lagavulin Event","floor":10,"turns":6},{"damage":9,"enemies":"Blue Slaver","floor":11,"turns":3},{"damage":0,"enemies":"2 Fungi Beasts","floor":14,"turns":3},{"damage":20,"enemies":"Slime Boss","floor":16,"turns":7},{"damage":0,"enemies":"Spheric Guardian","floor":18,"turns":3},{"damage":9,"enemies":"3 Byrds","floor":19,"turns":3},{"damage":26,"enemies":"Colosseum Slavers","floor":20,"turns":3},{"damage":2,"enemies":"Colosseum Nobs","floor":20,"turns":3},{"damage":37,"enemies":"Slavers","floor":23,"turns":7},{"damage":20,"enemies":"Snecko","floor":25,"turns":5},{"damage":8,"enemies":"Snake Plant","floor":27,"turns":2},{"damage":0,"enemies":"Sentry and Sphere","floor":28,"turns":3},{"damage":11,"enemies":"Cultist and Chosen","floor":31,"turns":4},{"damage":28,"enemies":"Collector","floor":33,"turns":6},{"damage":0,"enemies":"3 Shapes","floor":35,"turns":1},{"damage":34,"enemies":"2 Orb Walkers","floor":36,"turns":5},{"damage":4,"enemies":"Orb Walker","floor":38,"turns":4},{"damage":8,"enemies":"Writhing Mass","floor":39,"turns":2},{"damage":16,"enemies":"Reptomancer","floor":41,"turns":6},{"damage":37,"enemies":"Nemesis","floor":44,"turns":7},{"damage":2,"enemies":"Jaw Worm Horde","floor":46,"turns":3},{"damage":0,"enemies":"4 Shapes","floor":47,"turns":8},{"damage":3,"enemies":"Reptomancer","floor":48,"turns":5},{"damage":13,"enemies":"Time Eater","floor":50,"turns":8},{"damage":38,"enemies":"Shield and Spear","floor":54,"turns":5},{"damage":60,"enemies":"The Heart","floor":55,"turns":8}],"seed_played":"4903106106782477280","potions_obtained":[{"floor":2,"key":"GamblersBrew"},{"floor":10,"key":"EssenceOfSteel"},{"floor":14,"key":"Poison Potion"},{"floor":16,"key":"FearPotion"},{"floor":19,"key":"Strength Potion"},{"floor":20,"key":"Strength Potion"},{"floor":25,"key":"AttackPotion"},{"floor":31,"key":"Fruit Juice"},{"floor":33,"key":"LiquidBronze"}],"is_trial":false,"path_per_floor":["M","M","?","$","M","R","E","R","T","?","M","?","?","M","R","B",null,"M","M","?","?","?","E","R","M","T","M","M","$","R","M","R","B",null,"M","?","?","M","M","R","E","R","T","E","T","M","M","E","R","B",null,"R","$","E","B",null],"character_chosen":"IRONCLAD","items_purchased":["Combust","Regen Potion","Pen Nib","Red Skull","ClockworkSouvenir","Lantern","Strawberry","Shrug It Off"],"campfire_rested":3,"item_purchase_floors":[4,4,29,29,53,53,53,53],"current_hp_per_floor":[74,75,57,57,52,52,23,45,45,24,23,8,1,9,31,19,61,69,68,56,56,56,27,49,41,41,45,57,57,57,63,63,61,75,80,55,55,68,77,77,73,73,73,48,48,63,80,94,94,96,98,98,105,76,54],"gold":204,"neow_bonus":"TRANSFORM_CARD","is_prod":false,"is_daily":false,"chose_seed":false,"campfire_upgraded":6,"win_rate":0,"timestamp":1549203509,"path_taken":["M","M","?","$","M","R","E","R","T","?","M","?","?","M","R","BOSS","M","M","?","?","?","E","R","M","T","?","M","$","R","M","R","BOSS","M","?","?","M","?","R","E","R","T","E","?","M","M","E","R","BOSS","R","$","E","BOSS"],"build_version":"2019-01-23","purchased_purges":2,"victory":true,"max_hp_per_floor":[75,75,75,75,75,75,75,75,75,75,75,75,75,75,75,75,75,75,75,75,75,75,75,75,75,75,75,75,75,75,80,80,80,80,80,80,80,83,86,86,86,86,86,86,86,89,92,95,95,98,98,98,105,105,105],"card_choices":[{"not_picked":["Warcry","Flex"],"picked":"Thunderclap","floor":1},{"not_picked":["Havoc","Second Wind"],"picked":"True Grit","floor":2},{"not_picked":["Whirlwind","Hemokinesis"],"picked":"Inflame","floor":5},{"not_picked":["Exhume","Warcry"],"picked":"Flame Barrier","floor":7},{"not_picked":["Thunderclap","Corruption"],"picked":"Headbutt","floor":10},{"not_picked":["Infernal Blade","Body Slam","Clash"],"picked":"SKIP","floor":11},{"not_picked":["Body Slam","Impervious"],"picked":"Clothesline","floor":14},{"not_picked":["Dark Embrace","Berserk"],"picked":"Bludgeon","floor":16},{"not_picked":["Headbutt","Clash"],"picked":"Evolve+1","floor":18},{"not_picked":["Warcry","Clash","Evolve"],"picked":"SKIP","floor":19},{"not_picked":["Body Slam","Spot Weakness"],"picked":"Flame Barrier+1","floor":20},{"not_picked":["Sword Boomerang","Armaments"],"picked":"Demon Form","floor":23},{"not_picked":["Flex","Twin Strike","Clothesline"],"picked":"SKIP","floor":25},{"not_picked":["Pummel","True Grit"],"picked":"Whirlwind","floor":27},{"not_picked":["Cleave","Sentinel"],"picked":"Shrug It Off","floor":28},{"not_picked":["Havoc","Anger+1","Spot Weakness"],"picked":"SKIP","floor":31},{"not_picked":["Limit Break","Bludgeon"],"picked":"Feed","floor":33},{"not_picked":["Blood for Blood","Wild Strike","Clash"],"picked":"SKIP","floor":35},{"not_picked":["Clash","Searing Blow+1","Pommel Strike"],"picked":"SKIP","floor":38},{"not_picked":["Sword Boomerang+1","Evolve"],"picked":"Corruption","floor":39},{"not_picked":["Searing Blow","Double Tap"],"picked":"Impervious","floor":41},{"not_picked":["Flex","Warcry+1"],"picked":"Fiend Fire","floor":44},{"not_picked":["Clothesline","Havoc"],"picked":"True Grit+1","floor":46},{"not_picked":["Second Wind","Shrug It Off+1"],"picked":"Shockwave+1","floor":46},{"not_picked":["Whirlwind","Rampage"],"picked":"Battle Trance+1","floor":47},{"not_picked":["Hemokinesis+1","True Grit+1","Pommel Strike+1"],"picked":"SKIP","floor":47},{"not_picked":["Clothesline","Armaments","Iron Wave"],"picked":"SKIP","floor":48},{"not_picked":["Power Through","Fiend Fire","Battle Trance"],"picked":"SKIP","floor":54}],"player_experience":815301,"relics_obtained":[{"floor":7,"key":"Ornamental Fan"},{"floor":9,"key":"Blood Vial"},{"floor":10,"key":"Centennial Puzzle"},{"floor":20,"key":"Calipers"},{"floor":20,"key":"Dodecahedron"},{"floor":23,"key":"Magic Flower"},{"floor":26,"key":"Bag of Marbles"},{"floor":36,"key":"Old Coin"},{"floor":41,"key":"Oddly Smooth Stone"},{"floor":44,"key":"Prayer Wheel"},{"floor":45,"key":"Potion Belt"},{"floor":48,"key":"Art of War"},{"floor":54,"key":"Sundial"}],"event_choices":[{"damage_healed":0,"gold_gain":0,"player_choice":"Take Damage","damage_taken":18,"relics_obtained":["Golden Idol"],"max_hp_gain":0,"max_hp_loss":0,"event_name":"Golden Idol","floor":3,"gold_loss":0},{"damage_healed":0,"gold_gain":0,"player_choice":"Searched \u00272\u0027 times","damage_taken":0,"max_hp_gain":0,"max_hp_loss":0,"event_name":"Dead Adventurer","floor":10,"gold_loss":0},{"damage_healed":0,"gold_gain":0,"player_choice":"Entered Light","damage_taken":15,"max_hp_gain":0,"max_hp_loss":0,"event_name":"Shining Light","floor":12,"gold_loss":0,"cards_upgraded":["Combust","Strike_R"]},{"cards_removed":["Strike_R"],"damage_healed":0,"gold_gain":0,"player_choice":"Card Removal","damage_taken":7,"max_hp_gain":0,"max_hp_loss":0,"event_name":"Golden Wing","floor":13,"gold_loss":0},{"damage_healed":0,"gold_gain":0,"player_choice":"Fight","damage_taken":0,"max_hp_gain":0,"max_hp_loss":0,"event_name":"Colosseum","floor":20,"gold_loss":0},{"damage_healed":0,"gold_gain":0,"player_choice":"Fought Nobs","damage_taken":0,"max_hp_gain":0,"max_hp_loss":0,"event_name":"Colosseum","floor":20,"gold_loss":0},{"cards_removed":["Strike_R"],"damage_healed":0,"gold_gain":0,"player_choice":"Gave Gold","damage_taken":0,"max_hp_gain":0,"max_hp_loss":0,"event_name":"Beggar","floor":21,"gold_loss":75},{"damage_healed":0,"gold_gain":0,"player_choice":"Paid Gold","damage_taken":0,"relics_obtained":["Pantograph"],"max_hp_gain":0,"max_hp_loss":0,"event_name":"WeMeetAgain","floor":22,"gold_loss":53},{"damage_healed":0,"gold_gain":0,"player_choice":"Fight","damage_taken":0,"max_hp_gain":0,"max_hp_loss":0,"event_name":"Mysterious Sphere","floor":36,"gold_loss":0},{"damage_healed":0,"gold_gain":0,"player_choice":"Ignored","damage_taken":0,"max_hp_gain":0,"max_hp_loss":0,"event_name":"Tomb of Lord Red Mask","floor":37,"gold_loss":0}],"is_beta":true,"boss_relics":[{"not_picked":["Cursed Key","Black Blood"],"picked":"Snecko Eye"},{"not_picked":["Orrery","Empty Cage"],"picked":"Sozu"}],"items_purged_floors":[29,53],"is_endless":false,"potions_floor_spawned":[2,10,14,16,19,20,25,31,33,35,39,44,46,47],"ascension_level":14}