{"gold_per_floor":[414,589,42,57,57,87,117,117,117,117,132,132,32,62,62,162,162,177,11,111,132,162,162,177,177,177,177,27,27,27,42,42,142,142,157,157,172,394,409,409,439,439,439,34,34,34,64,64,64,64],"floor_reached":51,"playtime":2325,"items_purged":["Doubt","Pain","Writhe","Decay","Parasite"],"score":858,"play_id":"77f15eae-739a-4c96-99d2-d5f447bdc867","local_time":"20190122115926","daily_mods":["Heirloom","Flight","DeadlyEvents"],"is_ascension_mode":false,"campfire_choices":[{"floor":8,"key":"REST"},{"data":"Cloak And Dagger","floor":10,"key":"SMITH"},{"data":"Accuracy","floor":15,"key":"SMITH"},{"floor":23,"key":"REST"},{"floor":25,"key":"REST"},{"data":"Cloak And Dagger","floor":27,"key":"SMITH"},{"data":"Blade Dance","floor":29,"key":"SMITH"},{"data":"Blade Dance","floor":30,"key":"SMITH"},{"data":"Blur","floor":32,"key":"SMITH"},{"data":"Outmaneuver","floor":40,"key":"SMITH"},{"data":"Neutralize","floor":42,"key":"SMITH"},{"data":"Survivor","floor":45,"key":"SMITH"},{"data":"Backflip","floor":46,"key":"SMITH"},{"floor":49,"key":"REST"}],"neow_cost":"","seed_source_timestamp":0,"circlet_count":0,"master_deck":["Defend_G","Defend_G","Defend_G","Defend_G","Defend_G","Strike_G+1","Strike_G+1","Strike_G","Survivor+1","Neutralize+1","Accuracy+1","Blade Dance+1","Blur+1","Well Laid Plans","Cloak And Dagger+1","Blade Dance+1","Outmaneuver+1","Envenom+1","Noxious Fumes+1","Cloak And Dagger+1","Accuracy+1","Backflip+1","Infinite Blades+1","After Image+1","Infinite Blades+1","Blur+1"],"special_seed":17918,"relics":["Ring of the Snake","Old Coin","Lantern","MealTicket","Bottled Lightning","PreservedInsect","Frozen Egg 2","WarpedTongs","Darkstone Periapt","Calling Bell","Ancient Tea Set","Ninja Scroll","The Specimen","Thread and Needle","Letter Opener","Red Mask","Centennial Puzzle","Boot","Busted Crown","Question Card","Whetstone","Blood Vial","Bag of Marbles"],"potions_floor_usage":[7,14,16,33,41,50,50,50],"damage_taken":[{"damage":2,"enemies":"Small Slimes","floor":1,"turns":5},{"damage":0,"enemies":"Jaw Worm","floor":4,"turns":4},{"damage":20,"enemies":"3 Sentries","floor":6,"turns":14},{"damage":15,"enemies":"Gremlin Nob","floor":7,"turns":6},{"damage":0,"enemies":"2 Louse","floor":11,"turns":2},{"damage":0,"enemies":"Lagavulin","floor":14,"turns":5},{"damage":32,"enemies":"Hexaghost","floor":16,"turns":11},{"damage":20,"enemies":"2 Thieves","floor":18,"turns":4},{"damage":28,"enemies":"Colosseum Slavers","floor":20,"turns":5},{"damage":7,"enemies":"Colosseum Nobs","floor":20,"turns":5},{"damage":31,"enemies":"Masked Bandits","floor":21,"turns":5},{"damage":0,"enemies":"Gremlin Leader","floor":22,"turns":3},{"damage":18,"enemies":"Spheric Guardian","floor":24,"turns":4},{"damage":0,"enemies":"3 Cultists","floor":31,"turns":4},{"damage":19,"enemies":"Champ","floor":33,"turns":8},{"damage":0,"enemies":"Orb Walker","floor":35,"turns":3},{"damage":6,"enemies":"3 Shapes","floor":37,"turns":4},{"damage":0,"enemies":"Maw","floor":39,"turns":7},{"damage":12,"enemies":"Reptomancer","floor":41,"turns":4},{"damage":26,"enemies":"Nemesis","floor":47,"turns":5},{"damage":1,"enemies":"Donu and Deca","floor":50,"turns":6}],"seed_played":"-6286355576629178474","potions_obtained":[{"floor":1,"key":"GhostInAJar"},{"floor":11,"key":"AttackPotion"},{"floor":14,"key":"AttackPotion"},{"floor":21,"key":"Ancient Potion"},{"floor":24,"key":"Ancient Potion"},{"floor":35,"key":"LiquidBronze"},{"floor":41,"key":"Fire Potion"},{"floor":47,"key":"Explosive Potion"}],"is_trial":false,"path_per_floor":["M","?","$","M","?","E","E","R","T","R","M","?","$","E","R","B",null,"M","$","?","?","E","R","M","R","T","R","$","R","R","M","R","B",null,"M","?","M","?","M","R","E","R","T","$","R","R","E","$","R","B",null],"character_chosen":"THE_SILENT","items_purchased":["Lantern","Blade Dance","MealTicket","Blur","Noxious Fumes+1","Infinite Blades+1","Blood Vial"],"campfire_rested":4,"item_purchase_floors":[3,3,3,3,19,44,44],"current_hp_per_floor":[68,68,68,68,68,48,33,54,54,54,54,54,69,69,69,37,88,68,83,48,17,17,43,25,51,51,51,66,66,66,66,66,47,88,88,88,82,82,82,82,70,70,70,85,85,85,59,59,84,84],"gold":64,"neow_bonus":"","is_prod":false,"is_daily":true,"chose_seed":false,"campfire_upgraded":10,"win_rate":0,"timestamp":1548129566,"path_taken":["M","?","$","M","?","E","?","R","T","R","?","?","$","E","R","BOSS","M","$","?","?","?","R","?","R","T","R","$","R","R","M","R","BOSS","M","?","?","?","?","R","E","R","T","$","R","R","?","?","R","BOSS"],"build_version":"2019-01-17v2","purchased_purges":5,"victory":true,"max_hp_per_floor":[70,70,70,70,70,70,70,70,70,70,70,70,70,70,70,70,88,88,88,88,88,88,88,88,88,88,88,88,88,88,88,88,88,88,88,88,88,88,88,88,88,88,88,85,85,85,85,85,85,85],"card_choices":[{"not_picked":["Eviscerate","Distraction"],"picked":"Accuracy","floor":1},{"not_picked":["Sucker Punch","All Out Attack"],"picked":"Well Laid Plans","floor":4},{"not_picked":["Noxious Fumes","Dodge and Roll","Flying Knee"],"picked":"SKIP","floor":6},{"not_picked":["Backstab","Prepared"],"picked":"Cloak And Dagger","floor":7},{"not_picked":["Finisher","Flying Knee"],"picked":"Blade Dance","floor":11},{"not_picked":["Bouncing Flask","Acrobatics"],"picked":"Outmaneuver","floor":14},{"not_picked":["Unload","Bullet Time"],"picked":"Envenom+1","floor":16},{"not_picked":["Heel Hook","Underhanded Strike","Blade Dance"],"picked":"SKIP","floor":18},{"not_picked":["Outmaneuver","Sucker Punch"],"picked":"Cloak And Dagger","floor":20},{"not_picked":["Skewer","Flying Knee"],"picked":"Accuracy+1","floor":22},{"not_picked":["Tactician","Flechettes+1"],"picked":"Backflip","floor":24},{"not_picked":["Dagger Spray","Deadly Poison"],"picked":"Infinite Blades+1","floor":31},{"not_picked":["Malaise","Venomology"],"picked":"After Image+1","floor":33},{"not_picked":["All Out Attack+1"],"picked":"SKIP","floor":35},{"not_picked":["Sucker Punch+1"],"picked":"SKIP","floor":37},{"not_picked":["Sucker Punch+1"],"picked":"SKIP","floor":39},{"not_picked":["Distraction"],"picked":"SKIP","floor":41},{"not_picked":["Acrobatics+1"],"picked":"Blur+1","floor":47}],"player_experience":267153,"relics_obtained":[{"floor":6,"key":"Bottled Lightning"},{"floor":7,"key":"PreservedInsect"},{"floor":9,"key":"Frozen Egg 2"},{"floor":14,"key":"Darkstone Periapt"},{"floor":17,"key":"Ancient Tea Set"},{"floor":17,"key":"Ninja Scroll"},{"floor":17,"key":"The Specimen"},{"floor":20,"key":"Thread and Needle"},{"floor":20,"key":"Letter Opener"},{"floor":21,"key":"Red Mask"},{"floor":22,"key":"Centennial Puzzle"},{"floor":26,"key":"Boot"},{"floor":41,"key":"Question Card"},{"floor":43,"key":"Whetstone"},{"floor":47,"key":"Bag of Marbles"}],"event_choices":[{"damage_healed":0,"gold_gain":175,"player_choice":"AGREE","damage_taken":0,"max_hp_gain":0,"max_hp_loss":0,"event_name":"Liars Game","floor":2,"gold_loss":0,"cards_obtained":["Doubt"]},{"cards_removed":["Strike_G"],"damage_healed":0,"gold_gain":0,"player_choice":"Forget","damage_taken":0,"max_hp_gain":0,"max_hp_loss":0,"event_name":"Living Wall","floor":5,"gold_loss":0},{"damage_healed":0,"gold_gain":0,"player_choice":"Rummage","damage_taken":0,"relics_obtained":["WarpedTongs"],"max_hp_gain":0,"max_hp_loss":0,"event_name":"Accursed Blacksmith","floor":12,"gold_loss":0,"cards_obtained":["Pain"]},{"damage_healed":0,"gold_gain":0,"player_choice":"Fight","damage_taken":0,"max_hp_gain":0,"max_hp_loss":0,"event_name":"Colosseum","floor":20,"gold_loss":0},{"damage_healed":0,"gold_gain":0,"player_choice":"Fought Nobs","damage_taken":0,"max_hp_gain":0,"max_hp_loss":0,"event_name":"Colosseum","floor":20,"gold_loss":0},{"damage_healed":0,"gold_gain":0,"player_choice":"Fought Bandits","damage_taken":0,"max_hp_gain":0,"max_hp_loss":0,"event_name":"Masked Bandits","floor":21,"gold_loss":0},{"cards_removed":["Strike_G"],"damage_healed":0,"gold_gain":0,"player_choice":"Removed Attack","damage_taken":0,"max_hp_gain":0,"max_hp_loss":0,"event_name":"Falling","floor":36,"gold_loss":0},{"damage_healed":0,"gold_gain":222,"player_choice":"Wore Mask","damage_taken":0,"max_hp_gain":0,"max_hp_loss":0,"event_name":"Tomb of Lord Red Mask","floor":38,"gold_loss":0}],"is_beta":false,"boss_relics":[{"not_picked":["White Beast Statue","Lizard Tail"],"picked":"Calling Bell"},{"not_picked":["Runic Pyramid","Pandora\u0027s Box"],"picked":"Busted Crown"}],"items_purged_floors":[3,13,19,28,44],"is_endless":false,"potions_floor_spawned":[1,11,14,21,24,35,41,47],"ascension_level":0}