{"gold_per_floor":[114,132,132,157,157,157,197,215,215,215,258,258,11,24,24,152,152,177,177,252,270,270,270,283,283,283,48,68,91,91,91],"floor_reached":31,"playtime":1478,"items_purged":["Strike_B"],"score":348,"play_id":"15703ad2-53e3-44ac-b0ba-6bee22ecb8e3","local_time":"20181122160158","is_ascension_mode":true,"campfire_choices":[{"data":"Sunder","floor":6.0,"key":"SMITH"},{"data":"Zap","floor":10.0,"key":"SMITH"},{"floor":12.0,"key":"REST"},{"floor":15.0,"key":"REST"},{"floor":23.0,"key":"REST"},{"floor":30.0,"key":"REST"}],"neow_cost":"NONE","seed_source_timestamp":0,"circlet_count":0,"master_deck":["Strike_B+1","Strike_B+1","Defend_B","Defend_B","Defend_B","Defend_B","Zap+1","Dualcast","Gash","Sunder+1","Darkness+1","Scrape","Coolheaded+1","Fission+1","Coolheaded+1","Gash","Defragment","Madness+1"],"special_seed":0,"relics":["Cracked Core","NeowsBlessing","Golden Idol","Whetstone","Toxic Egg 2","Pantograph","Singing Bowl","Inserter","Bottled Flame"],"potions_floor_usage":[],"damage_taken":[{"damage":0.0,"enemies":"2 Louse","floor":1.0,"turns":1.0},{"damage":0.0,"enemies":"Jaw Worm","floor":2.0,"turns":1.0},{"damage":0.0,"enemies":"Lagavulin","floor":7.0,"turns":1.0},{"damage":0.0,"enemies":"Cultist","floor":8.0,"turns":2.0},{"damage":26.0,"enemies":"Gremlin Nob","floor":11.0,"turns":4.0},{"damage":5.0,"enemies":"Large Slime","floor":14.0,"turns":5.0},{"damage":55.0,"enemies":"Hexaghost","floor":16.0,"turns":11.0},{"damage":30.0,"enemies":"3 Byrds","floor":18.0,"turns":4.0},{"damage":2.0,"enemies":"Chosen","floor":21.0,"turns":4.0},{"damage":2.0,"enemies":"Centurion and Healer","floor":24.0,"turns":5.0},{"damage":4.0,"enemies":"Colosseum Slavers","floor":25.0,"turns":3.0},{"damage":22.0,"enemies":"Shelled Parasite and Fungi","floor":28.0,"turns":3.0},{"damage":7.0,"enemies":"Snake Plant","floor":29.0,"turns":3.0},{"damage":30,"enemies":"Cultist and Chosen","floor":31,"turns":6}],"seed_played":"4655178587722331967","potions_obtained":[{"floor":2.0,"key":"Dexterity Potion"},{"floor":14.0,"key":"FearPotion"},{"floor":21.0,"key":"Dexterity Potion"},{"floor":28.0,"key":"Block Potion"},{"floor":29.0,"key":"Dexterity Potion"}],"is_trial":false,"path_per_floor":["M","M","?","T","?","R","E","M","T","R","E","R","$","M","R","B",null,"M","?","?","M","?","R","M","?","T","$","M","M","R","M"],"character_chosen":"DEFECT","items_purchased":["Singing Bowl","Defragment","Madness+1"],"campfire_rested":4,"item_purchase_floors":[13,27,27],"current_hp_per_floor":[68,68,50,50,43,43,43,43,43,43,17,39,39,36,59,22,63,33,17,10,10,10,33,33,29,29,29,9,4,29,0],"gold":91,"neow_bonus":"THREE_ENEMY_KILL","is_prod":false,"is_daily":false,"chose_seed":false,"campfire_upgraded":2,"win_rate":0,"timestamp":1542920518,"path_taken":["M","M","?","?","?","R","E","M","T","R","E","R","$","M","R","BOSS","M","?","?","?","?","R","?","?","T","$","M","M","R","M"],"build_version":"2018-11-15","purchased_purges":1,"victory":false,"max_hp_per_floor":[75,75,75,75,75,75,75,75,75,75,75,75,75,77,77,77,77,77,77,77,79,79,79,81,81,81,81,83,85,85,85],"card_choices":[{"not_picked":["Beam Cell","Streamline"],"picked":"Gash","floor":1.0},{"not_picked":["Ball Lightning","Sweeping Beam"],"picked":"Sunder","floor":2.0},{"not_picked":["Core Surge","Force Field"],"picked":"Darkness","floor":7.0},{"not_picked":["Ball Lightning","Sweeping Beam"],"picked":"Scrape","floor":8.0},{"not_picked":["Redo+1","Compile Driver"],"picked":"Coolheaded+1","floor":11.0},{"not_picked":["Recycle+1","Redo+1","Beam Cell"],"picked":"Singing Bowl","floor":14.0},{"not_picked":["Core Surge","Electrodynamics"],"picked":"Fission+1","floor":16.0},{"not_picked":["Cold Snap","Rip and Tear"],"picked":"Coolheaded+1","floor":18.0},{"not_picked":["Ball Lightning","FTL","Stack+1"],"picked":"Singing Bowl","floor":21.0},{"not_picked":["Barrage","Auto Shields+1","Beam Cell"],"picked":"Singing Bowl","floor":24.0},{"not_picked":["Rebound","Ball Lightning","Steam Power+1"],"picked":"Singing Bowl","floor":28.0},{"not_picked":["Barrage","Sweeping Beam","Lockon"],"picked":"Singing Bowl","floor":29.0}],"player_experience":461899,"relics_obtained":[{"floor":4.0,"key":"Whetstone"},{"floor":7.0,"key":"Toxic Egg 2"},{"floor":11.0,"key":"Pantograph"},{"floor":26.0,"key":"Bottled Flame"}],"event_choices":[{"damage_healed":0.0,"max_hp_gain":0.0,"max_hp_loss":0.0,"gold_gain":0.0,"event_name":"Golden Idol","player_choice":"Take Damage","floor":3.0,"gold_loss":0.0,"damage_taken":18.0,"relics_obtained":["Golden Idol"]},{"cards_removed":["Strike_B"],"damage_healed":0.0,"max_hp_gain":0.0,"max_hp_loss":0.0,"gold_gain":0.0,"event_name":"Golden Wing","player_choice":"Card Removal","floor":5.0,"gold_loss":0.0,"damage_taken":7.0},{"damage_healed":0.0,"max_hp_gain":0.0,"max_hp_loss":0.0,"gold_gain":0.0,"event_name":"Cursed Tome","player_choice":"Obtained Book","floor":19.0,"gold_loss":0.0,"damage_taken":16.0},{"damage_healed":0.0,"max_hp_gain":0.0,"max_hp_loss":0.0,"gold_gain":75.0,"event_name":"FaceTrader","player_choice":"Touch","floor":20.0,"gold_loss":0.0,"damage_taken":7.0},{"damage_healed":0.0,"max_hp_gain":0.0,"max_hp_loss":0.0,"gold_gain":0.0,"event_name":"Duplicator","player_choice":"Copied","floor":22.0,"gold_loss":0.0,"damage_taken":0.0,"cards_obtained":["Gash"]},{"damage_healed":0.0,"max_hp_gain":0.0,"max_hp_loss":0.0,"gold_gain":0.0,"event_name":"Colosseum","player_choice":"Fight","floor":25.0,"gold_loss":0.0,"damage_taken":0.0},{"damage_healed":0.0,"max_hp_gain":0.0,"max_hp_loss":0.0,"gold_gain":0.0,"event_name":"Colosseum","player_choice":"Fled From Nobs","floor":25.0,"gold_loss":0.0,"damage_taken":0.0}],"is_beta":false,"boss_relics":[{"not_picked":["Philosopher\u0027s Stone","White Beast Statue"],"picked":"Inserter"}],"items_purged_floors":[27],"is_endless":false,"potions_floor_spawned":[2,14,21,28,29],"killed_by":"Cultist and Chosen","ascension_level":6}