{"gold_per_floor":[119,130,148,162,180,180,210,210,257,349,361,389,413,425,437,554,566,589,601,639,651,678,690,702,134,134,134,151,166,166,186,186,186],"floor_reached":33,"playtime":2087,"items_purged":["Juggernaut"],"score":274,"play_id":"79e95967-72e9-4b2c-bb0f-874d628762c5","local_time":"20181223022817","is_ascension_mode":false,"campfire_choices":[{"data":"Headbutt","floor":6,"key":"SMITH"},{"data":"Anger","floor":8,"key":"SMITH"},{"data":"Anger","floor":11,"key":"SMITH"},{"floor":15,"key":"REST"},{"data":"Armaments","floor":23,"key":"SMITH"},{"floor":32,"key":"REST"}],"neow_cost":"NONE","seed_source_timestamp":144457272465587,"circlet_count":0,"master_deck":["Strike_R","Strike_R","Strike_R","Strike_R","Strike_R","Defend_R","Defend_R","Defend_R","Defend_R","Anger+1","Headbutt+1","Bloodletting","Pommel Strike","Cleave","Anger+1","Cleave","Armaments+1","Inflame","Reckless Charge","RitualDagger","Twin Strike","Ghostly","Ghostly","Ghostly","Ghostly","Ghostly","Anger+1","Panacea","Iron Wave+1","Body Slam","Clothesline+1"],"relics":["Burning Blood","Vajra","MawBank","Velvet Choker","Red Mask","GremlinMask","Mummified Hand","Bronze Scales","Bottled Flame"],"potions_floor_usage":[16,16,28,28,28,33],"damage_taken":[{"damage":10,"enemies":"Cultist","floor":1,"turns":4},{"damage":3,"enemies":"Jaw Worm","floor":2,"turns":4},{"damage":0,"enemies":"2 Louse","floor":3,"turns":4},{"damage":14,"enemies":"Exordium Wildlife","floor":4,"turns":4},{"damage":1,"enemies":"2 Fungi Beasts","floor":5,"turns":3},{"damage":16,"enemies":"Gremlin Nob","floor":7,"turns":4},{"damage":11,"enemies":"Exordium Thugs","floor":12,"turns":4},{"damage":11,"enemies":"Lots of Slimes","floor":13,"turns":3},{"damage":30,"enemies":"Slime Boss","floor":16,"turns":11},{"damage":5,"enemies":"Chosen","floor":18,"turns":4},{"damage":15,"enemies":"Masked Bandits","floor":20,"turns":4},{"damage":20,"enemies":"2 Thieves","floor":22,"turns":4},{"damage":3,"enemies":"Snake Plant","floor":28,"turns":4},{"damage":2,"enemies":"Centurion and Healer","floor":29,"turns":4},{"damage":10,"enemies":"Shelled Parasite and Fungi","floor":31,"turns":6},{"damage":64,"enemies":"Champ","floor":33,"turns":13}],"seed_played":"-467113965838391911","potions_obtained":[{"floor":2,"key":"Explosive Potion"},{"floor":3,"key":"PowerPotion"},{"floor":7,"key":"GamblersBrew"},{"floor":16,"key":"SkillPotion"},{"floor":18,"key":"EssenceOfSteel"},{"floor":20,"key":"Block Potion"},{"floor":31,"key":"SpeedPotion"}],"is_trial":false,"path_per_floor":["M","M","M","M","M","R","E","R","T","?","R","M","M","?","R","B",null,"M","?","?","?","M","R","?","$","T","$","M","M","?","M","R","B"],"character_chosen":"IRONCLAD","items_purchased":["Mummified Hand","Panacea","Bronze Scales"],"campfire_rested":2,"item_purchase_floors":[25,25,25],"current_hp_per_floor":[84,87,88,80,85,85,75,75,75,75,75,70,65,65,88,64,88,88,82,73,44,30,30,30,30,30,30,33,37,37,33,44,0],"gold":186,"neow_bonus":"TEN_PERCENT_HP_BONUS","is_prod":false,"is_daily":false,"chose_seed":false,"campfire_upgraded":4,"win_rate":0.0,"timestamp":1545499697,"path_taken":["M","M","M","M","?","R","E","R","T","?","R","M","M","?","R","BOSS","M","?","?","?","?","R","?","$","T","?","M","M","?","M","R","BOSS"],"build_version":"2018-12-20","purchased_purges":1,"victory":false,"max_hp_per_floor":[88,88,88,88,88,88,88,88,88,88,88,88,88,88,88,88,88,88,88,88,44,44,44,44,44,44,44,44,44,44,44,44,44],"card_choices":[{"not_picked":["Shrug It Off","Reckless Charge"],"picked":"Anger","floor":1},{"not_picked":["Perfected Strike","Flex"],"picked":"Headbutt","floor":2},{"not_picked":["Sever Soul","Clash"],"picked":"Bloodletting","floor":3},{"not_picked":["Disarm","Thunderclap"],"picked":"Pommel Strike","floor":4},{"not_picked":["Berserk","Thunderclap"],"picked":"Cleave","floor":5},{"not_picked":["Warcry","Blood for Blood"],"picked":"Anger","floor":7},{"not_picked":["Uppercut","Disarm"],"picked":"Cleave","floor":12},{"not_picked":["True Grit","Blood for Blood"],"picked":"Armaments","floor":13},{"not_picked":["Impervious","Demon Form"],"picked":"Juggernaut","floor":16},{"not_picked":["Armaments","Rage"],"picked":"Reckless Charge","floor":18},{"not_picked":["Sword Boomerang+1","Feel No Pain+1"],"picked":"Twin Strike","floor":20},{"not_picked":["Pummel","Rage"],"picked":"Anger+1","floor":22},{"not_picked":["Clash","Hemokinesis"],"picked":"Iron Wave+1","floor":28},{"not_picked":["Combust","Intimidate"],"picked":"Body Slam","floor":29},{"not_picked":["Disarm+1","Metallicize"],"picked":"Clothesline+1","floor":31}],"player_experience":4130,"relics_obtained":[{"floor":7,"key":"Vajra"},{"floor":9,"key":"MawBank"},{"floor":20,"key":"Red Mask"},{"floor":26,"key":"Bottled Flame"}],"event_choices":[{"damage_healed":0,"gold_gain":80,"player_choice":"Gained Gold","damage_taken":0,"max_hp_gain":0,"max_hp_loss":0,"event_name":"Golden Wing","floor":10,"gold_loss":0},{"damage_healed":0,"gold_gain":0,"cards_transformed":["Bash"],"player_choice":"Change","damage_taken":0,"max_hp_gain":0,"max_hp_loss":0,"event_name":"Living Wall","floor":14,"gold_loss":0,"cards_obtained":["Inflame"]},{"damage_healed":0,"gold_gain":0,"player_choice":"Joined the Cult","damage_taken":6,"max_hp_gain":0,"max_hp_loss":0,"event_name":"Nest","floor":19,"gold_loss":0,"cards_obtained":["RitualDagger"]},{"damage_healed":0,"gold_gain":0,"player_choice":"Fought Bandits","damage_taken":0,"max_hp_gain":0,"max_hp_loss":0,"event_name":"Masked Bandits","floor":20,"gold_loss":0},{"damage_healed":0,"gold_gain":0,"player_choice":"Became a Ghost","damage_taken":0,"max_hp_gain":0,"max_hp_loss":44,"event_name":"Ghosts","floor":21,"gold_loss":0,"cards_obtained":["Ghostly","Ghostly","Ghostly","Ghostly","Ghostly"]},{"damage_healed":0,"gold_gain":0,"player_choice":"Trade","damage_taken":0,"relics_obtained":["GremlinMask"],"max_hp_gain":0,"max_hp_loss":0,"event_name":"FaceTrader","floor":24,"gold_loss":0},{"damage_healed":0,"gold_gain":0,"player_choice":"Ignored","damage_taken":0,"max_hp_gain":0,"max_hp_loss":0,"event_name":"Vampires","floor":30,"gold_loss":0}],"is_beta":false,"boss_relics":[{"not_picked":["White Beast Statue","Fusion Hammer"],"picked":"Velvet Choker"}],"items_purged_floors":[25],"is_endless":false,"potions_floor_spawned":[2,3,7,16,18,20,31],"killed_by":"Champ","ascension_level":0}