{"gold_per_floor":[117,117,130,150,225,225,242,275,275,289,42,73,73,20,20,122,122,136,148,248,259,358,358,370,370,394,394,408,424,455,466,466,564,564,575,587,603,207,207,233,233,233,259,276,276,287,287,302,302,302],"floor_reached":51,"playtime":7158,"items_purged":["Strike_B","Writhe"],"score":736,"play_id":"db6613bb-fdce-4540-9828-e499fd992549","local_time":"20181025023109","is_ascension_mode":false,"campfire_choices":[{"data":"Redo","floor":6,"key":"SMITH"},{"data":"Rainbow","floor":13,"key":"SMITH"},{"data":"Defragment","floor":15,"key":"SMITH"},{"data":"Loop","floor":23,"key":"SMITH"},{"data":"Storm","floor":25,"key":"SMITH"},{"data":"Buffer","floor":27,"key":"SMITH"},{"data":"Hologram","floor":32,"key":"SMITH"},{"data":"Electrodynamics","floor":41,"key":"SMITH"},{"floor":45,"key":"REST"},{"floor":47,"key":"REST"},{"floor":49,"key":"REST"}],"neow_cost":"NONE","seed_source_timestamp":1081067423115458,"circlet_count":0,"master_deck":["Strike_B","Strike_B","Strike_B","Defend_B","Defend_B","Defend_B","Defend_B","Zap","Dualcast","Leap","Sweeping Beam","Redo+1","Rainbow+1","Go for the Eyes+1","Go for the Eyes+1","Conserve Battery","Defragment+1","Sunder+1","Leap","Buffer+1","Compile Driver+1","Chill","Loop+1","Storm+1","Hologram+1","Electrodynamics+1","Rebound+1","Amplify","Shame","Shame","Defragment+1","Static Discharge+1","Seek","Rainbow","Storm+1","Barrage+1","Defragment+1","Loop+1","Glacier"],"relics":["Cracked Core","Lantern","Molten Egg 2","Pantograph","Mummified Hand","Oddly Smooth Stone","Inserter","Strawberry","Ancient Tea Set","Calling Bell","Unceasing Top","Question Card","Omamori","Peace Pipe","Dream Catcher"],"potions_floor_usage":[8,30,44,46],"damage_taken":[{"damage":6,"enemies":"Jaw Worm","floor":1,"turns":4},{"damage":3,"enemies":"Small Slimes","floor":3,"turns":3},{"damage":5,"enemies":"Cultist","floor":4,"turns":4},{"damage":4,"enemies":"Blue Slaver","floor":7,"turns":4},{"damage":16,"enemies":"Gremlin Nob","floor":8,"turns":4},{"damage":0,"enemies":"Large Slime","floor":10,"turns":5},{"damage":3,"enemies":"3 Sentries","floor":12,"turns":5},{"damage":16,"enemies":"Slime Boss","floor":16,"turns":8},{"damage":2,"enemies":"Chosen","floor":18,"turns":3},{"damage":0,"enemies":"Spheric Guardian","floor":19,"turns":4},{"damage":0,"enemies":"Centurion and Healer","floor":21,"turns":7},{"damage":10,"enemies":"Chosen and Byrds","floor":24,"turns":6},{"damage":0,"enemies":"3 Cultists","floor":28,"turns":4},{"damage":3,"enemies":"Centurion and Healer","floor":29,"turns":5},{"damage":7,"enemies":"Slavers","floor":30,"turns":3},{"damage":14,"enemies":"Snake Plant","floor":31,"turns":3},{"damage":0,"enemies":"Collector","floor":33,"turns":8},{"damage":0,"enemies":"Orb Walker","floor":35,"turns":4},{"damage":9,"enemies":"3 Shapes","floor":36,"turns":3},{"damage":36,"enemies":"Sphere and 2 Shapes","floor":37,"turns":4},{"damage":18,"enemies":"Reptomancer","floor":40,"turns":5},{"damage":31,"enemies":"3 Darklings","floor":44,"turns":4},{"damage":6,"enemies":"Maw","floor":46,"turns":5},{"damage":7,"enemies":"Writhing Mass","floor":48,"turns":2},{"damage":44,"enemies":"Time Eater","floor":50,"turns":10}],"seed_played":"4093730182256359408","potions_obtained":[{"floor":1,"key":"EssenceOfSteel"},{"floor":10,"key":"SpeedPotion"},{"floor":12,"key":"SkillPotion"},{"floor":16,"key":"FairyPotion"},{"floor":28,"key":"Regen Potion"},{"floor":30,"key":"SteroidPotion"},{"floor":44,"key":"EssenceOfSteel"}],"is_trial":false,"path_per_floor":["M","?","M","M","?","R","M","E","T","M","$","E","R","?","R","B",null,"M","M","?","M","?","R","M","R","T","R","M","M","E","M","R","B",null,"M","M","M","$","?","E","R","?","T","M","R","M","R","M","R","B"],"character_chosen":"DEFECT","items_purchased":["Conserve Battery","Defragment","Sunder+1","Seek","Rainbow"],"campfire_rested":3,"item_purchase_floors":[11,11,11,38,38],"current_hp_per_floor":[69,74,71,66,55,55,51,35,35,35,35,32,32,32,32,41,80,78,78,78,78,78,78,68,68,75,75,75,72,70,56,56,81,87,87,78,42,42,42,24,24,24,24,8,34,28,54,47,73,43],"gold":302,"neow_bonus":"RANDOM_COMMON_RELIC","is_prod":false,"is_daily":false,"chose_seed":false,"campfire_upgraded":8,"win_rate":0.0,"timestamp":1540449069,"path_taken":["M","?","M","M","?","R","?","E","T","M","$","E","R","?","R","BOSS","M","M","?","M","?","R","M","R","T","R","?","M","E","M","R","BOSS","M","M","M","$","?","E","R","?","T","M","R","M","R","M","R","BOSS"],"build_version":"2018-10-18","purchased_purges":2,"victory":true,"max_hp_per_floor":[75,80,80,80,80,80,80,80,80,80,80,80,80,80,80,80,80,80,80,80,80,80,80,80,80,87,87,87,87,87,87,87,87,87,87,87,87,87,87,87,87,87,87,87,87,87,87,87,87,87],"card_choices":[{"not_picked":["Rebound","Steam Power"],"picked":"Leap","floor":1},{"not_picked":["Turbo","Fusion"],"picked":"Sweeping Beam","floor":3},{"not_picked":["Leap","Steam"],"picked":"Redo","floor":4},{"not_picked":["Aggregate","FTL"],"picked":"Rainbow","floor":7},{"not_picked":["Ball Lightning","Redo"],"picked":"Go for the Eyes","floor":8},{"not_picked":["Stack","Fusion"],"picked":"Go for the Eyes+1","floor":10},{"not_picked":["Steam","Rainbow"],"picked":"Leap","floor":12},{"not_picked":["Multi-Cast","Fission"],"picked":"Buffer","floor":16},{"not_picked":["Force Field+1","Conserve Battery"],"picked":"Compile Driver+1","floor":18},{"not_picked":["Turbo","Beam Cell+1"],"picked":"Chill","floor":19},{"not_picked":["Compile Driver+1","Streamline+1"],"picked":"Loop","floor":21},{"not_picked":["Compile Driver+1","Conserve Battery+1"],"picked":"Storm","floor":24},{"not_picked":["Skim","Streamline+1"],"picked":"Hologram","floor":28},{"not_picked":["Cold Snap+1","Compile Driver+1"],"picked":"Electrodynamics","floor":29},{"not_picked":["Cold Snap+1","Beam Cell+1"],"picked":"Rebound+1","floor":30},{"not_picked":["Sunder+1","Rebound+1","Steam"],"picked":"SKIP","floor":31},{"not_picked":["All For One+1","Multi-Cast"],"picked":"Amplify","floor":33},{"not_picked":["BootSequence+1","Rebound+1","Barrage+1"],"picked":"Defragment+1","floor":35},{"not_picked":["Turbo","Leap","Beam Cell+1","Hologram+1"],"picked":"SKIP","floor":36},{"not_picked":["Go for the Eyes+1","Redo+1","Gash+1"],"picked":"Static Discharge+1","floor":37},{"not_picked":["Auto Shields","Blizzard+1","Cold Snap+1"],"picked":"Barrage+1","floor":40},{"not_picked":["Redo+1","Conserve Battery","Cold Snap+1","Compile Driver+1"],"picked":"SKIP","floor":44},{"not_picked":["Sunder+1","Skim","Stack+1","Hologram+1"],"picked":"SKIP","floor":46},{"not_picked":["Hello World+1","Gash+1","Aggregate+1"],"picked":"Defragment+1","floor":47},{"not_picked":["Blizzard+1","Sunder+1","Rainbow"],"picked":"Loop+1","floor":48},{"not_picked":["Rip and Tear+1","Doom and Gloom+1","FTL+1"],"picked":"Glacier","floor":49}],"player_experience":139792,"relics_obtained":[{"floor":8,"key":"Molten Egg 2"},{"floor":9,"key":"Pantograph"},{"floor":12,"key":"Mummified Hand"},{"floor":26,"key":"Strawberry"},{"floor":30,"key":"Ancient Tea Set"},{"floor":34,"key":"Unceasing Top"},{"floor":34,"key":"Question Card"},{"floor":34,"key":"Omamori"},{"floor":40,"key":"Peace Pipe"},{"floor":43,"key":"Dream Catcher"}],"event_choices":[{"damage_healed":0,"gold_gain":0,"player_choice":"Donut","damage_taken":0,"max_hp_gain":5,"max_hp_loss":0,"event_name":"Big Fish","floor":2,"gold_loss":0},{"damage_healed":0,"gold_gain":75,"player_choice":"Gather Gold","damage_taken":11,"max_hp_gain":0,"max_hp_loss":0,"event_name":"World of Goop","floor":5,"gold_loss":0},{"damage_healed":0,"gold_gain":0,"player_choice":"Paid Gold","damage_taken":0,"relics_obtained":["Oddly Smooth Stone"],"max_hp_gain":0,"max_hp_loss":0,"event_name":"WeMeetAgain","floor":14,"gold_loss":53},{"damage_healed":0,"gold_gain":100,"player_choice":"Pray","damage_taken":0,"max_hp_gain":0,"max_hp_loss":0,"event_name":"Golden Shrine","floor":20,"gold_loss":0},{"damage_healed":0,"gold_gain":99,"player_choice":"Stole From Cult","damage_taken":0,"max_hp_gain":0,"max_hp_loss":0,"event_name":"Nest","floor":22,"gold_loss":0},{"damage_healed":0,"gold_gain":0,"player_choice":"Copied","damage_taken":0,"max_hp_gain":0,"max_hp_loss":0,"event_name":"Duplicator","floor":39,"gold_loss":0,"cards_obtained":["Storm"]},{"damage_healed":0,"gold_gain":0,"player_choice":"Ignored","damage_taken":0,"max_hp_gain":0,"max_hp_loss":0,"event_name":"The Moai Head","floor":42,"gold_loss":0}],"is_beta":false,"boss_relics":[{"not_picked":["Nuclear Battery","Snecko Eye"],"picked":"Inserter"},{"not_picked":["Runic Pyramid","Runic Dome"],"picked":"Calling Bell"}],"items_purged_floors":[11,38],"is_endless":false,"potions_floor_spawned":[1,10,12,16,18,19,24,28,30,36,44],"ascension_level":0}