{"gold_per_floor":[115,135,152,102,119,119,153,153,153,153,30,42,42,52,52,157,157,177,195,206,131,151,151,151,151,151,171,171,197,297,297,297,297],"floor_reached":33,"playtime":1846,"items_purged":["Defend_B"],"score":292,"play_id":"c04abd89-5f2a-49f4-a9ef-d2b67b6a5e41","local_time":"20181227064155","is_ascension_mode":false,"campfire_choices":[{"data":"Zap","floor":6,"key":"SMITH"},{"floor":8,"key":"REST"},{"data":"Dualcast","floor":13,"key":"SMITH"},{"data":"Go for the Eyes","floor":15,"key":"SMITH"},{"data":"Electrodynamics","floor":23,"key":"SMITH"},{"floor":25,"key":"REST"},{"floor":28,"key":"RECALL"},{"floor":32,"key":"REST"}],"neow_cost":"NONE","seed_source_timestamp":109573948143647,"circlet_count":0,"master_deck":["Strike_B","Strike_B","Strike_B","Defend_B","Defend_B","Defend_B","Zap+1","Dualcast+1","Sweeping Beam","Redo","Go for the Eyes+1","Conserve Battery","Defragment","Conserve Battery","Hologram","Electrodynamics+1","Redo+1","Gash","Buffer","Sweeping Beam","Decay","Ball Lightning","Redo+1","Gash","Amplify"],"relics":["Cracked Core","Vajra","Ancient Tea Set","Pocketwatch","Unceasing Top","Meat on the Bone"],"potions_floor_usage":[7,16,18,22,30,33],"damage_taken":[{"damage":1,"enemies":"Cultist","floor":1,"turns":4},{"damage":6,"enemies":"Jaw Worm","floor":2,"turns":3},{"damage":1,"enemies":"2 Louse","floor":3,"turns":2},{"damage":4,"enemies":"Blue Slaver","floor":5,"turns":4},{"damage":38,"enemies":"Lagavulin","floor":7,"turns":8},{"damage":2,"enemies":"3 Louse","floor":12,"turns":3},{"damage":6,"enemies":"Red Slaver","floor":14,"turns":3},{"damage":34,"enemies":"Hexaghost","floor":16,"turns":11},{"damage":0,"enemies":"Spheric Guardian","floor":18,"turns":3},{"damage":10,"enemies":"Shell Parasite","floor":19,"turns":6},{"damage":23,"enemies":"Snake Plant","floor":20,"turns":4},{"damage":0,"enemies":"Cultist and Chosen","floor":22,"turns":4},{"damage":22,"enemies":"Snecko","floor":27,"turns":6},{"damage":0,"enemies":"Gremlin Leader","floor":29,"turns":6},{"damage":0,"enemies":"Colosseum Slavers","floor":30,"turns":1},{"damage":38,"enemies":"Colosseum Nobs","floor":30,"turns":4},{"damage":97,"enemies":"Automaton","floor":33,"turns":6}],"seed_played":"-7279896023718410669","potions_obtained":[{"floor":2,"key":"Explosive Potion"},{"floor":3,"key":"Swift Potion"},{"floor":5,"key":"PowerPotion"},{"floor":14,"key":"Swift Potion"},{"floor":22,"key":"Explosive Potion"},{"floor":29,"key":"FairyPotion"},{"floor":30,"key":"Swift Potion"}],"is_trial":false,"path_per_floor":["M","M","M","?","M","R","E","R","T","?","$","M","R","M","R","B",null,"M","M","M","$","M","R","?","R","T","M","R","E","?","?","R","B"],"character_chosen":"DEFECT","items_purchased":["Conserve Battery","Defragment"],"campfire_rested":3,"item_purchase_floors":[11,11],"current_hp_per_floor":[81,75,74,74,70,70,32,56,56,61,61,59,59,53,53,19,82,82,72,49,49,49,49,49,73,73,51,51,51,13,13,37,0],"gold":297,"neow_bonus":"TEN_PERCENT_HP_BONUS","is_prod":false,"is_daily":false,"chose_seed":false,"campfire_upgraded":4,"win_rate":0,"timestamp":1545860515,"path_taken":["M","M","?","?","M","R","E","R","T","?","$","M","R","M","R","BOSS","M","M","?","$","M","R","?","R","T","M","R","E","?","?","R","BOSS"],"build_version":"2018-12-20","purchased_purges":1,"victory":false,"max_hp_per_floor":[82,82,82,82,82,82,82,82,82,82,82,82,82,82,82,82,82,82,82,82,82,82,82,82,82,82,82,82,82,82,82,82,82],"card_choices":[{"not_picked":["Turbo","Loop"],"picked":"Sweeping Beam","floor":1},{"not_picked":["Force Field","Stack","Consume"],"picked":"SKIP","floor":2},{"not_picked":["Rebound","Scrape"],"picked":"Turbo","floor":3},{"not_picked":["Turbo","Doom and Gloom"],"picked":"Redo","floor":5},{"not_picked":["Streamline","Blizzard"],"picked":"Go for the Eyes","floor":7},{"not_picked":["Genetic Algorithm","Consume"],"picked":"Conserve Battery","floor":12},{"not_picked":["All For One","Conserve Battery"],"picked":"Hologram","floor":14},{"not_picked":["Thunder Strike","Meteor Strike"],"picked":"Electrodynamics","floor":16},{"not_picked":["Gash+1","Barrage"],"picked":"Redo+1","floor":18},{"not_picked":["Streamline","Cold Snap"],"picked":"Gash","floor":19},{"not_picked":["Streamline","Leap"],"picked":"Buffer","floor":20},{"not_picked":["Heatsinks+1","Redo"],"picked":"Sweeping Beam","floor":22},{"not_picked":["Leap","Undo"],"picked":"Ball Lightning","floor":27},{"not_picked":["Stack","Hologram"],"picked":"Redo+1","floor":29},{"not_picked":["Compile Driver","Rebound+1"],"picked":"Gash","floor":30}],"player_experience":82030,"relics_obtained":[{"floor":7,"key":"Vajra"},{"floor":26,"key":"Ancient Tea Set"},{"floor":29,"key":"Pocketwatch"},{"floor":30,"key":"Unceasing Top"},{"floor":30,"key":"Meat on the Bone"}],"event_choices":[{"cards_removed":["Strike_B"],"damage_healed":0,"gold_gain":0,"player_choice":"Card Removal","damage_taken":0,"max_hp_gain":0,"max_hp_loss":0,"event_name":"The Cleric","floor":4,"gold_loss":50},{"cards_removed":["Turbo"],"damage_healed":5,"gold_gain":0,"player_choice":"Offered Common","damage_taken":0,"max_hp_gain":0,"max_hp_loss":0,"event_name":"Bonfire Elementals","floor":10,"gold_loss":0},{"cards_removed":["Turbo"],"damage_healed":5,"gold_gain":0,"player_choice":"Offered Special","damage_taken":0,"max_hp_gain":0,"max_hp_loss":0,"event_name":"Bonfire Elementals","floor":10,"gold_loss":0},{"damage_healed":0,"gold_gain":0,"player_choice":"Smashed Altar","damage_taken":0,"max_hp_gain":0,"max_hp_loss":0,"event_name":"Forgotten Altar","floor":24,"gold_loss":0,"cards_obtained":["Decay"]},{"damage_healed":0,"gold_gain":0,"player_choice":"Fight","damage_taken":0,"max_hp_gain":0,"max_hp_loss":0,"event_name":"Colosseum","floor":30,"gold_loss":0},{"damage_healed":0,"gold_gain":0,"player_choice":"Fought Nobs","damage_taken":0,"max_hp_gain":0,"max_hp_loss":0,"event_name":"Colosseum","floor":30,"gold_loss":0},{"damage_healed":0,"gold_gain":0,"player_choice":"1 cards matched","damage_taken":0,"max_hp_gain":0,"max_hp_loss":0,"event_name":"Match and Keep!","floor":31,"gold_loss":0,"cards_obtained":["Amplify"]}],"is_beta":false,"boss_relics":[{"not_picked":["Busted Crown","Ectoplasm","Cursed Key"]}],"items_purged_floors":[21],"is_endless":false,"potions_floor_spawned":[2,3,5,14,22,29,30],"killed_by":"Automaton","ascension_level":0}