{"gold_per_floor":[119,119,119,130,141,141,152,187,240,240,252,252,266,283,283,355,355,368,368,380,32,32,32,65,65,65,65,78,112,112,112,112,190,190,207,207,50,50,50,81,81,81,81,81,115,115,115,125,125,125],"floor_reached":51,"playtime":2956,"items_purged":[],"score":1203,"play_id":"e2ce3d03-2553-4cae-a3e0-26c6787ce942","local_time":"20190117161148","is_ascension_mode":true,"campfire_choices":[{"data":"Zap","floor":6,"key":"SMITH"},{"data":"Sweeping Beam","floor":10,"key":"SMITH"},{"data":"Creative AI","floor":12,"key":"SMITH"},{"floor":15,"key":"REST"},{"data":"White Noise","floor":23,"key":"SMITH"},{"floor":25,"key":"REST"},{"floor":32,"key":"REST"},{"data":"Echo Form","floor":41,"key":"SMITH"},{"floor":44,"key":"REST"},{"data":"Capacitor","floor":46,"key":"SMITH"},{"data":"Fission","floor":49,"key":"SMITH"}],"neow_cost":"TEN_PERCENT_HP_LOSS","seed_source_timestamp":314655766191304,"circlet_count":0,"master_deck":["AscendersBane","Defend_B","Defend_B","Zap+1","Dualcast+1","Cold Snap","Genetic Algorithm","Chill","Sweeping Beam+1","Creative AI+1","Steam","Ball Lightning","Echo Form+1","Loop+1","Chaos+1","Defragment+1","Hologram+1","White Noise+1","Compile Driver","Turbo","Ball Lightning","Loop","Fission+1","Reprogram+1","Coolheaded","Capacitor+1","Core Surge","Sweeping Beam+1"],"relics":["Cracked Core","Unceasing Top","Sundial","Juzu Bracelet","Astrolabe","Mango","Happy Flower","Oddly Smooth Stone","Du-Vu Doll","Orrery","Art of War","War Paint","Torii"],"potions_floor_usage":[7,16,18,18,24,29,33,45,48],"damage_taken":[{"damage":4,"enemies":"2 Louse","floor":1,"turns":2},{"damage":4,"enemies":"Cultist","floor":4,"turns":3},{"damage":4,"enemies":"Jaw Worm","floor":5,"turns":3},{"damage":0,"enemies":"2 Fungi Beasts","floor":7,"turns":3},{"damage":16,"enemies":"Lagavulin","floor":8,"turns":6},{"damage":5,"enemies":"Exordium Wildlife","floor":11,"turns":3},{"damage":28,"enemies":"Exordium Thugs","floor":13,"turns":4},{"damage":0,"enemies":"3 Louse","floor":14,"turns":3},{"damage":18,"enemies":"The Guardian","floor":16,"turns":11},{"damage":4,"enemies":"3 Byrds","floor":18,"turns":4},{"damage":9,"enemies":"2 Thieves","floor":20,"turns":5},{"damage":37,"enemies":"Book of Stabbing","floor":24,"turns":6},{"damage":7,"enemies":"Centurion and Healer","floor":28,"turns":4},{"damage":8,"enemies":"Gremlin Leader","floor":29,"turns":6},{"damage":21,"enemies":"Colosseum Slavers","floor":30,"turns":2},{"damage":28,"enemies":"Collector","floor":33,"turns":9},{"damage":27,"enemies":"3 Darklings","floor":35,"turns":5},{"damage":35,"enemies":"Giant Head","floor":40,"turns":9},{"damage":0,"enemies":"Nemesis","floor":45,"turns":7},{"damage":1,"enemies":"3 Shapes","floor":48,"turns":4},{"damage":39,"enemies":"Donu and Deca","floor":50,"turns":9}],"seed_played":"-8427974943045710595","potions_obtained":[{"floor":5,"key":"Block Potion"},{"floor":8,"key":"GamblersBrew"},{"floor":13,"key":"SpeedPotion"},{"floor":16,"key":"AttackPotion"},{"floor":20,"key":"SpeedPotion"},{"floor":29,"key":"Fire Potion"},{"floor":35,"key":"AttackPotion"},{"floor":40,"key":"PowerPotion"},{"floor":48,"key":"Fire Potion"}],"is_trial":false,"path_per_floor":["M","?","?","M","M","R","M","E","T","R","M","R","M","M","R","B",null,"M","?","M","$","?","R","E","R","T","$","M","E","?","?","R","B",null,"M","?","$","?","?","E","R","$","T","R","E","R","?","M","R","B",null],"character_chosen":"DEFECT","items_purchased":["Mango","Weak Potion","Capacitor","Core Surge"],"campfire_rested":4,"item_purchase_floors":[21,21,37,37],"current_hp_per_floor":[64,69,69,65,61,61,61,45,45,45,40,40,12,12,33,15,59,55,55,46,60,60,60,23,49,49,49,42,34,13,13,39,11,68,41,76,76,76,76,41,41,41,41,63,63,63,63,62,62,23],"gold":125,"neow_bonus":"ONE_RARE_RELIC","is_prod":false,"is_daily":false,"chose_seed":false,"campfire_upgraded":7,"win_rate":0,"timestamp":1547741508,"path_taken":["M","?","?","M","M","R","?","E","T","R","M","R","M","M","R","BOSS","M","?","M","$","?","R","E","R","T","?","M","E","?","?","R","BOSS","M","?","$","?","?","E","R","?","T","R","E","R","?","M","R","BOSS"],"build_version":"2019-01-16","purchased_purges":0,"victory":true,"max_hp_per_floor":[68,73,73,73,73,73,73,73,73,73,73,73,73,73,73,73,73,73,73,73,87,87,87,87,87,87,87,87,87,87,87,87,87,87,87,76,76,76,76,76,76,76,76,76,76,76,76,76,76,76],"card_choices":[{"not_picked":["Streamline","Hologram"],"picked":"Cold Snap","floor":1},{"not_picked":["Conserve Battery","Hologram"],"picked":"Ball Lightning","floor":4},{"not_picked":["Beam Cell","Coolheaded"],"picked":"Genetic Algorithm","floor":5},{"not_picked":["Tempest","Loop"],"picked":"Chill","floor":7},{"not_picked":["Conserve Battery","White Noise"],"picked":"Sweeping Beam","floor":8},{"not_picked":["Rip and Tear","Rebound"],"picked":"Creative AI","floor":11},{"not_picked":["Genetic Algorithm","Go for the Eyes"],"picked":"Steam","floor":13},{"not_picked":["Skim","Reprogram"],"picked":"Ball Lightning","floor":14},{"not_picked":["Buffer","Multi-Cast"],"picked":"Echo Form","floor":16},{"not_picked":["Stack","Steam"],"picked":"Defragment+1","floor":18},{"not_picked":["Cold Snap","Sweeping Beam"],"picked":"Compile Driver","floor":20},{"not_picked":["Go for the Eyes","Conserve Battery"],"picked":"Turbo","floor":24},{"not_picked":["Static Discharge","Turbo","Streamline"],"picked":"SKIP","floor":28},{"not_picked":["Aggregate","All For One"],"picked":"Ball Lightning","floor":29},{"not_picked":["Multi-Cast","All For One"],"picked":"Fission","floor":33},{"not_picked":["Ball Lightning","Auto Shields"],"picked":"Reprogram+1","floor":34},{"not_picked":["Cold Snap","Rebound"],"picked":"Coolheaded","floor":35},{"not_picked":["Defragment","Barrage","Tempest+1"],"picked":"SKIP","floor":40},{"not_picked":["Hyperbeam","Scrape","Redo"],"picked":"SKIP","floor":45},{"not_picked":["Hyperbeam","Scrape","Redo"],"picked":"SKIP","floor":45},{"not_picked":["Lockon","Steam Power+1"],"picked":"Sweeping Beam+1","floor":48}],"player_experience":779601,"relics_obtained":[{"floor":8,"key":"Sundial"},{"floor":9,"key":"Juzu Bracelet"},{"floor":24,"key":"Happy Flower"},{"floor":26,"key":"Oddly Smooth Stone"},{"floor":29,"key":"Du-Vu Doll"},{"floor":40,"key":"Art of War"},{"floor":43,"key":"War Paint"},{"floor":45,"key":"Torii"}],"event_choices":[{"damage_healed":0,"gold_gain":0,"player_choice":"Donut","damage_taken":0,"max_hp_gain":5,"max_hp_loss":0,"event_name":"Big Fish","floor":2,"gold_loss":0},{"cards_removed":["Strike_B"],"damage_healed":0,"gold_gain":0,"player_choice":"Offered Basic","damage_taken":0,"max_hp_gain":0,"max_hp_loss":0,"event_name":"Bonfire Elementals","floor":3,"gold_loss":0},{"damage_healed":0,"gold_gain":0,"cards_transformed":["Strike_B","Defend_B"],"player_choice":"Became Test Subject","damage_taken":0,"max_hp_gain":0,"max_hp_loss":0,"event_name":"Drug Dealer","floor":19,"gold_loss":0,"cards_obtained":["Hologram","White Noise"]},{"cards_removed":["Hello World"],"damage_healed":0,"gold_gain":0,"player_choice":"Elegance","damage_taken":0,"max_hp_gain":0,"max_hp_loss":0,"event_name":"Back to Basics","floor":22,"gold_loss":0},{"damage_healed":0,"gold_gain":0,"player_choice":"Fight","damage_taken":0,"max_hp_gain":0,"max_hp_loss":0,"event_name":"Colosseum","floor":30,"gold_loss":0},{"damage_healed":0,"gold_gain":0,"player_choice":"Fled From Nobs","damage_taken":0,"max_hp_gain":0,"max_hp_loss":0,"event_name":"Colosseum","floor":30,"gold_loss":0},{"damage_healed":0,"gold_gain":0,"player_choice":"1 cards matched","damage_taken":0,"max_hp_gain":0,"max_hp_loss":0,"event_name":"Match and Keep!","floor":31,"gold_loss":0,"cards_obtained":["Loop"]},{"damage_healed":76,"gold_gain":0,"player_choice":"Heal","damage_taken":0,"max_hp_gain":0,"max_hp_loss":11,"event_name":"The Moai Head","floor":36,"gold_loss":0},{"cards_removed":["Ball Lightning"],"damage_healed":0,"gold_gain":0,"player_choice":"Removed Attack","damage_taken":0,"max_hp_gain":0,"max_hp_loss":0,"event_name":"Falling","floor":38,"gold_loss":0},{"damage_healed":0,"gold_gain":0,"player_choice":"Ignored","damage_taken":0,"max_hp_gain":0,"max_hp_loss":0,"event_name":"Mysterious Sphere","floor":39,"gold_loss":0},{"damage_healed":0,"gold_gain":0,"player_choice":"Ignored","damage_taken":0,"max_hp_gain":0,"max_hp_loss":0,"event_name":"SecretPortal","floor":47,"gold_loss":0}],"is_beta":true,"boss_relics":[{"not_picked":["Black Star","Coffee Dripper"],"picked":"Astrolabe"},{"not_picked":["White Beast Statue","Pandora\u0027s Box"],"picked":"Orrery"}],"items_purged_floors":[],"is_endless":false,"potions_floor_spawned":[5,8,13,16,20,29,30,35,40,48],"ascension_level":13}