{"gold_per_floor":[117,129,143,153,153,153,153,153,179,196,231,231,246,136,136,241,241,253,236,249,0,13,13],"floor_reached":23,"playtime":1390,"items_purged":["Strike_B"],"score":205,"play_id":"02adeaa0-bd7a-477e-8e49-00a17614fba4","local_time":"20190113003717","is_ascension_mode":true,"campfire_choices":[{"data":"Zap","floor":6,"key":"SMITH"},{"floor":8,"key":"REST"},{"floor":15,"key":"REST"}],"neow_cost":"NONE","seed_source_timestamp":80138797847735,"circlet_count":0,"master_deck":["Strike_B+1","Strike_B+1","Defend_B","Defend_B","Zap+1","Dualcast","Rebound","Ball Lightning","Leap","Echo Form","Buffer","Go for the Eyes","Melter","BootSequence","Buffer","Thunder Strike+1","Recycle+1","Force Field+1","Hologram","Coolheaded","Cold Snap","Stack+1"],"relics":["Cracked Core","Potion Belt","Regal Pillow","Bottled Flame","Astrolabe"],"potions_floor_usage":[4,10,16,22],"damage_taken":[{"damage":0,"enemies":"2 Louse","floor":1,"turns":2},{"damage":1,"enemies":"Cultist","floor":2,"turns":4},{"damage":6,"enemies":"Jaw Worm","floor":3,"turns":2},{"damage":5,"enemies":"Exordium Thugs","floor":4,"turns":4},{"damage":24,"enemies":"Gremlin Gang","floor":10,"turns":4},{"damage":22,"enemies":"3 Sentries","floor":11,"turns":6},{"damage":11,"enemies":"Large Slime","floor":13,"turns":4},{"damage":52,"enemies":"Hexaghost","floor":16,"turns":10},{"damage":8,"enemies":"Shell Parasite","floor":18,"turns":4},{"damage":15,"enemies":"2 Thieves","floor":19,"turns":4},{"damage":26,"enemies":"Centurion and Healer","floor":20,"turns":5},{"damage":17,"enemies":"Snake Plant","floor":22,"turns":5},{"damage":30,"enemies":"Book of Stabbing","floor":23,"turns":6}],"seed_played":"-8467502856322127022","potions_obtained":[{"floor":0,"key":"Regen Potion"},{"floor":0,"key":"FairyPotion"},{"floor":0,"key":"Fire Potion"},{"floor":4,"key":"SteroidPotion"},{"floor":13,"key":"GamblersBrew"},{"floor":22,"key":"Fruit Juice"}],"is_trial":false,"path_per_floor":["M","M","M","M","?","R","?","R","T","M","E","T","M","$","R","B",null,"M","M","M","?","M","E"],"character_chosen":"DEFECT","items_purchased":["BootSequence"],"campfire_rested":2,"item_purchase_floors":[14],"current_hp_per_floor":[75,74,68,63,48,48,48,70,70,58,36,36,25,25,62,10,75,67,52,26,26,14,0],"gold":13,"neow_bonus":"THREE_SMALL_POTIONS","is_prod":false,"is_daily":false,"chose_seed":false,"campfire_upgraded":1,"win_rate":0,"timestamp":1547307437,"path_taken":["M","M","M","M","?","R","?","R","T","?","E","?","M","?","R","BOSS","M","?","M","?","M","E"],"build_version":"2019-01-10","purchased_purges":1,"victory":false,"max_hp_per_floor":[75,75,75,75,75,75,75,75,75,75,75,75,75,75,75,75,75,75,75,75,75,80,80],"card_choices":[{"not_picked":["Genetic Algorithm","Auto Shields"],"picked":"Rebound","floor":1},{"not_picked":["Reprogram","Scrape"],"picked":"Ball Lightning","floor":2},{"not_picked":["Doom and Gloom","Coolheaded"],"picked":"Leap","floor":3},{"not_picked":["Cold Snap","Beam Cell","Gash"],"picked":"SKIP","floor":4},{"not_picked":["Steam","Capacitor"],"picked":"Buffer","floor":10},{"not_picked":["Sunder","Rebound"],"picked":"Go for the Eyes","floor":11},{"not_picked":["Undo","Recycle"],"picked":"Melter","floor":13},{"not_picked":["Core Surge","Meteor Strike"],"picked":"Buffer","floor":16},{"not_picked":["Compile Driver+1","Gash"],"picked":"Hologram","floor":18},{"not_picked":["Go for the Eyes","Double Energy"],"picked":"Coolheaded","floor":19},{"not_picked":["Reinforced Body+1","Compile Driver"],"picked":"Cold Snap","floor":20},{"not_picked":["Ball Lightning","Rebound"],"picked":"Stack+1","floor":22}],"player_experience":128303,"relics_obtained":[{"floor":9,"key":"Potion Belt"},{"floor":11,"key":"Regal Pillow"},{"floor":12,"key":"Bottled Flame"}],"event_choices":[{"damage_healed":0,"gold_gain":0,"player_choice":"Entered Light","damage_taken":15,"max_hp_gain":0,"max_hp_loss":0,"event_name":"Shining Light","floor":5,"gold_loss":0,"cards_upgraded":["Strike_B","Strike_B"]},{"damage_healed":0,"gold_gain":0,"player_choice":"1 cards matched","damage_taken":0,"max_hp_gain":0,"max_hp_loss":0,"event_name":"Match and Keep!","floor":7,"gold_loss":0,"cards_obtained":["Echo Form"]},{"damage_healed":0,"gold_gain":0,"player_choice":"Paid Fearfully","damage_taken":0,"max_hp_gain":0,"max_hp_loss":0,"event_name":"Masked Bandits","floor":21,"gold_loss":249}],"is_beta":false,"boss_relics":[{"not_picked":["Busted Crown","Pandora\u0027s Box"],"picked":"Astrolabe"}],"items_purged_floors":[14],"is_endless":false,"potions_floor_spawned":[1,4,13,22],"killed_by":"Book of Stabbing","ascension_level":1}