{"gold_per_floor":[115,115,115,132,149,149,175,175,198,18,18,46,61,75,75,172,172,183,183,183,3,21,55,55,72,72,22,37,137,171,171,171,276,276,286,286,166,92,108,108,122,151,174,186,213,224,237,271,271,271,271,271,67,100,100],"floor_reached":55,"playtime":2985,"items_purged":["Strike_B","Pain","Strike_B","Strike_B","Strike_B","Defend_B"],"score":830,"play_id":"0796246d-13b9-4aba-ba59-ce1a8f7ddd38","local_time":"20190115185536","is_ascension_mode":false,"campfire_choices":[{"data":"Zap","floor":6,"key":"SMITH"},{"data":"Sunder","floor":8,"key":"SMITH"},{"data":"Recycle","floor":11,"key":"SMITH"},{"data":"Doom and Gloom","floor":15,"key":"SMITH"},{"floor":24,"key":"RECALL"},{"floor":32,"key":"REST"},{"floor":40,"key":"REST"},{"floor":49,"key":"REST"},{"floor":52,"key":"REST"}],"neow_cost":"NONE","seed_source_timestamp":151658185045192,"circlet_count":0,"master_deck":["Defend_B","Defend_B","Defend_B","Zap+1","Dualcast","Meteor Strike+1","Reinforced Body","Sunder+1","Compile Driver","Conserve Battery","Defragment+1","Recycle+1","Doom and Gloom+1","Chill","Defragment+1","Electrodynamics+1","Fusion+1","Loop+1","Sweeping Beam","Coolheaded","Hyperbeam+1","Echo Form+1","FTL","Cold Snap","Static Discharge+1","Seek"],"relics":["Cracked Core","Frozen Egg 2","Thread and Needle","DataDisk","Bag of Marbles","Fusion Hammer","WarpedTongs","Smiling Mask","Art of War","WingedGreaves","Shuriken","Gremlin Horn","Runic Pyramid","Dodecahedron","Meat on the Bone","Whetstone","Bag of Preparation"],"potions_floor_usage":[7,12,16,45,48,50],"damage_taken":[{"damage":0,"enemies":"Cultist","floor":1,"turns":3},{"damage":2,"enemies":"Small Slimes","floor":4,"turns":3},{"damage":6,"enemies":"Jaw Worm","floor":5,"turns":2},{"damage":22,"enemies":"Lagavulin","floor":7,"turns":6},{"damage":17,"enemies":"3 Sentries","floor":12,"turns":8},{"damage":5,"enemies":"Large Slime","floor":13,"turns":4},{"damage":0,"enemies":"Lots of Slimes","floor":14,"turns":1},{"damage":5,"enemies":"Hexaghost","floor":16,"turns":7},{"damage":1,"enemies":"Chosen","floor":18,"turns":3},{"damage":2,"enemies":"Shell Parasite","floor":22,"turns":4},{"damage":1,"enemies":"Book of Stabbing","floor":23,"turns":4},{"damage":6,"enemies":"Centurion and Healer","floor":25,"turns":3},{"damage":0,"enemies":"3 Cultists","floor":28,"turns":3},{"damage":6,"enemies":"Colosseum Slavers","floor":29,"turns":2},{"damage":4,"enemies":"Colosseum Nobs","floor":29,"turns":3},{"damage":0,"enemies":"Gremlin Leader","floor":30,"turns":5},{"damage":30,"enemies":"Collector","floor":33,"turns":8},{"damage":0,"enemies":"3 Darklings","floor":35,"turns":3},{"damage":0,"enemies":"Orb Walker","floor":39,"turns":3},{"damage":0,"enemies":"Maw","floor":41,"turns":6},{"damage":0,"enemies":"Nemesis","floor":42,"turns":5},{"damage":0,"enemies":"4 Shapes","floor":44,"turns":1},{"damage":0,"enemies":"Giant Head","floor":45,"turns":7},{"damage":0,"enemies":"3 Darklings","floor":46,"turns":2},{"damage":0,"enemies":"Writhing Mass","floor":47,"turns":7},{"damage":1,"enemies":"Nemesis","floor":48,"turns":7},{"damage":2,"enemies":"Donu and Deca","floor":50,"turns":6},{"damage":48,"enemies":"Shield and Spear","floor":54,"turns":5},{"damage":76,"enemies":"The Heart","floor":55,"turns":5}],"seed_played":"-6358792387509132682","potions_obtained":[{"floor":1,"key":"FearPotion"},{"floor":5,"key":"Regen Potion"},{"floor":12,"key":"AttackPotion"},{"floor":14,"key":"PowerPotion"},{"floor":18,"key":"Poison Potion"},{"floor":23,"key":"Energy Potion"},{"floor":44,"key":"Swift Potion"}],"is_trial":false,"path_per_floor":["M","T","?","M","M","R","E","R","T","$","R","E","M","M","R","B",null,"M","?","?","$","M","E","R","M","T","$","M","?","E","?","R","B",null,"M","?","$","$","M","R","M","E","T","M","E","M","M","E","R","B",null,"R","$","E","B"],"character_chosen":"DEFECT","items_purchased":["Defragment+1","Recycle","Loop+1","FTL","Cold Snap","Seek"],"campfire_rested":4,"item_purchase_floors":[10,10,21,37,38,53],"current_hp_per_floor":[75,75,75,73,67,67,45,45,45,45,45,43,38,38,38,33,75,74,74,74,74,72,71,71,65,65,65,65,55,55,55,75,45,75,75,75,75,75,75,75,75,75,75,75,75,75,75,74,75,73,75,75,75,39,0],"gold":100,"neow_bonus":"ONE_RANDOM_RARE_CARD","is_prod":false,"is_daily":false,"chose_seed":false,"campfire_upgraded":4,"win_rate":0,"timestamp":1547578536,"path_taken":["M","?","?","M","M","R","E","R","T","$","R","E","M","M","R","BOSS","M","?","?","$","M","E","R","M","T","$","?","?","E","?","R","BOSS","M","?","$","$","?","R","M","E","T","M","E","M","M","E","R","BOSS","R","$","E","BOSS"],"build_version":"2019-01-14v2","purchased_purges":6,"victory":false,"max_hp_per_floor":[75,75,75,75,75,75,75,75,75,75,75,75,75,75,75,75,75,75,75,75,75,75,75,75,75,75,75,75,75,75,75,75,75,75,75,75,75,75,75,75,75,75,75,75,75,75,75,75,75,75,75,75,75,75,75],"card_choices":[{"not_picked":["Barrage","Consume"],"picked":"Reinforced Body","floor":1},{"not_picked":["Leap","Tempest"],"picked":"Sunder","floor":4},{"not_picked":["Hologram","Steam"],"picked":"Compile Driver","floor":5},{"not_picked":["Hello World+1","Fission"],"picked":"Conserve Battery","floor":7},{"not_picked":["Hello World+1","Stack"],"picked":"Doom and Gloom","floor":12},{"not_picked":["Consume","Streamline"],"picked":"Chill","floor":13},{"not_picked":["Static Discharge+1","Rebound"],"picked":"Defragment+1","floor":14},{"not_picked":["Biased Cognition+1","Hyperbeam"],"picked":"Electrodynamics+1","floor":16},{"not_picked":["Barrage","Stack"],"picked":"Fusion+1","floor":18},{"not_picked":["Tempest","Leap+1"],"picked":"Sweeping Beam","floor":22},{"not_picked":["Barrage","Sweeping Beam","Stack+1"],"picked":"SKIP","floor":23},{"not_picked":["White Noise","Redo"],"picked":"Coolheaded","floor":25},{"not_picked":["Redo","FTL","Barrage"],"picked":"SKIP","floor":28},{"not_picked":["Conserve Battery","Hologram","Go for the Eyes+1"],"picked":"SKIP","floor":30},{"not_picked":["Core Surge","Machine Learning+1"],"picked":"Echo Form+1","floor":33},{"not_picked":["Recycle+1","Leap","Gash"],"picked":"SKIP","floor":35},{"not_picked":["Cold Snap+1","Melter","Turbo"],"picked":"SKIP","floor":39},{"not_picked":["Self Repair+1","Redo","Gash"],"picked":"SKIP","floor":41},{"not_picked":["Meteor Strike","Lockon"],"picked":"Static Discharge+1","floor":42},{"not_picked":["Barrage","Doom and Gloom","Steam+1"],"picked":"SKIP","floor":44},{"not_picked":["Cold Snap","Hologram+1","Barrage"],"picked":"SKIP","floor":45},{"not_picked":["Recycle","Beam Cell","Reprogram+1"],"picked":"SKIP","floor":46},{"not_picked":["Go for the Eyes","Gash","Steam+1"],"picked":"SKIP","floor":47},{"not_picked":["Hello World+1","Undo","Static Discharge+1"],"picked":"SKIP","floor":48},{"not_picked":["Rebound+1","Rainbow","Loop+1"],"picked":"SKIP","floor":54}],"player_experience":753525,"relics_obtained":[{"floor":2,"key":"Frozen Egg 2"},{"floor":7,"key":"Thread and Needle"},{"floor":9,"key":"DataDisk"},{"floor":12,"key":"Bag of Marbles"},{"floor":23,"key":"Smiling Mask"},{"floor":26,"key":"Art of War"},{"floor":29,"key":"WingedGreaves"},{"floor":29,"key":"Shuriken"},{"floor":30,"key":"Gremlin Horn"},{"floor":42,"key":"Dodecahedron"},{"floor":45,"key":"Meat on the Bone"},{"floor":48,"key":"Whetstone"},{"floor":54,"key":"Bag of Preparation"}],"event_choices":[{"damage_healed":0,"gold_gain":0,"player_choice":"Ignored","damage_taken":0,"max_hp_gain":0,"max_hp_loss":0,"event_name":"Liars Game","floor":3,"gold_loss":0},{"damage_healed":0,"gold_gain":0,"player_choice":"Ignored","damage_taken":0,"max_hp_gain":0,"max_hp_loss":0,"event_name":"Vampires","floor":19,"gold_loss":0},{"damage_healed":0,"gold_gain":0,"player_choice":"Rummage","damage_taken":0,"relics_obtained":["WarpedTongs"],"max_hp_gain":0,"max_hp_loss":0,"event_name":"Accursed Blacksmith","floor":20,"gold_loss":0,"cards_obtained":["Pain"]},{"damage_healed":0,"gold_gain":0,"player_choice":"Fight","damage_taken":0,"max_hp_gain":0,"max_hp_loss":0,"event_name":"Colosseum","floor":29,"gold_loss":0},{"damage_healed":0,"gold_gain":0,"player_choice":"Fought Nobs","damage_taken":0,"max_hp_gain":0,"max_hp_loss":0,"event_name":"Colosseum","floor":29,"gold_loss":0},{"damage_healed":0,"gold_gain":0,"player_choice":"1 cards matched","damage_taken":0,"max_hp_gain":0,"max_hp_loss":0,"event_name":"Match and Keep!","floor":31,"gold_loss":0,"cards_obtained":["Hyperbeam"]},{"damage_healed":0,"gold_gain":0,"player_choice":"Bought 0 Potions","damage_taken":0,"max_hp_gain":0,"max_hp_loss":0,"event_name":"The Woman in Blue","floor":36,"gold_loss":0}],"is_beta":true,"boss_relics":[{"not_picked":["FrozenCore","Orrery"],"picked":"Fusion Hammer"},{"not_picked":["Calling Bell","Nuclear Battery"],"picked":"Runic Pyramid"}],"items_purged_floors":[10,21,27,37,38,53],"is_endless":false,"potions_floor_spawned":[1,5,12,14,18,23,28,29,33,35,41,42,44],"killed_by":"The Heart","ascension_level":0}