{"gold_per_floor":[115,40,55,67,47,47,65,65,89,89,102,119,136,152,152,248,248,248,248,3,3,3,3,3,3,3,3,3,3,3,3,3,3],"floor_reached":33,"playtime":1992,"items_purged":["Strike_R"],"score":251,"play_id":"f18cbdeb-da7a-47d4-922a-e15bcd924bf1","local_time":"20190120173626","is_ascension_mode":true,"campfire_choices":[{"data":"Shrug It Off","floor":6,"key":"SMITH"},{"data":"Whirlwind","floor":8,"key":"SMITH"},{"data":"Pommel Strike","floor":10,"key":"SMITH"},{"data":"Shrug It Off","floor":15,"key":"SMITH"},{"data":"Whirlwind","floor":23,"key":"SMITH"},{"data":"Juggernaut","floor":25,"key":"SMITH"},{"floor":32,"key":"REST"}],"neow_cost":"NONE","seed_source_timestamp":2650016633738,"circlet_count":0,"master_deck":["Strike_R","Strike_R","Strike_R","Strike_R","Defend_R","Defend_R","Defend_R","Defend_R","Bash","Flex","Pommel Strike+1","Shrug It Off+1","Whirlwind+1","Shrug It Off+1","Juggernaut+1","Whirlwind+1","Cleave+1","Doubt","Juggernaut+1"],"relics":["Burning Blood","NeowsBlessing","Regal Pillow","Ectoplasm","Darkstone Periapt","Molten Egg 2","Juzu Bracelet","Tiny Chest"],"potions_floor_usage":[7,16,18,31,33],"damage_taken":[{"damage":0,"enemies":"Jaw Worm","floor":1,"turns":1},{"damage":0,"enemies":"Cultist","floor":3,"turns":1},{"damage":0,"enemies":"Small Slimes","floor":4,"turns":1},{"damage":0,"enemies":"Exordium Thugs","floor":7,"turns":4},{"damage":1,"enemies":"Large Slime","floor":11,"turns":4},{"damage":5,"enemies":"Looter","floor":12,"turns":3},{"damage":7,"enemies":"Lots of Slimes","floor":13,"turns":2},{"damage":13,"enemies":"Exordium Thugs","floor":14,"turns":4},{"damage":42,"enemies":"Slime Boss","floor":16,"turns":11},{"damage":20,"enemies":"Spheric Guardian","floor":18,"turns":4},{"damage":4,"enemies":"Shell Parasite","floor":21,"turns":5},{"damage":25,"enemies":"Centurion and Healer","floor":30,"turns":6},{"damage":6,"enemies":"3 Cultists","floor":31,"turns":3},{"damage":86,"enemies":"Automaton","floor":33,"turns":10}],"seed_played":"-3260726786068229306","potions_obtained":[{"floor":4,"key":"Energy Potion"},{"floor":5,"key":"Block Potion"},{"floor":7,"key":"Ancient Potion"},{"floor":12,"key":"PowerPotion"},{"floor":18,"key":"Weak Potion"}],"is_trial":false,"path_per_floor":["M","$","M","M","?","R","M","R","T","R","M","M","M","M","R","B",null,"M","T","$","M","$","R","$","R","T","?","?","T","M","M","R","B"],"character_chosen":"IRONCLAD","items_purchased":["Molten Egg 2"],"campfire_rested":1,"item_purchase_floors":[20],"current_hp_per_floor":[80,80,80,80,80,80,80,80,80,80,80,80,79,72,72,36,80,66,66,66,68,68,68,68,68,68,74,74,74,55,55,86,0],"gold":3,"neow_bonus":"THREE_ENEMY_KILL","is_prod":false,"is_daily":false,"chose_seed":false,"campfire_upgraded":6,"win_rate":0,"timestamp":1547973386,"path_taken":["M","$","M","M","?","R","M","R","T","R","M","M","M","M","R","BOSS","M","?","$","M","?","R","?","R","T","?","?","?","M","M","R","BOSS"],"build_version":"2019-01-17v2","purchased_purges":1,"victory":false,"max_hp_per_floor":[80,80,80,80,80,80,80,80,80,80,80,80,80,80,80,80,80,80,80,80,80,80,80,80,80,80,86,86,86,86,86,86,86],"card_choices":[{"not_picked":["Armaments","Clash"],"picked":"Flex","floor":1},{"not_picked":["Fire Breathing","Havoc"],"picked":"Pommel Strike","floor":3},{"not_picked":["Clash","Bloodletting"],"picked":"Shrug It Off","floor":4},{"not_picked":["Sword Boomerang","Carnage"],"picked":"Whirlwind","floor":7},{"not_picked":["Entrench","True Grit","Havoc"],"picked":"SKIP","floor":11},{"not_picked":["Havoc","Evolve","Warcry"],"picked":"SKIP","floor":12},{"not_picked":["Corruption","Fiend Fire"],"picked":"Shrug It Off","floor":13},{"not_picked":["Burning Pact","Heavy Blade","Wild Strike"],"picked":"SKIP","floor":14},{"not_picked":["Brutality","Limit Break"],"picked":"Juggernaut","floor":16},{"not_picked":["Wild Strike","Headbutt"],"picked":"Whirlwind","floor":18},{"not_picked":["Headbutt+1","Disarm"],"picked":"Cleave+1","floor":21},{"not_picked":["True Grit","Clothesline+1","Clash+1"],"picked":"SKIP","floor":30},{"not_picked":["Disarm+1","Warcry+1","Flex"],"picked":"SKIP","floor":31}],"player_experience":147568,"relics_obtained":[{"floor":9,"key":"Regal Pillow"},{"floor":19,"key":"Darkstone Periapt"},{"floor":26,"key":"Juzu Bracelet"},{"floor":29,"key":"Tiny Chest"}],"event_choices":[{"damage_healed":0,"gold_gain":0,"player_choice":"Bought 1 Potion","damage_taken":0,"max_hp_gain":0,"max_hp_loss":0,"event_name":"The Woman in Blue","floor":5,"gold_loss":0},{"damage_healed":0,"gold_gain":0,"player_choice":"1 cards matched","damage_taken":0,"max_hp_gain":0,"max_hp_loss":0,"event_name":"Match and Keep!","floor":27,"gold_loss":0,"cards_obtained":["Doubt"]},{"damage_healed":0,"gold_gain":0,"player_choice":"Copied","damage_taken":0,"max_hp_gain":0,"max_hp_loss":0,"event_name":"Duplicator","floor":28,"gold_loss":0,"cards_obtained":["Juggernaut"]}],"is_beta":false,"boss_relics":[{"not_picked":["Astrolabe","Snecko Eye"],"picked":"Ectoplasm"}],"items_purged_floors":[2],"is_endless":false,"potions_floor_spawned":[4,7,12,18],"killed_by":"Automaton","ascension_level":1}