{"gold_per_floor":[117,42,60,77,91,91,119,119,146,146,146,72,84,101,101,196,196,212,225,77,91,104,104],"floor_reached":23,"playtime":2585,"items_purged":["Strike_R","Defend_R"],"score":205,"play_id":"e8aa4a8e-5645-4a26-860c-d798a4024c60","local_time":"20190116223304","is_ascension_mode":true,"campfire_choices":[{"data":"Infernal Blade","floor":6,"key":"SMITH"},{"data":"Rampage","floor":8,"key":"SMITH"},{"data":"Pommel Strike","floor":10,"key":"SMITH"},{"data":"Shrug It Off","floor":15,"key":"SMITH"}],"neow_cost":"NONE","seed_source_timestamp":417088008048201,"circlet_count":0,"master_deck":["Strike_R","Strike_R","Strike_R","Defend_R","Defend_R","Defend_R","Bash+1","Infernal Blade+1","Flex","Pommel Strike+1","Shrug It Off+1","Rampage+1","Metallicize","Iron Wave","Flex","Barricade","True Grit+1","Shrug It Off"],"relics":["Black Blood","Juzu Bracelet","Anchor"],"potions_floor_usage":[7,7,19,19,21,23],"damage_taken":[{"damage":6,"enemies":"Cultist","floor":1,"turns":3},{"damage":0,"enemies":"2 Louse","floor":3,"turns":1},{"damage":6,"enemies":"Jaw Worm","floor":4,"turns":2},{"damage":9,"enemies":"Blue Slaver","floor":5,"turns":3},{"damage":6,"enemies":"3 Sentries","floor":7,"turns":7},{"damage":3,"enemies":"Exordium Thugs","floor":13,"turns":4},{"damage":0,"enemies":"3 Louse","floor":14,"turns":4},{"damage":41,"enemies":"The Guardian","floor":16,"turns":9},{"damage":14,"enemies":"3 Byrds","floor":18,"turns":8},{"damage":36,"enemies":"2 Thieves","floor":19,"turns":5},{"damage":28,"enemies":"Shelled Parasite and Fungi","floor":21,"turns":10},{"damage":0,"enemies":"Snecko","floor":22,"turns":7},{"damage":59,"enemies":"Book of Stabbing","floor":23,"turns":8}],"seed_played":"5188669631481626941","potions_obtained":[{"floor":1,"key":"SkillPotion"},{"floor":3,"key":"GamblersBrew"},{"floor":4,"key":"SteroidPotion"},{"floor":14,"key":"Fire Potion"},{"floor":16,"key":"Weak Potion"},{"floor":18,"key":"Fire Potion"},{"floor":19,"key":"Regen Potion"}],"is_trial":false,"path_per_floor":["M","$","M","M","M","R","E","R","T","R","?","$","M","M","R","B",null,"M","M","$","M","M","E"],"character_chosen":"IRONCLAD","items_purchased":["Metallicize","Shrug It Off"],"campfire_rested":0,"item_purchase_floors":[12,20],"current_hp_per_floor":[80,80,80,80,77,77,77,77,77,77,70,70,73,79,79,44,80,76,50,50,47,57,0],"gold":104,"neow_bonus":"UPGRADE_CARD","is_prod":false,"is_daily":false,"chose_seed":false,"campfire_upgraded":4,"win_rate":0,"timestamp":1547645584,"path_taken":["M","$","?","M","M","R","E","R","T","R","?","$","M","M","R","BOSS","M","M","$","M","M","E"],"build_version":"2019-01-10","purchased_purges":2,"victory":false,"max_hp_per_floor":[80,80,80,80,80,80,80,80,80,80,80,80,80,80,80,80,80,80,80,80,80,80,80],"card_choices":[{"not_picked":["Dual Wield","Dropkick"],"picked":"Infernal Blade","floor":1},{"not_picked":["Reckless Charge","Inflame"],"picked":"Flex","floor":3},{"not_picked":["Intimidate","Body Slam"],"picked":"Pommel Strike","floor":4},{"not_picked":["Rupture","Carnage"],"picked":"Shrug It Off","floor":5},{"not_picked":["Spot Weakness","Heavy Blade"],"picked":"Rampage","floor":7},{"not_picked":["Dropkick","Clash"],"picked":"Iron Wave","floor":13},{"not_picked":["Flame Barrier","Second Wind"],"picked":"Flex","floor":14},{"not_picked":["Reaper","Double Tap"],"picked":"Barricade","floor":16},{"not_picked":["Dual Wield","Entrench","Shockwave"],"picked":"SKIP","floor":18},{"not_picked":["Warcry","Clothesline+1"],"picked":"True Grit+1","floor":19},{"not_picked":["Twin Strike","Disarm","Sword Boomerang"],"picked":"SKIP","floor":21},{"not_picked":["Twin Strike","Armaments","Cleave"],"picked":"SKIP","floor":22}],"player_experience":137748,"relics_obtained":[{"floor":7,"key":"Juzu Bracelet"},{"floor":9,"key":"Anchor"}],"event_choices":[{"cards_removed":["Strike_R"],"damage_healed":0,"gold_gain":0,"player_choice":"Card Removal","damage_taken":7,"max_hp_gain":0,"max_hp_loss":0,"event_name":"Golden Wing","floor":11,"gold_loss":0}],"is_beta":false,"boss_relics":[{"not_picked":["Philosopher\u0027s Stone","Fusion Hammer"],"picked":"Black Blood"}],"items_purged_floors":[2,20],"is_endless":false,"potions_floor_spawned":[1,3,4,14,16,18,19],"killed_by":"Book of Stabbing","ascension_level":1}