{"gold_per_floor":[114,114,114,124,134,134,209,222,245,260,260,279,279,295,295,398,398,408,422,337,3,20,35,35,35,35,35,54,54,0,16,16,16],"floor_reached":33,"playtime":4152,"items_purged":[],"score":241,"play_id":"b544f822-3701-4d5e-98be-0723994a83c8","local_time":"20181023181620","is_ascension_mode":false,"campfire_choices":[{"data":"Jack Of All Trades","floor":6,"key":"SMITH"},{"data":"Defragment","floor":13,"key":"SMITH"},{"floor":15,"key":"REST"},{"data":"Self Repair","floor":24,"key":"SMITH"},{"floor":27,"key":"REST"},{"data":"Deep Breath","floor":29,"key":"SMITH"},{"data":"Barrage","floor":32,"key":"SMITH"}],"neow_cost":"PERCENT_DAMAGE","seed_source_timestamp":997026150119421,"circlet_count":0,"master_deck":["Strike_B","Strike_B","Defend_B","Defend_B","Zap","Dualcast","Jack Of All Trades+1","Deep Breath+1","Glacier","Conserve Battery","Go for the Eyes","Defragment+1","Self Repair+1","Auto Shields","Rebound","All For One","Scrape+1","Creative AI+1","Rebound+1","FTL","Go for the Eyes","Barrage+1","Sunder","Reprogram","Master of Strategy","Storm+1"],"relics":["Cracked Core","Oddly Smooth Stone","Astrolabe","Anchor","Ornamental Fan"],"potions_floor_usage":[],"damage_taken":[{"damage":0,"enemies":"Jaw Worm","floor":1,"turns":3},{"damage":5,"enemies":"2 Louse","floor":4,"turns":3},{"damage":0,"enemies":"Small Slimes","floor":5,"turns":4},{"damage":12,"enemies":"Gremlin Gang","floor":8,"turns":7},{"damage":0,"enemies":"2 Fungi Beasts","floor":10,"turns":4},{"damage":2,"enemies":"Large Slime","floor":12,"turns":6},{"damage":7,"enemies":"Looter","floor":14,"turns":3},{"damage":35,"enemies":"The Guardian","floor":16,"turns":18},{"damage":16,"enemies":"3 Byrds","floor":18,"turns":11},{"damage":7,"enemies":"Chosen","floor":19,"turns":6},{"damage":25,"enemies":"Snake Plant","floor":22,"turns":6},{"damage":16,"enemies":"Cultist and Chosen","floor":23,"turns":6},{"damage":5,"enemies":"Chosen and Byrds","floor":28,"turns":8},{"damage":12,"enemies":"Snecko","floor":31,"turns":5},{"damage":45,"enemies":"Automaton","floor":33,"turns":6}],"seed_played":"2141081533099709018","potions_obtained":[{"floor":8,"key":"Weak Potion"},{"floor":10,"key":"EntropicBrew"},{"floor":12,"key":"FocusPotion"},{"floor":14,"key":"Fire Potion"}],"is_trial":false,"path_per_floor":["M","?","?","M","M","R","?","M","T","M","?","M","R","M","R","B",null,"M","M","?","$","M","M","R","?","T","R","M","R","?","M","R"],"character_chosen":"DEFECT","items_purchased":["Barrage","Sunder","Reprogram","Master of Strategy"],"campfire_rested":2,"item_purchase_floors":[21,21,21,21],"current_hp_per_floor":[54,54,54,49,49,49,38,26,26,26,19,24,24,24,46,18,75,59,59,59,59,41,32,32,18,18,42,47,47,47,35,35,0],"gold":16,"neow_bonus":"RANDOM_COLORLESS_2","is_prod":false,"is_daily":false,"chose_seed":false,"campfire_upgraded":5,"win_rate":0.0,"timestamp":1540332980,"path_taken":["M","?","?","M","?","R","?","M","T","M","?","M","R","M","R","BOSS","M","M","?","$","M","M","R","?","T","R","M","R","?","M","R","BOSS"],"build_version":"2018-10-18","purchased_purges":0,"victory":false,"max_hp_per_floor":[75,75,75,75,75,75,75,75,75,75,75,75,75,75,75,75,75,75,75,75,75,75,75,75,80,80,80,80,80,80,80,80,80],"card_choices":[{"not_picked":["White Noise","Barrage"],"picked":"Glacier","floor":1},{"not_picked":["Chaos","Force Field"],"picked":"Conserve Battery","floor":4},{"not_picked":["Beam Cell","Redo"],"picked":"Go for the Eyes","floor":5},{"not_picked":["Double Energy","Sweeping Beam"],"picked":"Defragment","floor":8},{"not_picked":["Tempest","Steam"],"picked":"Self Repair","floor":10},{"not_picked":["Redo","Echo Form"],"picked":"Auto Shields","floor":12},{"not_picked":["Ball Lightning","Leap"],"picked":"Rebound","floor":14},{"not_picked":["Hyperbeam","Reboot"],"picked":"All For One","floor":16},{"not_picked":["Compile Driver+1","Leap+1"],"picked":"FTL","floor":18},{"not_picked":["Heatsinks","Redo"],"picked":"Go for the Eyes","floor":19},{"not_picked":["Ball Lightning","Sweeping Beam","Go for the Eyes"],"picked":"SKIP","floor":22},{"not_picked":["Recycle","Barrage","White Noise"],"picked":"SKIP","floor":23},{"not_picked":["Rebound","Lockon"],"picked":"Storm+1","floor":28},{"not_picked":["Rebound","Beam Cell","Recycle+1"],"picked":"SKIP","floor":31}],"player_experience":61082,"relics_obtained":[{"floor":9,"key":"Oddly Smooth Stone"},{"floor":26,"key":"Ornamental Fan"}],"event_choices":[{"damage_healed":0,"gold_gain":0,"cards_transformed":["Defend_B"],"player_choice":"Change","damage_taken":0,"max_hp_gain":0,"max_hp_loss":0,"event_name":"Living Wall","floor":2,"gold_loss":0,"cards_obtained":["Heatsinks"]},{"damage_healed":0,"gold_gain":0,"player_choice":"Ignored","damage_taken":0,"max_hp_gain":0,"max_hp_loss":0,"event_name":"Liars Game","floor":3,"gold_loss":0},{"damage_healed":0,"gold_gain":75,"player_choice":"Gather Gold","damage_taken":11,"max_hp_gain":0,"max_hp_loss":0,"event_name":"World of Goop","floor":7,"gold_loss":0},{"cards_removed":["Heatsinks"],"damage_healed":0,"gold_gain":0,"player_choice":"Card Removal","damage_taken":7,"max_hp_gain":0,"max_hp_loss":0,"event_name":"Golden Wing","floor":11,"gold_loss":0},{"damage_healed":0,"gold_gain":0,"player_choice":"Obtained Relic","damage_taken":0,"relics_obtained":["Anchor"],"max_hp_gain":0,"max_hp_loss":0,"event_name":"Addict","floor":20,"gold_loss":85},{"damage_healed":0,"gold_gain":0,"player_choice":"Shed Blood","damage_taken":19,"max_hp_gain":5,"max_hp_loss":0,"event_name":"Forgotten Altar","floor":25,"gold_loss":0},{"damage_healed":0,"gold_gain":0,"player_choice":"Paid Fearfully","damage_taken":0,"max_hp_gain":0,"max_hp_loss":0,"event_name":"Masked Bandits","floor":30,"gold_loss":54}],"is_beta":false,"boss_relics":[{"not_picked":["Black Star","FrozenCore"],"picked":"Astrolabe"}],"items_purged_floors":[],"is_endless":false,"potions_floor_spawned":[8,10,12,14,22,28,31],"killed_by":"Automaton","ascension_level":0}