{"gold_per_floor":[211,227,240,260,271,302,302,332,332,343,343,363,377,407,407,536,599,623,722,746,746,762,762,762,762,762,803,5,43,43,43,43,162,162,178,178,178,201,225,225,225],"floor_reached":41,"playtime":2101,"items_purged":["Injury"],"score":490,"play_id":"d2c295be-ec07-41d7-a16f-6c558d58a6bc","local_time":"20190206223444","is_ascension_mode":true,"campfire_choices":[{"floor":7,"key":"REST"},{"data":"Zap","floor":15,"key":"SMITH"},{"data":"Seek","floor":23,"key":"SMITH"},{"data":"Loop","floor":25,"key":"SMITH"},{"floor":30,"key":"REST"},{"data":"Capacitor","floor":32,"key":"SMITH"},{"floor":40,"key":"REST"}],"neow_cost":"NONE","seed_source_timestamp":44799237845800,"circlet_count":0,"master_deck":["Strike_B","Strike_B","Defend_B","Defend_B","Defend_B","Zap+1","Dualcast+1","Steam","Conserve Battery","Leap","Conserve Battery","Ball Lightning","Seek+1","Coolheaded","Echo Form","Electrodynamics","Leap","Turbo","Skim","Capacitor+1","Steam","Loop+1","Thunder Strike","Turbo","Cold Snap","Biased Cognition","Discovery","Enlightenment","Metamorphosis","Chill+1","Capacitor"],"relics":["Cracked Core","Unceasing Top","Oddly Smooth Stone","Meat on the Bone","Golden Idol","Pear","Juzu Bracelet","Turnip","Centennial Puzzle","TheAbacus","Incense Burner","Nloth\u0027s Gift","Runic Pyramid"],"potions_floor_usage":[4,5,8,16,16,18,29,33,33,41],"damage_taken":[{"damage":1,"enemies":"2 Louse","floor":1,"turns":2},{"damage":1,"enemies":"Jaw Worm","floor":2,"turns":4},{"damage":3,"enemies":"Small Slimes","floor":3,"turns":3},{"damage":20,"enemies":"Exordium Thugs","floor":4,"turns":7},{"damage":8,"enemies":"2 Fungi Beasts","floor":5,"turns":4},{"damage":33,"enemies":"Lagavulin","floor":6,"turns":7},{"damage":26,"enemies":"Gremlin Nob","floor":8,"turns":4},{"damage":0,"enemies":"Blue Slaver","floor":10,"turns":5},{"damage":4,"enemies":"Lots of Slimes","floor":12,"turns":5},{"damage":6,"enemies":"3 Louse","floor":13,"turns":3},{"damage":2,"enemies":"The Guardian","floor":16,"turns":9},{"damage":0,"enemies":"3 Byrds","floor":18,"turns":2},{"damage":13,"enemies":"2 Thieves","floor":20,"turns":3},{"damage":25,"enemies":"Snake Plant","floor":22,"turns":6},{"damage":44,"enemies":"Gremlin Leader","floor":27,"turns":8},{"damage":4,"enemies":"Book of Stabbing","floor":29,"turns":5},{"damage":33,"enemies":"Collector","floor":33,"turns":10},{"damage":4,"enemies":"Orb Walker","floor":35,"turns":4},{"damage":11,"enemies":"3 Darklings","floor":38,"turns":4},{"damage":35,"enemies":"Writhing Mass","floor":39,"turns":6},{"damage":82,"enemies":"Reptomancer","floor":41,"turns":5}],"seed_played":"-4490152086408120904","potions_obtained":[{"floor":3,"key":"Swift Potion"},{"floor":4,"key":"Regen Potion"},{"floor":6,"key":"AttackPotion"},{"floor":8,"key":"SteroidPotion"},{"floor":13,"key":"AttackPotion"},{"floor":16,"key":"PowerPotion"},{"floor":17,"key":"Ancient Potion"},{"floor":27,"key":"PowerPotion"},{"floor":29,"key":"Fire Potion"},{"floor":39,"key":"SkillPotion"}],"is_trial":false,"path_per_floor":["M","M","M","M","M","E","R","E","T","M","?","M","M","?","R","B",null,"M","?","M","?","M","R","?","R","T","E","$","E","R","?","R","B",null,"M","?","?","M","M","R","E"],"character_chosen":"DEFECT","items_purchased":["Turnip","Centennial Puzzle","TheAbacus","Turbo"],"campfire_rested":3,"item_purchase_floors":[28,28,28,28],"current_hp_per_floor":[74,73,70,50,54,21,43,17,17,29,29,37,43,53,53,51,90,90,90,77,77,52,52,52,52,52,20,20,28,55,55,55,34,90,86,86,76,65,42,69,0],"gold":225,"neow_bonus":"HUNDRED_GOLD","is_prod":false,"is_daily":false,"chose_seed":false,"campfire_upgraded":4,"win_rate":0,"timestamp":1549463684,"path_taken":["M","M","M","M","M","E","R","E","T","M","?","M","M","?","R","BOSS","M","?","M","?","M","R","?","R","T","E","$","E","R","?","R","BOSS","M","?","?","M","M","R","E"],"build_version":"2019-01-23","purchased_purges":1,"victory":false,"max_hp_per_floor":[75,75,75,75,75,75,75,75,75,75,75,75,75,85,85,85,90,90,90,90,90,90,90,90,90,90,90,90,90,90,90,90,90,90,90,90,90,90,90,90,90],"card_choices":[{"not_picked":["Steam Power","Rebound"],"picked":"Steam","floor":1},{"not_picked":["Barrage","Ball Lightning"],"picked":"Conserve Battery","floor":2},{"not_picked":["Double Energy","Lockon"],"picked":"Leap","floor":3},{"not_picked":["Rip and Tear","Steam"],"picked":"Conserve Battery","floor":4},{"not_picked":["Leap","Melter"],"picked":"Ball Lightning","floor":5},{"not_picked":["Blizzard","Capacitor"],"picked":"Seek","floor":6},{"not_picked":["Leap","Rebound"],"picked":"Coolheaded","floor":8},{"not_picked":["Sweeping Beam","Heatsinks","Stack"],"picked":"SKIP","floor":10},{"not_picked":["Conserve Battery","Steam"],"picked":"Echo Form","floor":12},{"not_picked":["Gash","Conserve Battery","Steam"],"picked":"SKIP","floor":13},{"not_picked":["Echo Form","Thunder Strike"],"picked":"Electrodynamics","floor":16},{"not_picked":["Redo","Lockon"],"picked":"Leap","floor":17},{"not_picked":["Streamline","Hologram+1"],"picked":"Turbo","floor":18},{"not_picked":["Darkness","Stack"],"picked":"Skim","floor":20},{"not_picked":["Beam Cell","Redo"],"picked":"Capacitor","floor":22},{"not_picked":["Ball Lightning","Scrape"],"picked":"Thunder Strike","floor":27},{"not_picked":["Reprogram","Hologram"],"picked":"Cold Snap","floor":29},{"not_picked":["Electrodynamics","Hyperbeam"],"picked":"Biased Cognition","floor":33},{"not_picked":["Redo+1","Skim","Darkness"],"picked":"SKIP","floor":35},{"not_picked":["Enlightenment","Finesse"],"picked":"Discovery","floor":37},{"not_picked":["Blind","PanicButton"],"picked":"Enlightenment","floor":37},{"not_picked":["Trip","Master of Strategy"],"picked":"Metamorphosis","floor":37},{"not_picked":["Hologram","Barrage+1"],"picked":"Chill+1","floor":38},{"not_picked":["Reinforced Body+1","Recycle"],"picked":"Capacitor","floor":39}],"player_experience":357101,"relics_obtained":[{"floor":6,"key":"Unceasing Top"},{"floor":8,"key":"Oddly Smooth Stone"},{"floor":9,"key":"Meat on the Bone"},{"floor":27,"key":"Juzu Bracelet"},{"floor":29,"key":"Incense Burner"}],"event_choices":[{"damage_healed":0,"gold_gain":0,"player_choice":"Take Wound","damage_taken":0,"relics_obtained":["Golden Idol"],"max_hp_gain":0,"max_hp_loss":0,"event_name":"Golden Idol","floor":11,"gold_loss":0,"cards_obtained":["Injury"]},{"damage_healed":0,"gold_gain":30,"player_choice":"Searched \u00273\u0027 times","damage_taken":0,"relics_obtained":["Pear"],"max_hp_gain":0,"max_hp_loss":0,"event_name":"Dead Adventurer","floor":14,"gold_loss":0},{"damage_healed":0,"gold_gain":99,"player_choice":"Stole From Cult","damage_taken":0,"max_hp_gain":0,"max_hp_loss":0,"event_name":"Nest","floor":19,"gold_loss":0},{"damage_healed":0,"gold_gain":0,"player_choice":"Ignored","damage_taken":0,"max_hp_gain":0,"max_hp_loss":0,"event_name":"Ghosts","floor":21,"gold_loss":0},{"damage_healed":0,"gold_gain":0,"cards_transformed":["Strike_B","Strike_B"],"player_choice":"Became Test Subject","damage_taken":0,"max_hp_gain":0,"max_hp_loss":0,"event_name":"Drug Dealer","floor":24,"gold_loss":0,"cards_obtained":["Steam","Loop"]},{"damage_healed":0,"gold_gain":0,"player_choice":"Traded Relic","damage_taken":0,"relics_obtained":["Nloth\u0027s Gift"],"max_hp_gain":0,"max_hp_loss":0,"event_name":"N\u0027loth","floor":31,"relics_lost":["Tiny House"],"gold_loss":0},{"cards_removed":["Defend_B"],"damage_healed":0,"gold_gain":0,"player_choice":"Removed Skill","damage_taken":0,"max_hp_gain":0,"max_hp_loss":0,"event_name":"Falling","floor":36,"gold_loss":0},{"damage_healed":0,"gold_gain":0,"player_choice":"Memory 3","damage_taken":10,"max_hp_gain":0,"max_hp_loss":0,"event_name":"SensoryStone","floor":37,"gold_loss":0}],"is_beta":false,"boss_relics":[{"not_picked":["Ectoplasm","Cursed Key"],"picked":"Tiny House"},{"not_picked":["Coffee Dripper","Calling Bell"],"picked":"Runic Pyramid"}],"items_purged_floors":[28],"is_endless":false,"potions_floor_spawned":[3,4,6,8,13,16,27,29,39],"killed_by":"Reptomancer","ascension_level":1}