{"gold_per_floor":[141,160,175,190,1,32,32,64,116,135,210,42,42,54,54,153,153,163,163,163,19,29,29],"floor_reached":23,"playtime":944,"items_purged":[],"score":236,"play_id":"4d011973-ce4d-4fd1-ac9b-bf4d2bc30fc2","local_time":"20190206215930","is_ascension_mode":true,"campfire_choices":[{"data":"Zap","floor":7,"key":"SMITH"},{"floor":15,"key":"REST"}],"neow_cost":"NONE","seed_source_timestamp":43844537290500,"circlet_count":0,"master_deck":["Defend_B","Defend_B","Defend_B","Defend_B","Zap+1","Dualcast","Auto Shields","BootSequence","Go for the Eyes","Scrape","Sunder","Reboot","Auto Shields","Steam","Metamorphosis","Turbo","Biased Cognition","Coolheaded","Bite","Bite","Bite","Bite","Bite","Cold Snap"],"relics":["Cracked Core","Tiny Chest","Vajra","Juzu Bracelet","Dodecahedron","Art of War","Black Star","Bag of Preparation"],"potions_floor_usage":[6,6,8,16],"damage_taken":[{"damage":0,"enemies":"Cultist","floor":1,"turns":3},{"damage":2,"enemies":"Small Slimes","floor":2,"turns":3},{"damage":0,"enemies":"2 Louse","floor":3,"turns":3},{"damage":7,"enemies":"Large Slime","floor":4,"turns":6},{"damage":26,"enemies":"Lagavulin","floor":6,"turns":5},{"damage":17,"enemies":"3 Sentries","floor":8,"turns":5},{"damage":0,"enemies":"Looter","floor":10,"turns":2},{"damage":0,"enemies":"Exordium Wildlife","floor":14,"turns":4},{"damage":35,"enemies":"The Guardian","floor":16,"turns":8},{"damage":4,"enemies":"Spheric Guardian","floor":18,"turns":3},{"damage":0,"enemies":"Chosen","floor":22,"turns":4},{"damage":74,"enemies":"Gremlin Leader","floor":23,"turns":9}],"seed_played":"1372446101991325508","potions_obtained":[{"floor":1,"key":"AttackPotion"},{"floor":3,"key":"AttackPotion"},{"floor":4,"key":"Regen Potion"},{"floor":10,"key":"Weak Potion"}],"is_trial":false,"path_per_floor":["M","M","M","M","$","E","R","E","T","M","?","$","?","M","R","B",null,"M","?","?","$","M","E"],"character_chosen":"DEFECT","items_purchased":["Vajra","Sunder","Metamorphosis","Bag of Preparation"],"campfire_rested":1,"item_purchase_floors":[5,5,12,21],"current_hp_per_floor":[75,73,73,66,66,54,54,37,37,37,26,26,31,31,55,20,80,76,56,47,47,55,0],"gold":29,"neow_bonus":"RANDOM_COMMON_RELIC","is_prod":false,"is_daily":false,"chose_seed":false,"campfire_upgraded":1,"win_rate":0,"timestamp":1549461570,"path_taken":["M","?","M","M","$","E","R","E","T","M","?","$","?","M","R","BOSS","M","?","?","$","M","E"],"build_version":"2019-01-23","purchased_purges":0,"victory":false,"max_hp_per_floor":[75,75,75,75,75,75,75,75,75,75,75,75,80,80,80,80,80,80,56,61,61,61,61],"card_choices":[{"not_picked":["Rip and Tear","Aggregate"],"picked":"Auto Shields","floor":1},{"not_picked":["Heatsinks","Undo"],"picked":"BootSequence","floor":2},{"not_picked":["Leap","Sweeping Beam"],"picked":"Go for the Eyes","floor":3},{"not_picked":["Rebound","Darkness"],"picked":"Scrape","floor":4},{"not_picked":["Streamline","Double Energy"],"picked":"Reboot","floor":6},{"not_picked":["Barrage","Sweeping Beam"],"picked":"Auto Shields","floor":8},{"not_picked":["Hologram","Go for the Eyes"],"picked":"Steam","floor":10},{"not_picked":["Reprogram","Sweeping Beam"],"picked":"Turbo","floor":14},{"not_picked":["Hyperbeam","Thunder Strike"],"picked":"Biased Cognition","floor":16},{"not_picked":["Redo","Blizzard"],"picked":"Coolheaded","floor":18},{"not_picked":["Go for the Eyes+1","Auto Shields"],"picked":"Cold Snap","floor":22}],"player_experience":356157,"relics_obtained":[{"floor":6,"key":"Juzu Bracelet"},{"floor":8,"key":"Dodecahedron"},{"floor":9,"key":"Art of War"}],"event_choices":[{"damage_healed":0,"gold_gain":75,"player_choice":"Gather Gold","damage_taken":11,"max_hp_gain":0,"max_hp_loss":0,"event_name":"World of Goop","floor":11,"gold_loss":0},{"damage_healed":0,"gold_gain":0,"player_choice":"Donut","damage_taken":0,"max_hp_gain":5,"max_hp_loss":0,"event_name":"Big Fish","floor":13,"gold_loss":0},{"damage_healed":0,"gold_gain":0,"player_choice":"Became a vampire","damage_taken":0,"max_hp_gain":0,"max_hp_loss":24,"event_name":"Vampires","floor":19,"gold_loss":0,"cards_obtained":["Bite","Bite","Bite","Bite","Bite"]},{"damage_healed":0,"gold_gain":0,"player_choice":"Shed Blood","damage_taken":14,"max_hp_gain":5,"max_hp_loss":0,"event_name":"Forgotten Altar","floor":20,"gold_loss":0}],"is_beta":false,"boss_relics":[{"not_picked":["Nuclear Battery","Eternal Feather"],"picked":"Black Star"}],"items_purged_floors":[],"is_endless":false,"potions_floor_spawned":[1,3,4,10],"killed_by":"Gremlin Leader","ascension_level":1}