{"gold_per_floor":[118,118,130,80,99,99,129,129,129,146,161,161,171,43,43,143,143,155,155,137,148,148,148,48,76,103,133,148,148,23,41,41,145,145,156,156,6,25,0,0,11,38,38,38,54,83,96,110,110,110,110,110,22,50,50],"floor_reached":55,"playtime":4701,"items_purged":["Strike_B","Strike_B","Strike_B","Defend_B"],"score":769,"play_id":"63a9f9ef-74be-4ea6-84c5-1542f01ccf70","local_time":"20190115171045","is_ascension_mode":false,"campfire_choices":[{"data":"Zap","floor":6.0,"key":"SMITH"},{"data":"Dualcast","floor":8.0,"key":"SMITH"},{"data":"Hologram","floor":12.0,"key":"SMITH"},{"data":"Defragment","floor":15.0,"key":"SMITH"},{"data":"Self Repair","floor":23.0,"key":"SMITH"},{"data":"Hologram","floor":29.0,"key":"SMITH"},{"floor":32.0,"key":"RECALL"},{"data":"Cold Snap","floor":40.0,"key":"SMITH"},{"floor":44.0,"key":"DIG"},{"floor":49,"key":"DIG"},{"floor":52,"key":"DIG"}],"neow_cost":"NONE","seed_source_timestamp":0,"circlet_count":0,"master_deck":["Defend_B","Defend_B","Zap+1","Dualcast+1","Cold Snap+1","Self Repair+1","Glacier+1","Defragment+1","Hologram+1","Cold Snap","Ball Lightning","Conserve Battery","Compile Driver+1","Conserve Battery+1","Hologram+1","Steam+1","Turbo+1","Double Energy+1","Seek+1","Skim+1","FTL+1","Seek+1","Parasite","Coolheaded+1","White Noise+1","Capacitor","Coolheaded+1","Creative AI"],"special_seed":0,"relics":["Cracked Core","Question Card","Inserter","Nloth\u0027s Gift","Dead Branch","Happy Flower","Toxic Egg 2","Philosopher\u0027s Stone","Red Mask","Shovel","Letter Opener","Bottled Flame","PreservedInsect","Bag of Marbles","Kunai","Pen Nib"],"potions_floor_usage":[50,55],"damage_taken":[{"damage":7.0,"enemies":"Small Slimes","floor":1.0,"turns":3.0},{"damage":3.0,"enemies":"2 Louse","floor":3.0,"turns":2.0},{"damage":0.0,"enemies":"Cultist","floor":5.0,"turns":3.0},{"damage":2.0,"enemies":"Gremlin Nob","floor":7.0,"turns":3.0},{"damage":0.0,"enemies":"3 Louse","floor":10.0,"turns":4.0},{"damage":0.0,"enemies":"Exordium Thugs","floor":11.0,"turns":5.0},{"damage":1.0,"enemies":"Large Slime","floor":13.0,"turns":5.0},{"damage":1.0,"enemies":"The Guardian","floor":16.0,"turns":12.0},{"damage":3.0,"enemies":"3 Byrds","floor":18.0,"turns":4.0},{"damage":31.0,"enemies":"2 Thieves","floor":20.0,"turns":4.0},{"damage":0.0,"enemies":"Centurion and Healer","floor":21.0,"turns":10.0},{"damage":31.0,"enemies":"Slavers","floor":25.0,"turns":8.0},{"damage":0.0,"enemies":"Book of Stabbing","floor":27.0,"turns":8.0},{"damage":0.0,"enemies":"Snecko","floor":28.0,"turns":5.0},{"damage":19.0,"enemies":"Snake Plant","floor":31.0,"turns":4.0},{"damage":3.0,"enemies":"Collector","floor":33.0,"turns":15.0},{"damage":2.0,"enemies":"Orb Walker","floor":35.0,"turns":5.0},{"damage":0.0,"enemies":"3 Shapes","floor":38.0,"turns":4.0},{"damage":1.0,"enemies":"3 Darklings","floor":41.0,"turns":6.0},{"damage":27.0,"enemies":"Nemesis","floor":42.0,"turns":11.0},{"damage":0.0,"enemies":"Writhing Mass","floor":45.0,"turns":7.0},{"damage":0.0,"enemies":"Reptomancer","floor":46.0,"turns":3.0},{"damage":0.0,"enemies":"Spire Growth","floor":47.0,"turns":4.0},{"damage":0,"enemies":"Maw","floor":48,"turns":7},{"damage":64,"enemies":"Time Eater","floor":50,"turns":11},{"damage":43,"enemies":"Shield and Spear","floor":54,"turns":5},{"damage":42,"enemies":"The Heart","floor":55,"turns":2}],"seed_played":"-8004967078889582902","potions_obtained":[{"floor":1.0,"key":"AttackPotion"},{"floor":3.0,"key":"PowerPotion"},{"floor":21.0,"key":"Explosive Potion"},{"floor":25.0,"key":"FearPotion"},{"floor":28.0,"key":"EssenceOfSteel"},{"floor":41.0,"key":"PowerPotion"},{"floor":45.0,"key":"SkillPotion"},{"floor":48,"key":"Weak Potion"},{"floor":54,"key":"Energy Potion"}],"is_trial":false,"path_per_floor":["M","?","M","?","M","R","E","R","T","M","M","R","M","$","R","B",null,"M","?","M","M","?","R","$","E","T","E","M","R","$","M","R","B",null,"M","?","$","M","?","R","M","E","T","R","M","E","M","M","R","B",null,"R","$","E","B"],"character_chosen":"DEFECT","items_purchased":["Ball Lightning","Capacitor","Coolheaded+1"],"campfire_rested":0,"item_purchase_floors":[14,53,53],"current_hp_per_floor":[68,68,65,65,65,65,70,70,70,75,75,75,75,75,75,75,75,75,75,51,60,60,60,60,39,39,49,59,59,59,50,50,57,75,75,75,75,75,75,75,75,58,58,58,68,75,75,75,75,21,75,75,75,42,0],"gold":50,"neow_bonus":"REMOVE_CARD","is_prod":false,"is_daily":false,"chose_seed":false,"campfire_upgraded":7,"win_rate":0,"timestamp":1547543445,"path_taken":["M","?","M","?","M","R","E","R","T","M","M","R","M","$","R","BOSS","M","?","?","M","?","R","?","E","T","E","M","R","$","M","R","BOSS","M","?","$","M","?","R","M","E","T","R","M","E","M","M","R","BOSS","R","$","E","BOSS"],"build_version":"2019-01-10","purchased_purges":4,"victory":false,"max_hp_per_floor":[75,75,75,75,75,75,75,75,75,75,75,75,75,75,75,75,75,75,75,75,75,75,75,75,75,75,75,75,75,75,75,75,75,75,75,75,75,75,75,75,75,75,75,75,75,75,75,75,75,75,75,75,75,75,75],"card_choices":[{"not_picked":["Recycle","Streamline","Sweeping Beam"],"picked":"SKIP","floor":1.0},{"not_picked":["Go for the Eyes","Force Field","Doom and Gloom"],"picked":"Cold Snap","floor":3.0},{"not_picked":["Storm","Streamline","Go for the Eyes"],"picked":"Self Repair","floor":5.0},{"not_picked":["Consume","Aggregate","Barrage"],"picked":"Glacier","floor":7.0},{"not_picked":["Stack","Scrape","Barrage"],"picked":"Defragment","floor":10.0},{"not_picked":["Leap","Heatsinks","Compile Driver"],"picked":"Hologram","floor":11.0},{"not_picked":["Recycle","Static Discharge","Go for the Eyes"],"picked":"Cold Snap","floor":13.0},{"not_picked":["Rebound","Compile Driver","Static Discharge"],"picked":"Conserve Battery","floor":18.0},{"not_picked":["Auto Shields+1","Streamline","Ball Lightning+1"],"picked":"Compile Driver+1","floor":20.0},{"not_picked":["Auto Shields","Cold Snap","Go for the Eyes"],"picked":"Conserve Battery+1","floor":21.0},{"not_picked":["Doom and Gloom","Meteor Strike","Cold Snap"],"picked":"Hologram","floor":25.0},{"not_picked":["Self Repair","Coolheaded+1","Sweeping Beam"],"picked":"Steam","floor":27.0},{"not_picked":["Static Discharge","Leap+1","Reprogram+1"],"picked":"Turbo+1","floor":28.0},{"not_picked":["Consume+1","Fusion+1","Creative AI"],"picked":"Double Energy+1","floor":31.0},{"not_picked":["Core Surge","Multi-Cast+1","Reboot+1"],"picked":"Seek+1","floor":33.0},{"not_picked":["Conserve Battery+1","Double Energy+1","Streamline+1"],"picked":"Skim+1","floor":35.0},{"not_picked":["Stack+1","Genetic Algorithm+1","Conserve Battery+1"],"picked":"FTL+1","floor":38.0},{"not_picked":["Auto Shields+1","Static Discharge","Leap+1","Ball Lightning"],"picked":"SKIP","floor":41.0},{"not_picked":["Multi-Cast+1","Rebound+1","Fission+1"],"picked":"Seek+1","floor":42.0},{"not_picked":["Leap+1","Gash+1","Streamline"],"picked":"Coolheaded+1","floor":45.0},{"not_picked":["Rainbow+1","Stack+1","Conserve Battery+1","Biased Cognition"],"picked":"SKIP","floor":46.0},{"not_picked":["Gash+1","Scrape+1","Turbo+1"],"picked":"White Noise+1","floor":47.0},{"not_picked":["Stack+1","Sweeping Beam","Barrage+1","Redo+1"],"picked":"SKIP","floor":48},{"not_picked":["Reinforced Body+1","Leap+1","Amplify+1"],"picked":"Creative AI","floor":54}],"player_experience":242947,"relics_obtained":[{"floor":7.0,"key":"Blood Vial"},{"floor":25.0,"key":"Dead Branch"},{"floor":26.0,"key":"Happy Flower"},{"floor":27.0,"key":"Toxic Egg 2"},{"floor":42.0,"key":"Shovel"},{"floor":43.0,"key":"Letter Opener"},{"floor":44.0,"key":"Bottled Flame"},{"floor":46.0,"key":"PreservedInsect"},{"floor":49,"key":"Bag of Marbles"},{"floor":52,"key":"Kunai"},{"floor":54,"key":"Pen Nib"}],"event_choices":[{"damage_healed":0.0,"max_hp_gain":0.0,"max_hp_loss":0.0,"gold_gain":0.0,"event_name":"Big Fish","player_choice":"Box","floor":2.0,"gold_loss":0.0,"damage_taken":0.0,"relics_obtained":["Question Card"],"cards_obtained":["Regret"]},{"cards_removed":["Regret"],"damage_healed":0.0,"max_hp_gain":0.0,"max_hp_loss":0.0,"gold_gain":0.0,"event_name":"The Cleric","player_choice":"Card Removal","floor":4.0,"gold_loss":50.0,"damage_taken":0.0},{"damage_healed":0.0,"max_hp_gain":0.0,"max_hp_loss":0.0,"gold_gain":0.0,"event_name":"Upgrade Shrine","player_choice":"Upgraded","floor":19.0,"gold_loss":0.0,"damage_taken":0.0,"cards_upgraded":["Glacier"]},{"damage_healed":0.0,"max_hp_gain":0.0,"max_hp_loss":0.0,"gold_gain":0.0,"event_name":"N\u0027loth","player_choice":"Traded Relic","floor":22.0,"relics_lost":["Blood Vial"],"gold_loss":0.0,"damage_taken":0.0,"relics_obtained":["Nloth\u0027s Gift"]},{"cards_removed":["Defend_B"],"damage_healed":0.0,"max_hp_gain":0.0,"max_hp_loss":0.0,"gold_gain":0.0,"event_name":"Falling","player_choice":"Removed Skill","floor":36.0,"gold_loss":0.0,"damage_taken":0.0},{"damage_healed":0.0,"max_hp_gain":0.0,"max_hp_loss":0.0,"gold_gain":0.0,"event_name":"Tomb of Lord Red Mask","player_choice":"Paid","floor":39.0,"gold_loss":25.0,"damage_taken":0.0,"relics_obtained":["Red Mask"]}],"is_beta":false,"boss_relics":[{"not_picked":["Fusion Hammer","FrozenCore"],"picked":"Inserter"},{"not_picked":["Runic Dome","Calling Bell"],"picked":"Philosopher\u0027s Stone"}],"items_purged_floors":[14,24,30,37],"is_endless":false,"potions_floor_spawned":[1,3,21,25,28,41,45,48,54],"killed_by":"The Heart","ascension_level":0}