{"gold_per_floor":[111,111,111,36,52,93,93,111,138,163,163,206,206,219,219,309,309,328,342,342,366,366],"floor_reached":22,"playtime":1294,"items_purged":[],"score":353,"play_id":"33b7b983-7bd8-476c-bc23-9a33ea5470c8","local_time":"20181130202126","is_ascension_mode":true,"campfire_choices":[{"floor":7,"key":"REST"},{"floor":11,"key":"REST"},{"floor":13,"key":"REST"},{"floor":15,"key":"REST"}],"neow_cost":"TEN_PERCENT_HP_LOSS","seed_source_timestamp":15223291421129,"circlet_count":0,"master_deck":["AscendersBane","Zap","Dualcast","Ball Lightning","Defragment","White Noise","Buffer","Chaos","Force Field","Gash","Turbo","Rebound","Beam Cell","Storm","Chill+1","Writhe","Undo"],"relics":["Cracked Core","Bird Faced Urn","Golden Idol","PreservedInsect","Bottled Tornado","Pandora\u0027s Box","Potion Belt"],"potions_floor_usage":[6,12,14,16,19],"damage_taken":[{"damage":0,"enemies":"2 Louse","floor":1,"turns":2},{"damage":2,"enemies":"Jaw Worm","floor":5,"turns":3},{"damage":25,"enemies":"3 Sentries","floor":6,"turns":5},{"damage":11,"enemies":"Small Slimes","floor":8,"turns":4},{"damage":24,"enemies":"Exordium Wildlife","floor":10,"turns":4},{"damage":10,"enemies":"Lagavulin","floor":12,"turns":5},{"damage":12,"enemies":"Large Slime","floor":14,"turns":6},{"damage":43,"enemies":"The Guardian","floor":16,"turns":11},{"damage":42,"enemies":"Shell Parasite","floor":18,"turns":5},{"damage":0,"enemies":"Spheric Guardian","floor":19,"turns":3},{"damage":22,"enemies":"Snecko","floor":21,"turns":5},{"damage":9,"enemies":"Snake Plant","floor":22,"turns":2}],"seed_played":"2545940416459740805","potions_obtained":[{"floor":1,"key":"AttackPotion"},{"floor":5,"key":"Explosive Potion"},{"floor":8,"key":"Weak Potion"},{"floor":14,"key":"SteroidPotion"},{"floor":18,"key":"Fire Potion"}],"is_trial":false,"path_per_floor":["M","?","?","?","M","E","R","M","T","M","R","E","R","M","R","B",null,"M","M","?","M","M"],"character_chosen":"DEFECT","items_purchased":[],"campfire_rested":4,"item_purchase_floors":[],"current_hp_per_floor":[64,42,42,42,40,17,36,27,27,7,26,20,39,31,50,11,51,13,19,19,5,0],"gold":366,"neow_bonus":"ONE_RARE_RELIC","is_prod":false,"is_daily":false,"chose_seed":false,"campfire_upgraded":0,"win_rate":0,"timestamp":1543598486,"path_taken":["M","?","?","?","M","E","R","M","T","M","R","E","R","M","R","BOSS","M","M","?","M","M"],"build_version":"2018-11-15","purchased_purges":0,"victory":false,"max_hp_per_floor":[64,64,64,64,64,64,64,64,64,64,64,64,64,64,64,64,64,64,64,64,64,64],"card_choices":[{"not_picked":["Rebound","Double Energy"],"picked":"Ball Lightning","floor":1},{"not_picked":["Consume","Hologram"],"picked":"Defragment","floor":5},{"not_picked":["Meteor Strike","Force Field"],"picked":"White Noise","floor":6},{"not_picked":["Ball Lightning","Go for the Eyes","Rebound"],"picked":"SKIP","floor":8},{"not_picked":["Rebound","Stack","Genetic Algorithm"],"picked":"SKIP","floor":10},{"not_picked":["Rip and Tear","Go for the Eyes","Streamline"],"picked":"SKIP","floor":12},{"not_picked":["Chaos","Ball Lightning","Redo"],"picked":"SKIP","floor":14},{"not_picked":["All For One","Seek"],"picked":"Buffer","floor":16},{"not_picked":["Scrape","Cold Snap"],"picked":"Storm","floor":18},{"not_picked":["Aggregate","Lockon"],"picked":"Chill+1","floor":19},{"not_picked":["Skim","Steam Power"],"picked":"Undo","floor":21}],"player_experience":795207,"relics_obtained":[{"floor":6,"key":"PreservedInsect"},{"floor":12,"key":"Bottled Tornado"}],"event_choices":[{"damage_healed":0,"gold_gain":0,"player_choice":"Take Damage","damage_taken":22,"relics_obtained":["Golden Idol"],"max_hp_gain":0,"max_hp_loss":0,"event_name":"Golden Idol","floor":2,"gold_loss":0},{"cards_removed":["Strike_B"],"damage_healed":0,"gold_gain":0,"player_choice":"Forget","damage_taken":0,"max_hp_gain":0,"max_hp_loss":0,"event_name":"Living Wall","floor":3,"gold_loss":0},{"cards_removed":["Strike_B"],"damage_healed":0,"gold_gain":0,"player_choice":"Card Removal","damage_taken":0,"max_hp_gain":0,"max_hp_loss":0,"event_name":"The Cleric","floor":4,"gold_loss":75},{"damage_healed":0,"gold_gain":0,"player_choice":"Opened","damage_taken":0,"relics_obtained":["Potion Belt"],"max_hp_gain":0,"max_hp_loss":0,"event_name":"The Mausoleum","floor":20,"gold_loss":0,"cards_obtained":["Writhe"]}],"is_beta":false,"boss_relics":[{"not_picked":["Runic Pyramid","Empty Cage"],"picked":"Pandora\u0027s Box"}],"items_purged_floors":[],"is_endless":false,"potions_floor_spawned":[1,5,8,10,14,18],"killed_by":"Snake Plant","ascension_level":16}