{"gold_per_floor":[118,118,136,154,173,208,208,243,243,243,257,257,257,282,282,375,375,391,391,406,406,321,321,345,345,399,399,399,422,422,461,473,581,593,625,637,708,739,393,429,429,554,554,554,573,573,573,586,586,586,586,586,124,124],"floor_reached":54,"playtime":3698,"items_purged":["Calculated Gamble+1","Strike_G"],"score":1290,"play_id":"aafd9e2f-c866-4095-8c3f-a29c311ddfa9","local_time":"20181218010759","is_ascension_mode":true,"campfire_choices":[{"floor":7.0,"key":"REST"},{"floor":12.0,"key":"REST"},{"floor":15.0,"key":"REST"},{"floor":23.0,"key":"REST"},{"floor":25.0,"key":"REST"},{"floor":28.0,"key":"RECALL"},{"floor":32.0,"key":"REST"},{"floor":41,"key":"REST"},{"floor":44,"key":"REST"},{"floor":46,"key":"REST"},{"floor":49,"key":"REST"},{"floor":52,"key":"REST"}],"neow_cost":"NONE","seed_source_timestamp":0,"circlet_count":0,"master_deck":["AscendersBane","Defend_G","Defend_G+1","Defend_G","Defend_G","Defend_G","Strike_G","Survivor","Neutralize","Eviscerate+1","Skewer","Backflip","Dagger Throw","Underhanded Strike","Noxious Fumes","Bullet Time","Dash","Night Terror","Predator","Riddle With Holes","Blur+1","Predator+1","Riddle With Holes","Leg Sweep","Footwork","Riddle With Holes","Crippling Poison"],"special_seed":0,"relics":["Snecko Eye","The Specimen","Centennial Puzzle","Shuriken","Golden Idol","Odd Mushroom","Fusion Hammer","Darkstone Periapt","Regal Pillow","MawBank","Astrolabe","Mango","Pear","Sundial","Gambling Chip","Letter Opener"],"potions_floor_usage":[33,37,42,50,54],"damage_taken":[{"damage":4.0,"enemies":"Jaw Worm","floor":1.0,"turns":7.0},{"damage":9.0,"enemies":"Cultist","floor":3.0,"turns":4.0},{"damage":0.0,"enemies":"Small Slimes","floor":4.0,"turns":2.0},{"damage":0.0,"enemies":"Looter","floor":5.0,"turns":2.0},{"damage":32.0,"enemies":"Gremlin Nob","floor":6.0,"turns":4.0},{"damage":15.0,"enemies":"Lagavulin","floor":8.0,"turns":5.0},{"damage":6.0,"enemies":"3 Louse","floor":11.0,"turns":3.0},{"damage":8.0,"enemies":"The Mushroom Lair","floor":14.0,"turns":3.0},{"damage":28.0,"enemies":"Slime Boss","floor":16.0,"turns":9.0},{"damage":19.0,"enemies":"3 Byrds","floor":18.0,"turns":4.0},{"damage":0.0,"enemies":"Spheric Guardian","floor":20.0,"turns":4.0},{"damage":27.0,"enemies":"3 Cultists","floor":24.0,"turns":5.0},{"damage":4.0,"enemies":"Centurion and Healer","floor":29.0,"turns":5.0},{"damage":13.0,"enemies":"Gremlin Leader","floor":31.0,"turns":4.0},{"damage":40,"enemies":"Collector","floor":33,"turns":6},{"damage":0,"enemies":"3 Darklings","floor":35,"turns":4},{"damage":15,"enemies":"2 Orb Walkers","floor":37,"turns":4},{"damage":3,"enemies":"Orb Walker","floor":38,"turns":2},{"damage":3,"enemies":"Giant Head","floor":40,"turns":5},{"damage":18,"enemies":"Mind Bloom Boss Battle","floor":42,"turns":5},{"damage":7,"enemies":"Spire Growth","floor":45,"turns":3},{"damage":2,"enemies":"Transient","floor":48,"turns":6},{"damage":27,"enemies":"Time Eater","floor":50,"turns":8},{"damage":94,"enemies":"Shield and Spear","floor":54,"turns":6}],"seed_played":"4217409849333755225","potions_obtained":[{"floor":1.0,"key":"Fire Potion"},{"floor":3.0,"key":"Fire Potion"},{"floor":11.0,"key":"Weak Potion"},{"floor":16.0,"key":"Swift Potion"},{"floor":31.0,"key":"Strength Potion"},{"floor":33,"key":"Weak Potion"},{"floor":37,"key":"Swift Potion"},{"floor":45,"key":"Block Potion"}],"is_trial":false,"path_per_floor":["M","?","M","M","M","E","R","E","T","?","M","R","?","?","R","B",null,"M","?","M","?","?","R","M","R","T","T","R","M","?","E","R","B",null,"M","?","?","M","$","E","R","?","T","R","M","R","?","M","R","B",null,"R","$","E"],"character_chosen":"THE_SILENT","items_purchased":["Pear","GhostInAJar","Footwork","Riddle With Holes","Crippling Poison","Ancient Potion"],"campfire_rested":11,"item_purchase_floors":[39,53,53,53,53,53],"current_hp_per_floor":[55,66,57,57,57,25,44,29,29,9,3,22,22,14,32,4,46,27,27,27,39,39,57,30,48,48,48,48,44,44,31,60,20,50,50,50,49,46,56,53,84,66,66,84,77,84,80,78,80,53,73,80,80,0],"gold":124,"neow_bonus":"BOSS_RELIC","is_prod":false,"is_daily":false,"chose_seed":false,"campfire_upgraded":0,"win_rate":0,"timestamp":1545084479,"path_taken":["M","?","?","M","M","E","R","E","T","?","M","R","?","?","R","BOSS","M","?","?","?","?","R","M","R","T","?","R","M","?","E","R","BOSS","M","?","?","M","$","E","R","?","T","R","M","R","?","M","R","BOSS","R","$","E"],"build_version":"2018-12-13","purchased_purges":2,"victory":false,"max_hp_per_floor":[66,66,66,66,66,66,66,66,66,66,66,66,60,60,60,60,60,60,60,60,60,60,60,60,60,60,60,60,60,60,60,60,60,60,60,60,74,74,84,84,84,84,84,84,84,84,80,80,80,80,80,80,80,80],"card_choices":[{"not_picked":["Distraction","Endless Agony"],"picked":"Eviscerate","floor":1.0},{"not_picked":["Deflect","Caltrops"],"picked":"Skewer","floor":3.0},{"not_picked":["Dodge and Roll","Underhanded Strike","Bane"],"picked":"SKIP","floor":4.0},{"not_picked":["Flying Knee","Accuracy"],"picked":"Backflip","floor":5.0},{"not_picked":["Acrobatics","Prepared","Flechettes"],"picked":"SKIP","floor":6.0},{"not_picked":["PiercingWail","Doppelganger"],"picked":"Dagger Throw","floor":8.0},{"not_picked":["Distraction","Dodge and Roll"],"picked":"Underhanded Strike","floor":11.0},{"not_picked":["Poisoned Stab","Dagger Spray"],"picked":"Noxious Fumes","floor":14.0},{"not_picked":["Phantasmal Killer","Doppelganger"],"picked":"Bullet Time","floor":16.0},{"not_picked":["Sucker Punch+1","Cloak And Dagger"],"picked":"Dash","floor":18.0},{"not_picked":["Dagger Throw+1","Dagger Spray","Caltrops"],"picked":"SKIP","floor":20.0},{"not_picked":["Backstab","Poisoned Stab","Reflex"],"picked":"SKIP","floor":24.0},{"not_picked":["Blade Dance+1","Masterful Stab"],"picked":"Predator","floor":29.0},{"not_picked":["Backflip","Deadly Poison"],"picked":"Riddle With Holes","floor":31.0},{"not_picked":["Dodge and Roll","Dagger Spray","Acrobatics"],"picked":"SKIP","floor":35},{"not_picked":["Blade Dance","Slice","Quick Slash"],"picked":"SKIP","floor":38},{"not_picked":["Backstab","Wraith Form v2"],"picked":"Riddle With Holes","floor":40},{"not_picked":["Dagger Spray","Blade Dance+1"],"picked":"Leg Sweep","floor":45},{"not_picked":["Heel Hook","Flying Knee","Poisoned Stab"],"picked":"SKIP","floor":48}],"player_experience":889365,"relics_obtained":[{"floor":6.0,"key":"The Specimen"},{"floor":8.0,"key":"Centennial Puzzle"},{"floor":9.0,"key":"Shuriken"},{"floor":14.0,"key":"Odd Mushroom"},{"floor":26.0,"key":"Regal Pillow"},{"floor":31.0,"key":"MawBank"},{"floor":37,"key":"Mango"},{"floor":40,"key":"Sundial"},{"floor":42,"key":"Gambling Chip"},{"floor":43,"key":"Letter Opener"}],"event_choices":[{"damage_healed":11.0,"max_hp_gain":0.0,"max_hp_loss":0.0,"gold_gain":0.0,"event_name":"Wheel of Change","player_choice":"Full Heal","floor":2.0,"gold_loss":0.0,"damage_taken":0.0},{"damage_healed":0.0,"max_hp_gain":0.0,"max_hp_loss":0.0,"gold_gain":0.0,"event_name":"Shining Light","player_choice":"Entered Light","floor":10.0,"gold_loss":0.0,"damage_taken":20.0,"cards_upgraded":["Defend_G","Eviscerate"]},{"damage_healed":0.0,"max_hp_gain":0.0,"max_hp_loss":6.0,"gold_gain":0.0,"event_name":"Golden Idol","player_choice":"Lose Max HP","floor":13.0,"gold_loss":0.0,"damage_taken":0.0,"relics_obtained":["Golden Idol"]},{"damage_healed":0.0,"max_hp_gain":0.0,"max_hp_loss":0.0,"gold_gain":0.0,"event_name":"Mushrooms","player_choice":"Fought Mushrooms","floor":14.0,"gold_loss":0.0,"damage_taken":0.0},{"damage_healed":0.0,"max_hp_gain":0.0,"max_hp_loss":0.0,"gold_gain":0.0,"event_name":"Match and Keep!","player_choice":"2 cards matched","floor":19.0,"gold_loss":0.0,"damage_taken":0.0,"cards_obtained":["Doubt","Night Terror"]},{"damage_healed":12.0,"max_hp_gain":0.0,"max_hp_loss":0.0,"gold_gain":0.0,"event_name":"The Library","player_choice":"Heal","floor":21.0,"gold_loss":0.0,"damage_taken":0.0},{"damage_healed":0.0,"max_hp_gain":0.0,"max_hp_loss":0.0,"gold_gain":0.0,"event_name":"Addict","player_choice":"Obtained Relic","floor":22.0,"gold_loss":85.0,"damage_taken":0.0,"relics_obtained":["Darkstone Periapt"]},{"cards_removed":["Doubt"],"damage_healed":0.0,"max_hp_gain":0.0,"max_hp_loss":0.0,"gold_gain":0.0,"event_name":"Back to Basics","player_choice":"Elegance","floor":30.0,"gold_loss":0.0,"damage_taken":0.0},{"damage_healed":0,"gold_gain":0,"player_choice":"Memory 1","damage_taken":0,"max_hp_gain":0,"max_hp_loss":0,"event_name":"SensoryStone","floor":36,"gold_loss":0},{"damage_healed":0,"gold_gain":0,"player_choice":"Fight","damage_taken":0,"max_hp_gain":0,"max_hp_loss":0,"event_name":"Mysterious Sphere","floor":37,"gold_loss":0},{"damage_healed":0,"gold_gain":0,"player_choice":"Fight","damage_taken":0,"max_hp_gain":0,"max_hp_loss":0,"event_name":"MindBloom","floor":42,"gold_loss":0},{"damage_healed":0,"gold_gain":0,"player_choice":"Max HP","damage_taken":0,"max_hp_gain":0,"max_hp_loss":4,"event_name":"Winding Halls","floor":47,"gold_loss":0}],"is_beta":false,"boss_relics":[{"not_picked":["Black Star","Sozu"],"picked":"Fusion Hammer"},{"not_picked":["Coffee Dripper","Busted Crown"],"picked":"Astrolabe"}],"items_purged_floors":[39,53],"is_endless":false,"potions_floor_spawned":[1,3,11,16,31,33,37,45],"killed_by":"Shield and Spear","ascension_level":18}