{"gold_per_floor":[109,109,123,123,123,158,158,158,209,242,254],"floor_reached":11,"playtime":577,"items_purged":[],"score":85,"play_id":"4d1eb4ab-7ad2-4736-8f80-d2f020635536","local_time":"20190510150457","is_ascension_mode":true,"campfire_choices":[{"data":"Shrug It Off","floor":7,"key":"SMITH"}],"neow_cost":"NONE","seed_source_timestamp":1904789618411300,"circlet_count":0,"master_deck":["Strike_R","Strike_R","Strike_R","Strike_R","Defend_R","Defend_R+1","Defend_R+1","Defend_R","Bash","Finesse","Shrug It Off+1","Heavy Blade","Pommel Strike","Injury","Heavy Blade"],"relics":["Burning Blood","Frozen Egg 2","Matryoshka","Golden Idol","Self Forming Clay","MawBank"],"potions_floor_usage":[11,11],"damage_taken":[{"damage":11,"enemies":"Jaw Worm","floor":1,"turns":5},{"damage":0,"enemies":"Cultist","floor":3,"turns":4},{"damage":46,"enemies":"3 Sentries","floor":6,"turns":21},{"damage":0,"enemies":"2 Louse","floor":10,"turns":3},{"damage":33,"enemies":"Lagavulin","floor":11,"turns":6}],"seed_played":"-3965103867236730837","potions_obtained":[{"floor":6,"key":"AttackPotion"},{"floor":10,"key":"Block Potion"}],"is_trial":false,"path_per_floor":["M","?","M","?","?","E","R","?","T","M","E"],"character_chosen":"IRONCLAD","items_purchased":[],"campfire_rested":0,"item_purchase_floors":[],"current_hp_per_floor":[75,75,80,68,52,12,12,12,12,18,0],"gold":254,"neow_bonus":"RANDOM_COLORLESS","is_prod":false,"is_daily":false,"chose_seed":false,"campfire_upgraded":1,"win_rate":0,"timestamp":1557518697,"path_taken":["M","?","?","?","?","E","R","?","T","M","E"],"build_version":"2019-01-23","purchased_purges":0,"victory":false,"max_hp_per_floor":[80,80,80,80,80,80,80,80,80,80,80],"card_choices":[{"not_picked":["Body Slam","Havoc"],"picked":"Shrug It Off","floor":1},{"not_picked":["Dark Embrace","Clash"],"picked":"Heavy Blade","floor":3},{"not_picked":["Heavy Blade","Armaments"],"picked":"Pommel Strike","floor":6},{"not_picked":["Sword Boomerang","Pummel"],"picked":"Heavy Blade","floor":10}],"player_experience":163314,"relics_obtained":[{"floor":6,"key":"Matryoshka"},{"floor":9,"key":"Self Forming Clay"},{"floor":9,"key":"MawBank"}],"event_choices":[{"cards_removed":["Strike_R"],"damage_healed":0,"gold_gain":0,"player_choice":"Purged","damage_taken":0,"max_hp_gain":0,"max_hp_loss":0,"event_name":"Purifier","floor":2,"gold_loss":0},{"damage_healed":0,"gold_gain":0,"player_choice":"Success","damage_taken":12,"relics_obtained":["Frozen Egg 2"],"max_hp_gain":0,"max_hp_loss":0,"event_name":"Scrap Ooze","floor":4,"gold_loss":0},{"damage_healed":0,"gold_gain":0,"player_choice":"Entered Light","damage_taken":16,"max_hp_gain":0,"max_hp_loss":0,"event_name":"Shining Light","floor":5,"gold_loss":0,"cards_upgraded":["Defend_R","Defend_R"]},{"damage_healed":0,"gold_gain":0,"player_choice":"Take Wound","damage_taken":0,"relics_obtained":["Golden Idol"],"max_hp_gain":0,"max_hp_loss":0,"event_name":"Golden Idol","floor":8,"gold_loss":0,"cards_obtained":["Injury"]}],"is_beta":false,"boss_relics":[],"items_purged_floors":[],"is_endless":false,"potions_floor_spawned":[6,10],"killed_by":"Lagavulin","ascension_level":4}