{"gold_per_floor":[115,115,33,52,12,45,59,84,84,84,103,103,115,140,140,237,237,249,174,274,274,101,134,134,144,144,144,84,115,115,148,148,245,245,256,272,108,127,142,142,156,167,192,192,72,72,147,172,172,172,172,172,19,51,51],"floor_reached":55,"playtime":3840,"items_purged":["Pain","Decay","Normality","Injury"],"score":908,"play_id":"ce6c027a-0b8c-4ad7-8316-d740ab9f08b6","local_time":"20190525000530","is_ascension_mode":true,"campfire_choices":[{"floor":10.0,"key":"REST"},{"data":"Noxious Fumes","floor":12.0,"key":"SMITH"},{"floor":15.0,"key":"REST"},{"floor":24.0,"key":"REST"},{"floor":27.0,"key":"REST"},{"data":"Neutralize","floor":30.0,"key":"SMITH"},{"data":"Corpse Explosion","floor":32.0,"key":"SMITH"},{"floor":40.0,"key":"REST"},{"floor":44.0,"key":"RECALL"},{"data":"Footwork","floor":46.0,"key":"SMITH"},{"data":"After Image","floor":49.0,"key":"SMITH"},{"data":"Bouncing Flask","floor":52.0,"key":"SMITH"}],"neow_cost":"NONE","seed_source_timestamp":462250471688000,"circlet_count":0,"master_deck":["Defend_G+1","Defend_G","Defend_G","Defend_G","Defend_G","Strike_G+1","Strike_G","Strike_G","Strike_G","Strike_G","Survivor+1","Neutralize+1","Endless Agony+1","Well Laid Plans","Poisoned Stab","Noxious Fumes+1","Deflect+1","Dodge and Roll","Noxious Fumes","Backflip","Corpse Explosion+1","Calculated Gamble+1","Noxious Fumes","Backflip","Dash","Poisoned Stab+1","Grand Finale","Blur","Acrobatics+1","Footwork+1","Eviscerate+1","Backstab+1","Parasite","Bouncing Flask+1","After Image+1","Sucker Punch+1"],"special_seed":0,"relics":["Ring of the Snake","Ancient Tea Set","Pocketwatch","Bottled Tornado","Strawberry","Calling Bell","War Paint","Darkstone Periapt","Turnip","Gambling Chip","Meat on the Bone","Kunai","The Courier","PreservedInsect","Happy Flower","Snecko Eye","Pantograph","Whetstone","Bronze Scales"],"potions_floor_usage":[],"damage_taken":[{"damage":3.0,"enemies":"Jaw Worm","floor":1.0,"turns":5.0},{"damage":0.0,"enemies":"Cultist","floor":4.0,"turns":5.0},{"damage":22.0,"enemies":"3 Sentries","floor":6.0,"turns":7.0},{"damage":0.0,"enemies":"Small Slimes","floor":7.0,"turns":4.0},{"damage":16.0,"enemies":"Lagavulin","floor":8.0,"turns":7.0},{"damage":7.0,"enemies":"2 Fungi Beasts","floor":11.0,"turns":4.0},{"damage":15.0,"enemies":"Gremlin Gang","floor":13.0,"turns":5.0},{"damage":10.0,"enemies":"3 Sentries","floor":14.0,"turns":6.0},{"damage":10.0,"enemies":"Hexaghost","floor":16.0,"turns":9.0},{"damage":8.0,"enemies":"Shell Parasite","floor":18.0,"turns":6.0},{"damage":42.0,"enemies":"Colosseum Slavers","floor":20.0,"turns":4.0},{"damage":17.0,"enemies":"Colosseum Nobs","floor":20.0,"turns":4.0},{"damage":9.0,"enemies":"Slavers","floor":23.0,"turns":3.0},{"damage":3.0,"enemies":"Spheric Guardian","floor":25.0,"turns":6.0},{"damage":25.0,"enemies":"Gremlin Leader","floor":29.0,"turns":7.0},{"damage":17.0,"enemies":"Book of Stabbing","floor":31.0,"turns":6.0},{"damage":14.0,"enemies":"Automaton","floor":33.0,"turns":9.0},{"damage":10.0,"enemies":"3 Shapes","floor":35.0,"turns":4.0},{"damage":47.0,"enemies":"Orb Walker","floor":36.0,"turns":5.0},{"damage":6.0,"enemies":"3 Darklings","floor":38.0,"turns":3.0},{"damage":14.0,"enemies":"4 Shapes","floor":39.0,"turns":3.0},{"damage":2.0,"enemies":"Sphere and 2 Shapes","floor":41.0,"turns":4.0},{"damage":0.0,"enemies":"Writhing Mass","floor":42.0,"turns":5.0},{"damage":39.0,"enemies":"Giant Head","floor":48.0,"turns":7.0},{"damage":81.0,"enemies":"Awakened One","floor":50.0,"turns":18.0},{"damage":51.0,"enemies":"Shield and Spear","floor":54.0,"turns":3.0},{"damage":82,"enemies":"The Heart","floor":55,"turns":8}],"seed_played":"-3514093470150954198","potions_obtained":[{"floor":1.0,"key":"Energy Potion"},{"floor":4.0,"key":"Poison Potion"},{"floor":7.0,"key":"Block Potion"},{"floor":14.0,"key":"SpeedPotion"},{"floor":16.0,"key":"SkillPotion"},{"floor":18.0,"key":"Strength Potion"},{"floor":20.0,"key":"Energy Potion"},{"floor":23.0,"key":"EssenceOfSteel"},{"floor":39.0,"key":"PowerPotion"},{"floor":41.0,"key":"SpeedPotion"},{"floor":42.0,"key":"Regen Potion"},{"floor":48.0,"key":"SkillPotion"}],"is_trial":false,"path_per_floor":["M","?","$","M","$","E","M","E","T","R","M","R","M","E","R","B",null,"M","$","?","?","$","E","R","M","T","R","?","E","R","E","R","B",null,"M","M","$","M","M","R","M","M","T","R","$","R","?","E","R","B",null,"R","$","E","B"],"character_chosen":"THE_SILENT","items_purchased":["Well Laid Plans","Noxious Fumes","Backflip","SkillPotion","Footwork","Whetstone","AttackPotion"],"campfire_rested":5,"item_purchase_floors":[3,5,22,22,37,53,53],"current_hp_per_floor":[67,67,67,67,67,45,45,29,29,50,43,43,28,25,48,38,77,69,69,10,10,10,13,36,45,45,68,80,55,55,50,50,48,89,79,44,44,50,48,74,72,78,78,78,78,78,69,57,57,13,95,95,95,56,0],"gold":51,"neow_bonus":"UPGRADE_CARD","is_prod":false,"is_daily":false,"chose_seed":false,"campfire_upgraded":6,"win_rate":0,"timestamp":1558760730,"path_taken":["M","?","?","?","$","E","M","E","T","R","M","R","M","E","R","BOSS","M","$","?","?","$","E","R","M","T","R","?","E","R","E","R","BOSS","M","?","$","M","M","R","?","M","T","R","$","R","?","E","R","BOSS","R","$","E","BOSS"],"build_version":"2019-01-23","purchased_purges":4,"victory":false,"max_hp_per_floor":[70,70,70,70,70,70,70,70,70,70,70,70,70,77,77,77,77,77,77,77,77,77,77,77,77,77,77,89,89,89,89,89,89,89,89,89,89,89,89,89,89,95,95,95,95,95,95,95,95,95,95,95,95,95,95],"card_choices":[{"not_picked":["Sucker Punch","Caltrops"],"picked":"Endless Agony","floor":1.0},{"not_picked":["Leg Sweep","Skewer"],"picked":"Poisoned Stab","floor":4.0},{"not_picked":["Underhanded Strike","All Out Attack","Masterful Stab"],"picked":"SKIP","floor":6.0},{"not_picked":["Calculated Gamble","Bane"],"picked":"Deflect","floor":7.0},{"not_picked":["Cloak And Dagger","Outmaneuver"],"picked":"Dodge and Roll","floor":8.0},{"not_picked":["Reflex","Underhanded Strike"],"picked":"Noxious Fumes","floor":11.0},{"not_picked":["Underhanded Strike","Expertise","Flying Knee"],"picked":"SKIP","floor":13.0},{"not_picked":["Cloak And Dagger","Finisher"],"picked":"Backflip","floor":14.0},{"not_picked":["Unload","Storm of Steel"],"picked":"Corpse Explosion","floor":16.0},{"not_picked":["Deadly Poison","PiercingWail"],"picked":"Calculated Gamble+1","floor":18.0},{"not_picked":["Dodge and Roll","Reflex"],"picked":"Noxious Fumes","floor":20.0},{"not_picked":["Night Terror","Flying Knee"],"picked":"Dash","floor":23.0},{"not_picked":["Quick Slash","Backflip","Outmaneuver"],"picked":"SKIP","floor":25.0},{"not_picked":["PiercingWail","Quick Slash","Tools of the Trade"],"picked":"SKIP","floor":29.0},{"not_picked":["Riddle With Holes","Tactician"],"picked":"Poisoned Stab+1","floor":31.0},{"not_picked":["Glass Knife","Doppelganger"],"picked":"Grand Finale","floor":33.0},{"not_picked":["Reflex","Slice"],"picked":"Blur","floor":35.0},{"not_picked":["Dagger Spray+1","Dagger Throw"],"picked":"Acrobatics+1","floor":36.0},{"not_picked":["Well Laid Plans","Concentrate+1"],"picked":"Eviscerate+1","floor":38.0},{"not_picked":["Cloak And Dagger","Prepared+1","Deadly Poison+1"],"picked":"SKIP","floor":39.0},{"not_picked":["Backflip+1","Choke"],"picked":"Backstab+1","floor":41.0},{"not_picked":["Accuracy","Dagger Spray+1"],"picked":"Bouncing Flask","floor":42.0},{"not_picked":["Bane","Dagger Throw+1"],"picked":"After Image","floor":48.0},{"not_picked":["Slice","Deadly Poison+1"],"picked":"Sucker Punch+1","floor":54.0}],"player_experience":245006,"relics_obtained":[{"floor":6.0,"key":"Ancient Tea Set"},{"floor":8.0,"key":"Pocketwatch"},{"floor":9.0,"key":"Bottled Tornado"},{"floor":14.0,"key":"Strawberry"},{"floor":17.0,"key":"War Paint"},{"floor":17.0,"key":"Darkstone Periapt"},{"floor":17.0,"key":"Turnip"},{"floor":20.0,"key":"Gambling Chip"},{"floor":20.0,"key":"Meat on the Bone"},{"floor":23.0,"key":"Kunai"},{"floor":26.0,"key":"The Courier"},{"floor":29.0,"key":"PreservedInsect"},{"floor":31.0,"key":"Happy Flower"},{"floor":48.0,"key":"Pantograph"},{"floor":54.0,"key":"Bronze Scales"}],"event_choices":[{"damage_healed":0.0,"max_hp_gain":0.0,"max_hp_loss":0.0,"gold_gain":0.0,"event_name":"Wheel of Change","player_choice":"Cursed","floor":2.0,"gold_loss":0.0,"damage_taken":0.0,"cards_obtained":["Decay"]},{"damage_healed":0.0,"max_hp_gain":0.0,"max_hp_loss":0.0,"gold_gain":0.0,"event_name":"Colosseum","player_choice":"Fight","floor":20.0,"gold_loss":0.0,"damage_taken":0.0},{"damage_healed":0.0,"max_hp_gain":0.0,"max_hp_loss":0.0,"gold_gain":0.0,"event_name":"Colosseum","player_choice":"Fought Nobs","floor":20.0,"gold_loss":0.0,"damage_taken":0.0},{"damage_healed":0.0,"max_hp_gain":0.0,"max_hp_loss":0.0,"gold_gain":0.0,"event_name":"Vampires","player_choice":"Ignored","floor":21.0,"gold_loss":0.0,"damage_taken":0.0},{"damage_healed":0.0,"max_hp_gain":0.0,"max_hp_loss":0.0,"gold_gain":0.0,"cards_transformed":["Decay","Normality"],"event_name":"Designer","player_choice":"Transformed Cards","floor":28.0,"gold_loss":60.0,"damage_taken":0.0,"cards_obtained":["Normality","Injury"]},{"damage_healed":0.0,"max_hp_gain":0.0,"max_hp_loss":0.0,"gold_gain":75.0,"event_name":"FaceTrader","player_choice":"Touch","floor":47.0,"gold_loss":0.0,"damage_taken":9.0}],"is_beta":false,"boss_relics":[{"not_picked":["Orrery","Runic Dome"],"picked":"Calling Bell"},{"not_picked":["Busted Crown","Cursed Key"],"picked":"Snecko Eye"}],"items_purged_floors":[19,22,37,45],"is_endless":false,"potions_floor_spawned":[1,4,7,14,16,18,20,23,39,41,42,48],"killed_by":"The Heart","ascension_level":3}