{"gold_per_floor":[119,11,11,23,38,65,65,83,109,69,88,7,17,43,43,148,198,214,227,227,72,88,116,132,151,196,225,244,244,244,275,275,275],"floor_reached":33,"playtime":2609,"items_purged":["Strike_G"],"score":344,"play_id":"0fab4a46-fd91-4a73-ac1d-f687874ab7e3","local_time":"20190428192348","is_ascension_mode":false,"campfire_choices":[{"data":"Dagger Spray","floor":7,"key":"SMITH"},{"data":"Infinite Blades","floor":15,"key":"SMITH"},{"floor":30,"key":"REST"},{"floor":32,"key":"REST"}],"neow_cost":"NONE","seed_source_timestamp":881320518101100,"circlet_count":0,"master_deck":["Defend_G","Defend_G+1","Defend_G","Defend_G+1","Defend_G","Strike_G","Strike_G","Strike_G","Strike_G","Survivor","Neutralize","Cloak And Dagger","Dagger Spray+1","Noxious Fumes","Finesse","Endless Agony","Cloak And Dagger","Footwork","Infinite Blades+1","Dodge and Roll","Die Die Die","Unload+1","PiercingWail","Infinite Blades","Dodge and Roll","Backstab+1","Backflip","Well Laid Plans","Cloak And Dagger+1"],"relics":["Ring of the Snake","Lantern","Vajra","Omamori","Tiny House","Bag of Preparation","War Paint","Strawberry","Nloth\u0027s Gift","Paper Crane"],"potions_floor_usage":[14,14,16,16,16,16,23,23,24,25,28,33],"damage_taken":[{"damage":0,"enemies":"Small Slimes","floor":1,"turns":3},{"damage":0,"enemies":"Cultist","floor":4,"turns":4},{"damage":0,"enemies":"Jaw Worm","floor":5,"turns":4},{"damage":12,"enemies":"3 Sentries","floor":6,"turns":7},{"damage":0,"enemies":"Lots of Slimes","floor":8,"turns":1},{"damage":0,"enemies":"Gremlin Gang","floor":11,"turns":2},{"damage":0,"enemies":"Large Slime","floor":13,"turns":4},{"damage":0,"enemies":"Lagavulin","floor":14,"turns":7},{"damage":9,"enemies":"Hexaghost","floor":16,"turns":8},{"damage":9,"enemies":"2 Thieves","floor":18,"turns":3},{"damage":9,"enemies":"Spheric Guardian","floor":19,"turns":4},{"damage":4,"enemies":"Centurion and Healer","floor":22,"turns":8},{"damage":12,"enemies":"Book of Stabbing","floor":23,"turns":6},{"damage":0,"enemies":"Chosen and Byrds","floor":24,"turns":5},{"damage":13,"enemies":"Snake Plant","floor":25,"turns":6},{"damage":8,"enemies":"Slavers","floor":27,"turns":5},{"damage":16,"enemies":"Centurion and Healer","floor":28,"turns":5},{"damage":28,"enemies":"Book of Stabbing","floor":31,"turns":8},{"damage":35,"enemies":"Automaton","floor":33,"turns":6}],"seed_played":"-1834315823923630868","potions_obtained":[{"floor":4,"key":"GhostInAJar"},{"floor":8,"key":"EssenceOfSteel"},{"floor":11,"key":"Ancient Potion"},{"floor":13,"key":"EntropicBrew"},{"floor":14,"key":"Ancient Potion"},{"floor":17,"key":"GhostInAJar"},{"floor":20,"key":"Block Potion"},{"floor":22,"key":"Fire Potion"},{"floor":23,"key":"SkillPotion"},{"floor":27,"key":"Fire Potion"},{"floor":31,"key":"Dexterity Potion"}],"is_trial":false,"path_per_floor":["M","$","?","M","M","E","R","M","T","$","M","$","M","E","R","B",null,"M","M","?","$","M","E","M","M","T","E","M","?","R","E","R","B"],"character_chosen":"THE_SILENT","items_purchased":["Noxious Fumes","Footwork","Infinite Blades","Bag of Preparation"],"campfire_rested":2,"item_purchase_floors":[2,10,12,21],"current_hp_per_floor":[70,70,70,70,70,58,58,58,58,58,58,58,58,58,58,49,75,66,57,57,57,53,41,41,28,35,27,11,11,35,7,31,0],"gold":275,"neow_bonus":"THREE_CARDS","is_prod":false,"is_daily":false,"chose_seed":false,"campfire_upgraded":2,"win_rate":0.0,"timestamp":1556497428,"path_taken":["M","$","?","?","M","E","R","M","T","$","M","$","M","E","R","BOSS","M","M","?","$","?","E","M","?","T","E","M","?","R","E","R","BOSS"],"build_version":"2019-01-23","purchased_purges":1,"victory":false,"max_hp_per_floor":[70,70,70,70,70,70,70,70,70,70,70,70,70,70,70,70,75,75,75,75,75,75,75,75,75,82,82,82,82,82,82,82,82],"card_choices":[{"not_picked":["Prepared","Quick Slash"],"picked":"Cloak And Dagger","floor":0},{"not_picked":["Outmaneuver","Predator"],"picked":"Dagger Spray","floor":1},{"not_picked":["Reflex","Poisoned Stab"],"picked":"Endless Agony","floor":4},{"not_picked":["Finisher","Poisoned Stab"],"picked":"Cloak And Dagger","floor":5},{"not_picked":["Prepared","Distraction","Masterful Stab"],"picked":"SKIP","floor":6},{"not_picked":["Masterful Stab","Deflect","Flying Knee"],"picked":"SKIP","floor":8},{"not_picked":["Quick Slash","Riddle With Holes","Poisoned Stab"],"picked":"SKIP","floor":11},{"not_picked":["Underhanded Strike","Crippling Poison"],"picked":"Dodge and Roll","floor":13},{"not_picked":["Prepared","Crippling Poison"],"picked":"Die Die Die","floor":14},{"not_picked":["Doppelganger","Bullet Time"],"picked":"Unload","floor":16},{"not_picked":["Slice","Deflect"],"picked":"PiercingWail","floor":17},{"not_picked":["Poisoned Stab","Outmaneuver"],"picked":"Infinite Blades","floor":18},{"not_picked":["Caltrops+1","Heel Hook+1"],"picked":"Dodge and Roll","floor":19},{"not_picked":["Crippling Poison","Leg Sweep"],"picked":"Backstab+1","floor":22},{"not_picked":["Eviscerate+1","Storm of Steel","Quick Slash"],"picked":"SKIP","floor":23},{"not_picked":["Poisoned Stab","All Out Attack"],"picked":"Backflip","floor":24},{"not_picked":["All Out Attack","Deflect","Sucker Punch+1"],"picked":"SKIP","floor":25},{"not_picked":["Blade Dance","Quick Slash"],"picked":"Well Laid Plans","floor":27},{"not_picked":["Catalyst","Dagger Throw","Acrobatics"],"picked":"SKIP","floor":28},{"not_picked":["Blade Dance","Underhanded Strike"],"picked":"Cloak And Dagger+1","floor":31}],"player_experience":37837,"relics_obtained":[{"floor":6,"key":"Lantern"},{"floor":9,"key":"Vajra"},{"floor":14,"key":"Omamori"},{"floor":23,"key":"War Paint"},{"floor":26,"key":"Strawberry"},{"floor":27,"key":"Sundial"},{"floor":31,"key":"Paper Crane"}],"event_choices":[{"damage_healed":0,"gold_gain":0,"player_choice":"1 cards matched","damage_taken":0,"max_hp_gain":0,"max_hp_loss":0,"event_name":"Match and Keep!","floor":3,"gold_loss":0,"cards_obtained":["Finesse"]},{"damage_healed":0,"gold_gain":0,"player_choice":"Got Potions","damage_taken":0,"max_hp_gain":0,"max_hp_loss":0,"event_name":"Lab","floor":20,"gold_loss":0},{"damage_healed":0,"gold_gain":0,"player_choice":"Traded Relic","damage_taken":0,"relics_obtained":["Nloth\u0027s Gift"],"max_hp_gain":0,"max_hp_loss":0,"event_name":"N\u0027loth","floor":29,"relics_lost":["Sundial"],"gold_loss":0}],"is_beta":false,"boss_relics":[{"not_picked":["Snecko Eye","Orrery"],"picked":"Tiny House"}],"items_purged_floors":[2],"is_endless":false,"potions_floor_spawned":[4,8,11,13,14,22,23,27,31],"killed_by":"Automaton","ascension_level":0}