{"gold_per_floor":[112,122,197,207,207,207,220,251,251,233,233,266,191,209,209,288,288,306,231,74,90,106,136,136,149,222,222,255,255,255,281,281,356,356,373,204,218,237,0,0,32,32,84,84,184,200,200,200],"floor_reached":48,"playtime":3902,"items_purged":["Strike_B"],"score":949,"play_id":"46fab3ba-e8a1-43a3-81e3-995e44cc9503","local_time":"20181123200827","is_ascension_mode":true,"campfire_choices":[{"data":"Defragment","floor":6.0,"key":"SMITH"},{"floor":11.0,"key":"REST"},{"data":"Zap","floor":15.0,"key":"SMITH"},{"floor":24,"key":"REST"},{"floor":27,"key":"REST"},{"floor":29,"key":"REST"},{"floor":32,"key":"REST"},{"floor":40,"key":"REST"},{"floor":42,"key":"REST"},{"floor":44,"key":"REST"},{"floor":47,"key":"REST"}],"neow_cost":"NONE","seed_source_timestamp":0,"circlet_count":0,"master_deck":["AscendersBane","Defend_B","Defend_B","Defend_B+1","Defend_B","Zap+1","Dualcast","Ball Lightning","Defragment+1","BootSequence+1","Glacier","Echo Form","Aggregate+1","Tempest+1","Capacitor+1","White Noise+1","Thunder Strike","Dark Shackles","Reinforced Body","Parasite","Consume"],"special_seed":0,"relics":["Cracked Core","StoneCalendar","Singing Bowl","Bottled Lightning","Fusion Hammer","Anchor","Bottled Flame","Letter Opener","Orichalcum","Bag of Preparation","Inserter","Red Mask","Darkstone Periapt","War Paint","Shovel"],"potions_floor_usage":[],"damage_taken":[{"damage":1.0,"enemies":"Cultist","floor":1.0,"turns":3.0},{"damage":12.0,"enemies":"Jaw Worm","floor":2.0,"turns":3.0},{"damage":0.0,"enemies":"2 Louse","floor":4.0,"turns":2.0},{"damage":0.0,"enemies":"Blue Slaver","floor":7.0,"turns":2.0},{"damage":20.0,"enemies":"Lagavulin","floor":8.0,"turns":6.0},{"damage":3.0,"enemies":"Exordium Thugs","floor":10.0,"turns":4.0},{"damage":5.0,"enemies":"3 Sentries","floor":12.0,"turns":7.0},{"damage":0.0,"enemies":"3 Louse","floor":14.0,"turns":4.0},{"damage":24.0,"enemies":"The Guardian","floor":16.0,"turns":13.0},{"damage":0.0,"enemies":"Spheric Guardian","floor":18.0,"turns":4.0},{"damage":11,"enemies":"Shell Parasite","floor":21,"turns":7},{"damage":0,"enemies":"Centurion and Healer","floor":22,"turns":9},{"damage":24,"enemies":"Gremlin Leader","floor":23,"turns":11},{"damage":6,"enemies":"Cultist and Chosen","floor":25,"turns":7},{"damage":11,"enemies":"Book of Stabbing","floor":28,"turns":3},{"damage":74,"enemies":"Slavers","floor":31,"turns":5},{"damage":24,"enemies":"Champ","floor":33,"turns":11},{"damage":5,"enemies":"Orb Walker","floor":35,"turns":4},{"damage":33,"enemies":"3 Shapes","floor":37,"turns":3},{"damage":30,"enemies":"Writhing Mass","floor":38,"turns":6},{"damage":39,"enemies":"Nemesis","floor":41,"turns":7},{"damage":17,"enemies":"Mind Bloom Boss Battle","floor":45,"turns":6},{"damage":36,"enemies":"3 Darklings","floor":46,"turns":4},{"damage":48,"enemies":"4 Shapes","floor":48,"turns":3}],"seed_played":"38533501690003199","potions_obtained":[{"floor":4.0,"key":"GamblersBrew"},{"floor":10.0,"key":"FairyPotion"},{"floor":16.0,"key":"FairyPotion"},{"floor":41,"key":"SteroidPotion"},{"floor":45,"key":"FocusPotion"}],"is_trial":false,"path_per_floor":["M","M","?","M","$","R","M","E","T","M","R","E","?","M","R","B",null,"M","?","$","M","M","E","R","M","T","R","E","R","?","E","R","B",null,"M","$","M","M","?","R","E","R","T","R","?","M","R","M"],"character_chosen":"DEFECT","items_purchased":["Anchor","Dark Shackles"],"campfire_rested":9,"item_purchase_floors":[20,36],"current_hp_per_floor":[63,51,40,40,40,40,40,20,20,19,40,37,37,39,39,15,62,62,62,62,53,55,31,55,51,51,75,64,83,83,9,33,9,65,62,62,29,10,10,36,6,32,32,58,43,9,36,0],"gold":200,"neow_bonus":"REMOVE_CARD","is_prod":false,"is_daily":false,"chose_seed":false,"campfire_upgraded":2,"win_rate":0,"timestamp":1542992907,"path_taken":["M","M","?","M","$","R","M","E","T","M","R","E","?","M","R","BOSS","M","?","$","M","M","E","R","M","T","R","E","R","?","E","R","BOSS","M","$","M","M","?","R","E","R","T","R","?","M","R","M"],"build_version":"2018-11-15","purchased_purges":1,"victory":false,"max_hp_per_floor":[71,71,71,71,71,71,71,71,71,73,73,75,75,77,77,77,77,77,77,77,79,81,81,81,83,83,83,83,83,83,83,83,83,83,85,85,85,87,87,87,87,87,87,87,89,91,91,91],"card_choices":[{"not_picked":["Go for the Eyes","Melter"],"picked":"Ball Lightning","floor":1.0},{"not_picked":["Tempest","Turbo"],"picked":"Defragment","floor":2.0},{"not_picked":["Streamline","Turbo"],"picked":"BootSequence","floor":4.0},{"not_picked":["Tempest","Barrage","Sweeping Beam"],"picked":"SKIP","floor":7.0},{"not_picked":["Compile Driver","Streamline"],"picked":"Glacier","floor":8.0},{"not_picked":["Turbo","Core Surge","Sweeping Beam"],"picked":"Singing Bowl","floor":10.0},{"not_picked":["Hologram","Steam","Beam Cell"],"picked":"Singing Bowl","floor":12.0},{"not_picked":["Leap","Streamline","Genetic Algorithm"],"picked":"Singing Bowl","floor":14.0},{"not_picked":["Hyperbeam","Fission"],"picked":"Echo Form","floor":16.0},{"not_picked":["Go for the Eyes","Beam Cell"],"picked":"Aggregate+1","floor":18.0},{"not_picked":["Sweeping Beam","Stack","Double Energy"],"picked":"Singing Bowl","floor":21},{"not_picked":["Cold Snap","Hologram","Aggregate"],"picked":"Singing Bowl","floor":22},{"not_picked":["Force Field","Sweeping Beam"],"picked":"Tempest+1","floor":23},{"not_picked":["Steam Power","Reprogram","Stack"],"picked":"Singing Bowl","floor":25},{"not_picked":["Chaos","Electrodynamics"],"picked":"Capacitor+1","floor":28},{"not_picked":["Echo Form","Coolheaded"],"picked":"White Noise+1","floor":31},{"not_picked":["Biased Cognition","Meteor Strike"],"picked":"Thunder Strike","floor":33},{"not_picked":["Stack+1","Sweeping Beam","Scrape"],"picked":"Singing Bowl","floor":35},{"not_picked":["Genetic Algorithm","White Noise"],"picked":"Reinforced Body","floor":37},{"not_picked":["Conserve Battery","Steam","Gash"],"picked":"Singing Bowl","floor":38},{"not_picked":["Static Discharge+1","Seek"],"picked":"Consume","floor":41},{"not_picked":["Ball Lightning+1","Steam Power","Redo"],"picked":"Singing Bowl","floor":45},{"not_picked":["Barrage","Beam Cell+1","Recycle+1"],"picked":"Singing Bowl","floor":46}],"player_experience":736737,"relics_obtained":[{"floor":8.0,"key":"StoneCalendar"},{"floor":9.0,"key":"Singing Bowl"},{"floor":12.0,"key":"Bottled Lightning"},{"floor":23,"key":"Bottled Flame"},{"floor":26,"key":"Letter Opener"},{"floor":28,"key":"Orichalcum"},{"floor":31,"key":"Bag of Preparation"},{"floor":41,"key":"Darkstone Periapt"},{"floor":43,"key":"War Paint"},{"floor":45,"key":"Shovel"}],"event_choices":[{"damage_healed":0.0,"max_hp_gain":0.0,"max_hp_loss":0.0,"gold_gain":75.0,"event_name":"World of Goop","player_choice":"Gather Gold","floor":3.0,"gold_loss":0.0,"damage_taken":11.0},{"cards_removed":["Strike_B"],"damage_healed":0.0,"max_hp_gain":0.0,"max_hp_loss":0.0,"gold_gain":0.0,"event_name":"The Cleric","player_choice":"Card Removal","floor":13.0,"gold_loss":75.0,"damage_taken":0.0},{"cards_removed":["Strike_B"],"damage_healed":0.0,"max_hp_gain":0.0,"max_hp_loss":0.0,"gold_gain":0.0,"event_name":"Beggar","player_choice":"Gave Gold","floor":19.0,"gold_loss":75.0,"damage_taken":0.0},{"damage_healed":0,"gold_gain":0,"player_choice":"Ignored","damage_taken":0,"max_hp_gain":0,"max_hp_loss":0,"event_name":"N\u0027loth","floor":30,"gold_loss":0},{"damage_healed":0,"gold_gain":0,"player_choice":"Paid","damage_taken":0,"relics_obtained":["Red Mask"],"max_hp_gain":0,"max_hp_loss":0,"event_name":"Tomb of Lord Red Mask","floor":39,"gold_loss":237},{"damage_healed":0,"gold_gain":0,"player_choice":"Fight","damage_taken":0,"max_hp_gain":0,"max_hp_loss":0,"event_name":"MindBloom","floor":45,"gold_loss":0}],"is_beta":false,"boss_relics":[{"not_picked":["Busted Crown","Snecko Eye"],"picked":"Fusion Hammer"},{"not_picked":["Orrery","Astrolabe"],"picked":"Inserter"}],"items_purged_floors":[36],"is_endless":false,"potions_floor_spawned":[4,10,14,16,21,23,28,41,45],"killed_by":"4 Shapes","ascension_level":15}