{"gold_per_floor":[112,130,143,155,166,166,182,182,209,209,221,240,252,268,268,268],"floor_reached":16,"playtime":932,"items_purged":[],"score":195,"play_id":"5c18bf40-a90e-4887-9a92-9fe455f8dea3","local_time":"20190321192317","is_ascension_mode":true,"campfire_choices":[{"floor":6,"key":"REST"},{"floor":10,"key":"REST"},{"floor":15,"key":"REST"}],"neow_cost":"PERCENT_DAMAGE","seed_source_timestamp":21102742229167,"circlet_count":0,"master_deck":["AscendersBane","Strike_B","Strike_B","Strike_B","Defend_B","Defend_B","Defend_B","Defend_B","Zap","Dualcast","Chill","Capacitor","Conserve Battery","Genetic Algorithm","Undo","Cold Snap","Defragment"],"relics":["Cracked Core","Unceasing Top","Lantern"],"potions_floor_usage":[11,12,16,16],"damage_taken":[{"damage":8,"enemies":"2 Louse","floor":1,"turns":3},{"damage":0,"enemies":"Cultist","floor":2,"turns":3},{"damage":10,"enemies":"Jaw Worm","floor":3,"turns":3},{"damage":13,"enemies":"Looter","floor":4,"turns":4},{"damage":11,"enemies":"Blue Slaver","floor":5,"turns":4},{"damage":7,"enemies":"3 Louse","floor":7,"turns":4},{"damage":9,"enemies":"Red Slaver","floor":11,"turns":3},{"damage":8,"enemies":"Large Slime","floor":12,"turns":7},{"damage":10,"enemies":"3 Louse","floor":13,"turns":5},{"damage":2,"enemies":"2 Fungi Beasts","floor":14,"turns":6},{"damage":33,"enemies":"Slime Boss","floor":16,"turns":8}],"seed_played":"3044350311172384883","potions_obtained":[{"floor":3,"key":"Poison Potion"},{"floor":4,"key":"Fire Potion"},{"floor":7,"key":"Fire Potion"},{"floor":12,"key":"Fire Potion"},{"floor":14,"key":"LiquidBronze"}],"is_trial":false,"path_per_floor":["M","M","M","M","M","R","M","?","T","R","M","M","M","M","R","B"],"character_chosen":"DEFECT","items_purchased":[],"campfire_rested":3,"item_purchase_floors":[],"current_hp_per_floor":[38,38,28,15,4,25,18,18,18,39,30,22,12,10,31,0],"gold":268,"neow_bonus":"ONE_RARE_RELIC","is_prod":false,"is_daily":false,"chose_seed":false,"campfire_upgraded":0,"win_rate":0,"timestamp":1553185397,"path_taken":["M","M","M","M","M","R","M","?","T","R","M","M","?","M","R","BOSS"],"build_version":"2019-01-23","purchased_purges":0,"victory":false,"max_hp_per_floor":[71,71,71,71,71,71,71,71,71,71,71,71,71,71,71,71],"card_choices":[{"not_picked":["Steam","Conserve Battery"],"picked":"Chill","floor":1},{"not_picked":["Reinforced Body","Tempest"],"picked":"Capacitor","floor":2},{"not_picked":["Chaos","Beam Cell","Reprogram"],"picked":"SKIP","floor":3},{"not_picked":["Sweeping Beam","Leap"],"picked":"Conserve Battery","floor":4},{"not_picked":["Rebound","Redo"],"picked":"Genetic Algorithm","floor":5},{"not_picked":["Sweeping Beam","Beam Cell","Heatsinks"],"picked":"SKIP","floor":7},{"not_picked":["Leap","Sweeping Beam","Turbo"],"picked":"SKIP","floor":11},{"not_picked":["All For One","Scrape"],"picked":"Undo","floor":12},{"not_picked":["Turbo","Steam"],"picked":"Cold Snap","floor":13},{"not_picked":["Sunder","Beam Cell"],"picked":"Defragment","floor":14}],"player_experience":1032610,"relics_obtained":[{"floor":9,"key":"Lantern"}],"event_choices":[{"cards_removed":["Strike_B"],"damage_healed":0,"gold_gain":0,"player_choice":"Offered Basic","damage_taken":0,"max_hp_gain":0,"max_hp_loss":0,"event_name":"Bonfire Elementals","floor":8,"gold_loss":0}],"is_beta":false,"boss_relics":[],"items_purged_floors":[],"is_endless":false,"potions_floor_spawned":[3,4,5,7,12,14],"killed_by":"Slime Boss","ascension_level":19}