{"gold_per_floor":[119,129,147,160,172,172,207,207,207,128,139,139,104,120,120,193,193,205,305,0,0,17,17,17,43,43,60,60,60,77,89,89,163,163,175,189,189,202,202,202,92,92,174,174,185,197,197,122,122,122],"floor_reached":51,"playtime":3757,"items_purged":["Strike_B"],"score":1152,"play_id":"2ab66189-3379-4b19-8309-85eb571d2dfd","local_time":"20181127051742","is_ascension_mode":true,"campfire_choices":[{"floor":6,"key":"REST"},{"data":"Defragment","floor":8,"key":"SMITH"},{"data":"Defragment","floor":12,"key":"SMITH"},{"data":"Capacitor","floor":15,"key":"SMITH"},{"floor":24,"key":"REST"},{"floor":29,"key":"REST"},{"data":"Blizzard","floor":32,"key":"SMITH"},{"data":"Capacitor","floor":40,"key":"SMITH"},{"data":"Defragment","floor":42,"key":"SMITH"},{"data":"Coolheaded","floor":44,"key":"SMITH"},{"data":"Chill","floor":47,"key":"SMITH"},{"floor":49,"key":"REST"}],"neow_cost":"PERCENT_DAMAGE","seed_source_timestamp":11456470082488,"circlet_count":0,"master_deck":["AscendersBane","Defend_B","Defend_B","Defend_B","Defend_B","Zap","Dualcast","Defragment+1","BootSequence","Coolheaded","Glacier","Blizzard+1","Defragment+1","Capacitor+1","Defragment+1","Electrodynamics","Coolheaded+1","White Noise","Capacitor+1","Chill+1","Barrage+1","Glacier+1"],"relics":["Cracked Core","Meat on the Bone","Question Card","Sozu","Turnip","Symbiotic Virus","Blood Vial","Boot","Prayer Wheel","Lizard Tail","Mummified Hand"],"potions_floor_usage":[7,11],"damage_taken":[{"damage":1,"enemies":"Cultist","floor":1,"turns":3},{"damage":1,"enemies":"Small Slimes","floor":2,"turns":4},{"damage":4,"enemies":"2 Louse","floor":3,"turns":2},{"damage":4,"enemies":"Red Slaver","floor":4,"turns":4},{"damage":3,"enemies":"Blue Slaver","floor":5,"turns":4},{"damage":21,"enemies":"Gremlin Nob","floor":7,"turns":5},{"damage":3,"enemies":"3 Louse","floor":11,"turns":2},{"damage":13,"enemies":"Exordium Thugs","floor":14,"turns":5},{"damage":7,"enemies":"Hexaghost","floor":16,"turns":16},{"damage":2,"enemies":"3 Byrds","floor":18,"turns":3},{"damage":22,"enemies":"Colosseum Slavers","floor":19,"turns":3},{"damage":31,"enemies":"Colosseum Nobs","floor":19,"turns":4},{"damage":0,"enemies":"2 Thieves","floor":22,"turns":4},{"damage":24,"enemies":"Book of Stabbing","floor":25,"turns":5},{"damage":8,"enemies":"Centurion and Healer","floor":27,"turns":5},{"damage":11,"enemies":"Snake Plant","floor":30,"turns":4},{"damage":6,"enemies":"Snecko","floor":31,"turns":6},{"damage":11,"enemies":"Champ","floor":33,"turns":32},{"damage":19,"enemies":"Orb Walker","floor":35,"turns":4},{"damage":6,"enemies":"3 Shapes","floor":36,"turns":2},{"damage":9,"enemies":"Sphere and 2 Shapes","floor":38,"turns":5},{"damage":16,"enemies":"Writhing Mass","floor":45,"turns":5},{"damage":4,"enemies":"3 Darklings","floor":46,"turns":5},{"damage":56,"enemies":"Awakened One","floor":50,"turns":20}],"seed_played":"-1902595745711916044","potions_obtained":[{"floor":1,"key":"Fire Potion"},{"floor":4,"key":"SneckoOil"},{"floor":5,"key":"Explosive Potion"},{"floor":11,"key":"Ancient Potion"}],"is_trial":false,"path_per_floor":["M","M","M","M","M","R","E","R","T","$","M","R","$","M","R","B",null,"M","?","?","?","M","?","R","E","T","M","?","R","M","M","R","B",null,"M","M","?","M","?","R","?","R","T","R","M","M","R","$","R","B",null],"character_chosen":"DEFECT","items_purchased":["Defragment","Capacitor"],"campfire_rested":4,"item_purchase_floors":[10,13],"current_hp_per_floor":[45,44,40,36,33,54,33,33,33,33,42,42,42,41,41,46,65,63,22,22,22,34,34,55,43,43,37,37,58,49,45,45,36,62,45,41,41,46,46,46,46,46,46,46,44,42,42,42,63,21],"gold":122,"neow_bonus":"REMOVE_TWO","is_prod":false,"is_daily":false,"chose_seed":false,"campfire_upgraded":8,"win_rate":0,"timestamp":1543285062,"path_taken":["M","?","M","M","M","R","E","R","T","?","?","R","?","M","R","BOSS","M","?","?","?","?","?","R","E","T","M","?","R","?","M","R","BOSS","M","M","?","?","?","R","?","R","T","R","M","M","R","$","R","BOSS"],"build_version":"2018-11-15","purchased_purges":1,"victory":true,"max_hp_per_floor":[71,71,71,71,71,71,71,71,71,71,71,71,71,71,71,71,71,71,71,71,71,71,71,71,71,71,71,71,71,71,71,71,71,71,71,71,71,71,71,71,71,71,71,71,71,71,71,71,71,71],"card_choices":[{"not_picked":["Skim","Gash"],"picked":"Defragment","floor":1},{"not_picked":["Reinforced Body","Ball Lightning"],"picked":"BootSequence","floor":2},{"not_picked":["Reprogram","Auto Shields"],"picked":"Coolheaded","floor":3},{"not_picked":["Sweeping Beam","Turbo","Gash"],"picked":"SKIP","floor":4},{"not_picked":["Conserve Battery","Force Field"],"picked":"Glacier","floor":5},{"not_picked":["Fusion","Conserve Battery"],"picked":"Blizzard","floor":7},{"not_picked":["Stack","Fusion","Gash","All For One"],"picked":"SKIP","floor":11},{"not_picked":["Sweeping Beam","Chill","Ball Lightning"],"picked":"Defragment","floor":14},{"not_picked":["Machine Learning","Buffer","All For One"],"picked":"Electrodynamics","floor":16},{"not_picked":["Turbo","Loop","Redo"],"picked":"Cold Snap","floor":18},{"not_picked":["Stack","Cold Snap","Streamline","Steam+1"],"picked":"SKIP","floor":22},{"not_picked":["Leap","Barrage","Hologram"],"picked":"Coolheaded","floor":25},{"not_picked":["Compile Driver","Go for the Eyes","Amplify","Coolheaded"],"picked":"SKIP","floor":27},{"not_picked":["Conserve Battery","Redo","Aggregate"],"picked":"White Noise","floor":30},{"not_picked":["Steam","Chaos","Coolheaded","Genetic Algorithm"],"picked":"SKIP","floor":30},{"not_picked":["Double Energy","Rebound","Sunder"],"picked":"Capacitor","floor":31},{"not_picked":["Chaos","Melter","Hologram","Ball Lightning"],"picked":"SKIP","floor":31},{"not_picked":["Stack","Turbo","Rebound"],"picked":"Chill","floor":35},{"not_picked":["Aggregate","Conserve Battery+1","Go for the Eyes","Redo+1"],"picked":"SKIP","floor":35},{"not_picked":["Turbo+1","Redo","Sweeping Beam","Melter+1"],"picked":"SKIP","floor":36},{"not_picked":["Doom and Gloom","Leap","Compile Driver","Skim"],"picked":"SKIP","floor":36},{"not_picked":["FTL","Go for the Eyes+1","Aggregate"],"picked":"Barrage","floor":38},{"not_picked":["Machine Learning","Steam Power","Lockon","Hologram"],"picked":"SKIP","floor":38},{"not_picked":["Cold Snap","Stack","Coolheaded"],"picked":"Glacier+1","floor":45},{"not_picked":["Compile Driver","Redo","Double Energy+1","Force Field"],"picked":"SKIP","floor":45},{"not_picked":["Melter","Leap","Redo+1","Barrage"],"picked":"SKIP","floor":46},{"not_picked":["Coolheaded","Ball Lightning","Gash","Beam Cell"],"picked":"SKIP","floor":46}],"player_experience":767472,"relics_obtained":[{"floor":7,"key":"Meat on the Bone"},{"floor":9,"key":"Question Card"},{"floor":19,"key":"Turnip"},{"floor":19,"key":"Symbiotic Virus"},{"floor":25,"key":"Blood Vial"},{"floor":26,"key":"Boot"},{"floor":43,"key":"Mummified Hand"}],"event_choices":[{"damage_healed":0,"gold_gain":0,"player_choice":"Fight","damage_taken":0,"max_hp_gain":0,"max_hp_loss":0,"event_name":"Colosseum","floor":19,"gold_loss":0},{"damage_healed":0,"gold_gain":0,"player_choice":"Fought Nobs","damage_taken":0,"max_hp_gain":0,"max_hp_loss":0,"event_name":"Colosseum","floor":19,"gold_loss":0},{"damage_healed":0,"gold_gain":0,"player_choice":"Paid Fearfully","damage_taken":0,"max_hp_gain":0,"max_hp_loss":0,"event_name":"Masked Bandits","floor":20,"gold_loss":305},{"damage_healed":0,"gold_gain":0,"player_choice":"0 cards matched","damage_taken":0,"max_hp_gain":0,"max_hp_loss":0,"event_name":"Match and Keep!","floor":21,"gold_loss":0,"cards_obtained":[]},{"damage_healed":0,"gold_gain":0,"player_choice":"Ignored","damage_taken":0,"max_hp_gain":0,"max_hp_loss":0,"event_name":"Beggar","floor":23,"gold_loss":0},{"damage_healed":0,"gold_gain":0,"player_choice":"Gave Potion","damage_taken":0,"relics_obtained":["Prayer Wheel"],"max_hp_gain":0,"max_hp_loss":0,"event_name":"WeMeetAgain","floor":28,"gold_loss":0},{"damage_healed":0,"gold_gain":0,"player_choice":"Ignored","damage_taken":0,"max_hp_gain":0,"max_hp_loss":0,"event_name":"SecretPortal","floor":37,"gold_loss":0},{"cards_removed":["Cold Snap"],"damage_healed":0,"gold_gain":0,"player_choice":"Removed Attack","damage_taken":0,"max_hp_gain":0,"max_hp_loss":0,"event_name":"Falling","floor":39,"gold_loss":0},{"cards_removed":["Strike_B"],"damage_healed":0,"gold_gain":0,"player_choice":"Upgrade and Remove","damage_taken":0,"max_hp_gain":0,"max_hp_loss":0,"event_name":"Designer","floor":41,"gold_loss":110,"cards_upgraded":["Barrage"]}],"is_beta":false,"boss_relics":[{"not_picked":["FrozenCore","Calling Bell"],"picked":"Sozu"},{"not_picked":["Eternal Feather","Inserter"],"picked":"Lizard Tail"}],"items_purged_floors":[48],"is_endless":false,"potions_floor_spawned":[1,4,5,11,18,19,30,31,33,36,38],"ascension_level":15}