{"gold_per_floor":[115,40,40,40,50,77,77,95,95,113,138,150,150,179,179,253,253,209,226,238,238,238,238,238],"floor_reached":24,"playtime":1113,"items_purged":[],"score":505,"play_id":"ddfe4974-c646-47ee-b5e8-1874f9c1abf6","local_time":"20190213045808","is_ascension_mode":true,"campfire_choices":[{"data":"Zap","floor":7,"key":"SMITH"},{"data":"Recycle","floor":13,"key":"SMITH"},{"data":"Reinforced Body","floor":15,"key":"SMITH"},{"floor":23,"key":"REST"}],"neow_cost":"NONE","seed_source_timestamp":16105745207299,"circlet_count":0,"master_deck":["AscendersBane","Strike_B","Strike_B","Defend_B","Defend_B","Defend_B","Defend_B","Zap+1","Dualcast","Ball Lightning","Recycle+1","Cold Snap","Reinforced Body+1","Buffer"],"relics":["Cracked Core","NeowsBlessing","Thread and Needle","FossilizedHelix","Bag of Preparation","Torii","Eternal Feather"],"potions_floor_usage":[11,16,24,24],"damage_taken":[{"damage":0,"enemies":"Jaw Worm","floor":1,"turns":1},{"damage":0,"enemies":"Cultist","floor":5,"turns":1},{"damage":0,"enemies":"3 Sentries","floor":6,"turns":1},{"damage":3,"enemies":"Small Slimes","floor":8,"turns":4},{"damage":0,"enemies":"3 Louse","floor":10,"turns":3},{"damage":0,"enemies":"Gremlin Nob","floor":11,"turns":3},{"damage":0,"enemies":"Red Slaver","floor":12,"turns":3},{"damage":9,"enemies":"Lagavulin","floor":14,"turns":5},{"damage":1,"enemies":"The Guardian","floor":16,"turns":12},{"damage":11,"enemies":"2 Thieves","floor":18,"turns":5},{"damage":0,"enemies":"Spheric Guardian","floor":19,"turns":4},{"damage":18,"enemies":"Snecko","floor":20,"turns":7},{"damage":43,"enemies":"Book of Stabbing","floor":24,"turns":5}],"seed_played":"-5474114355241153741","potions_obtained":[{"floor":1,"key":"Poison Potion"},{"floor":5,"key":"Fire Potion"},{"floor":12,"key":"LiquidBronze"},{"floor":18,"key":"FearPotion"},{"floor":20,"key":"Energy Potion"}],"is_trial":false,"path_per_floor":["M","?","?","$","M","E","R","M","T","M","E","M","R","E","R","B",null,"M","M","M","$","?","R","E"],"character_chosen":"DEFECT","items_purchased":[],"campfire_rested":1,"item_purchase_floors":[],"current_hp_per_floor":[64,64,57,57,57,57,57,54,54,54,54,54,54,45,45,44,64,53,53,35,35,15,43,0],"gold":238,"neow_bonus":"THREE_ENEMY_KILL","is_prod":false,"is_daily":false,"chose_seed":false,"campfire_upgraded":3,"win_rate":0,"timestamp":1550023088,"path_taken":["M","?","?","?","?","E","R","M","T","M","E","M","R","E","R","BOSS","M","M","?","$","?","R","E"],"build_version":"2019-01-23","purchased_purges":0,"victory":false,"max_hp_per_floor":[71,71,71,71,71,71,71,71,71,71,71,71,71,71,71,71,71,71,71,71,71,76,76,76],"card_choices":[{"not_picked":["FTL","Gash","Redo"],"picked":"SKIP","floor":1},{"not_picked":["Redo","Hologram"],"picked":"Ball Lightning","floor":5},{"not_picked":["Gash","Multi-Cast"],"picked":"Recycle","floor":6},{"not_picked":["Blizzard","Redo"],"picked":"Cold Snap","floor":8},{"not_picked":["Recycle","Stack","Sweeping Beam"],"picked":"SKIP","floor":10},{"not_picked":["Coolheaded","Steam","Genetic Algorithm"],"picked":"SKIP","floor":11},{"not_picked":["Chaos","Go for the Eyes","Lockon"],"picked":"SKIP","floor":12},{"not_picked":["Barrage","Static Discharge"],"picked":"Reinforced Body","floor":14},{"not_picked":["Seek","Multi-Cast"],"picked":"Buffer","floor":16},{"not_picked":["Stack","Compile Driver","Consume"],"picked":"SKIP","floor":18},{"not_picked":["Genetic Algorithm","Gash","Force Field"],"picked":"SKIP","floor":19},{"not_picked":["Auto Shields","Steam","Compile Driver"],"picked":"SKIP","floor":20}],"player_experience":952336,"relics_obtained":[{"floor":6,"key":"Thread and Needle"},{"floor":9,"key":"FossilizedHelix"},{"floor":11,"key":"Bag of Preparation"},{"floor":14,"key":"Torii"}],"event_choices":[{"cards_removed":["Strike_B"],"damage_healed":0,"gold_gain":0,"player_choice":"Card Removal","damage_taken":0,"max_hp_gain":0,"max_hp_loss":0,"event_name":"The Cleric","floor":2,"gold_loss":75},{"cards_removed":["Strike_B"],"damage_healed":0,"gold_gain":0,"player_choice":"Card Removal","damage_taken":7,"max_hp_gain":0,"max_hp_loss":0,"event_name":"Golden Wing","floor":3,"gold_loss":0},{"damage_healed":0,"gold_gain":0,"player_choice":"Shed Blood","damage_taken":25,"max_hp_gain":5,"max_hp_loss":0,"event_name":"Forgotten Altar","floor":22,"gold_loss":0}],"is_beta":false,"boss_relics":[{"not_picked":["Busted Crown","Coffee Dripper"],"picked":"Eternal Feather"}],"items_purged_floors":[],"is_endless":false,"potions_floor_spawned":[1,5,8,12,14,18,20],"killed_by":"Book of Stabbing","ascension_level":18}