{"gold_per_floor":[115,215,230,247,260,285,298,333,333,360,42,71,71,71,71,171,171,185,204,204,220,72,72,107,107,134,0,450,450,470,498,498,594,594,612,624,635,647,59,84,84,101,125,125,141,171,181,215,215,215,215,215,9,42,42],"floor_reached":56,"playtime":4684,"items_purged":["Strike_G","Strike_G","Strike_G"],"score":1645,"play_id":"7596fcc0-82df-4a05-8927-58cc4fd8de85","local_time":"20190607175622","is_ascension_mode":true,"campfire_choices":[{"data":"Leg Sweep","floor":15.0,"key":"SMITH"},{"data":"Catalyst","floor":23.0,"key":"SMITH"},{"data":"Bouncing Flask","floor":29.0,"key":"SMITH"},{"data":"Footwork","floor":32.0,"key":"SMITH"},{"data":"Night Terror","floor":41.0,"key":"SMITH"},{"floor":44.0,"key":"RECALL"},{"data":"Adrenaline","floor":49.0,"key":"SMITH"},{"data":"Adrenaline","floor":52.0,"key":"SMITH"}],"neow_cost":"NONE","seed_source_timestamp":0,"circlet_count":0,"master_deck":["Defend_G","Defend_G","Defend_G","Defend_G","Strike_G","Survivor","Neutralize+1","Riddle With Holes","Backstab","Bouncing Flask+1","Noxious Fumes","Leg Sweep+1","Bullet Time","Backflip+1","Leg Sweep","Skewer+1","Dagger Throw+1","Catalyst+1","Footwork+1","Noxious Fumes","Footwork","Dodge and Roll","Night Terror+1","Footwork","Noxious Fumes+1","Adrenaline+1","Adrenaline+1","Backflip","Bouncing Flask+1","Blur","Well Laid Plans","Backflip","Heel Hook"],"special_seed":0,"relics":["Ring of the Snake","Vajra","Mango","StoneCalendar","Happy Flower","Paper Crane","Gremlin Horn","Cursed Key","Omamori","Dream Catcher","Snake Skull","Thread and Needle","Coffee Dripper","Oddly Smooth Stone","Strawberry","Ancient Tea Set","Centennial Puzzle","Pear","Whetstone","Mummified Hand"],"potions_floor_usage":[54,55,55],"damage_taken":[{"damage":2.0,"enemies":"Jaw Worm","floor":1.0,"turns":4.0},{"damage":0.0,"enemies":"Cultist","floor":3.0,"turns":3.0},{"damage":0.0,"enemies":"Small Slimes","floor":4.0,"turns":2.0},{"damage":0.0,"enemies":"Blue Slaver","floor":5.0,"turns":3.0},{"damage":14.0,"enemies":"3 Sentries","floor":6.0,"turns":5.0},{"damage":4.0,"enemies":"Gremlin Gang","floor":7.0,"turns":5.0},{"damage":10.0,"enemies":"Lagavulin","floor":8.0,"turns":5.0},{"damage":12.0,"enemies":"Gremlin Nob","floor":10.0,"turns":3.0},{"damage":13.0,"enemies":"Lagavulin","floor":12.0,"turns":6.0},{"damage":15.0,"enemies":"Slime Boss","floor":16.0,"turns":7.0},{"damage":0.0,"enemies":"Shell Parasite","floor":18.0,"turns":5.0},{"damage":0.0,"enemies":"Chosen","floor":19.0,"turns":4.0},{"damage":0.0,"enemies":"Snake Plant","floor":21.0,"turns":5.0},{"damage":0.0,"enemies":"Book of Stabbing","floor":24.0,"turns":5.0},{"damage":3.0,"enemies":"Chosen and Byrds","floor":30.0,"turns":3.0},{"damage":0.0,"enemies":"Gremlin Leader","floor":31.0,"turns":5.0},{"damage":0.0,"enemies":"Automaton","floor":33.0,"turns":8.0},{"damage":6.0,"enemies":"3 Darklings","floor":35.0,"turns":5.0},{"damage":0.0,"enemies":"3 Shapes","floor":36.0,"turns":4.0},{"damage":5.0,"enemies":"Maw","floor":37.0,"turns":5.0},{"damage":0.0,"enemies":"Sphere and 2 Shapes","floor":38.0,"turns":5.0},{"damage":0.0,"enemies":"Nemesis","floor":40.0,"turns":5.0},{"damage":10.0,"enemies":"4 Shapes","floor":42.0,"turns":5.0},{"damage":0.0,"enemies":"Transient","floor":45.0,"turns":5.0},{"damage":0.0,"enemies":"Giant Head","floor":46.0,"turns":7.0},{"damage":0.0,"enemies":"3 Darklings","floor":47.0,"turns":6.0},{"damage":0.0,"enemies":"Reptomancer","floor":48.0,"turns":5.0},{"damage":0.0,"enemies":"Time Eater","floor":50.0,"turns":7.0},{"damage":0,"enemies":"Shield and Spear","floor":54,"turns":5},{"damage":3,"enemies":"The Heart","floor":55,"turns":6}],"seed_played":"-1718586047570086657","potions_obtained":[{"floor":3.0,"key":"Strength Potion"},{"floor":4.0,"key":"Regen Potion"},{"floor":6.0,"key":"Poison Potion"},{"floor":8.0,"key":"Poison Potion"},{"floor":12.0,"key":"Swift Potion"},{"floor":19.0,"key":"SkillPotion"},{"floor":24.0,"key":"SpeedPotion"},{"floor":33.0,"key":"Block Potion"},{"floor":37.0,"key":"GhostInAJar"},{"floor":42.0,"key":"Dexterity Potion"},{"floor":47.0,"key":"PowerPotion"}],"is_trial":false,"path_per_floor":["M","?","M","M","M","E","M","E","T","E","$","E","?","?","R","B",null,"M","M","?","M","$","R","E","?","T","$","?","R","M","E","R","B",null,"M","M","M","M","$","E","R","M","T","R","M","E","M","E","R","B",null,"R","$","E","B",null],"character_chosen":"THE_SILENT","items_purchased":["Paper Crane","Omamori","Noxious Fumes","Adrenaline","Oddly Smooth Stone","Strawberry","Blur","Well Laid Plans","Backflip"],"campfire_rested":0,"item_purchase_floors":[11,22,27,39,39,39,53,53,53],"current_hp_per_floor":[68,68,68,68,68,68,64,54,54,42,42,29,57,57,57,42,84,84,84,84,84,84,84,84,84,84,84,36,36,33,48,48,48,84,78,78,73,73,80,80,80,70,70,70,70,80,80,80,80,80,101,101,101,101,98],"gold":42,"neow_bonus":"RANDOM_COMMON_RELIC","is_prod":false,"is_daily":false,"chose_seed":false,"campfire_upgraded":7,"win_rate":1,"timestamp":1559944582,"path_taken":["M","?","M","M","?","E","M","E","T","E","$","E","?","?","R","BOSS","M","?","?","M","$","R","E","?","T","$","?","R","M","E","R","BOSS","M","M","M","M","$","E","R","?","T","R","M","E","M","E","R","BOSS","R","$","E","BOSS"],"build_version":"2019-01-23","purchased_purges":3,"victory":true,"max_hp_per_floor":[70,70,70,70,70,84,84,84,84,84,84,84,84,84,84,84,84,84,84,84,84,84,84,84,84,84,84,84,84,84,84,84,84,84,84,84,84,84,91,91,91,91,91,91,91,101,101,101,101,101,101,101,101,101,101],"card_choices":[{"not_picked":["Underhanded Strike","All Out Attack","Flechettes"],"picked":"SKIP","floor":1.0},{"not_picked":["Terror","Bouncing Flask"],"picked":"Riddle With Holes","floor":3.0},{"not_picked":["Backflip","PiercingWail"],"picked":"Backstab","floor":4.0},{"not_picked":["Distraction","Blade Dance","Flechettes"],"picked":"SKIP","floor":5.0},{"not_picked":["Catalyst","Deadly Poison"],"picked":"Bouncing Flask","floor":6.0},{"not_picked":["Eviscerate","Bouncing Flask","Outmaneuver"],"picked":"SKIP","floor":7.0},{"not_picked":["Wraith Form v2","Flechettes"],"picked":"Noxious Fumes","floor":8.0},{"not_picked":["Slice","Bullet Time"],"picked":"Leg Sweep","floor":10.0},{"not_picked":["Reflex","Poisoned Stab","Masterful Stab"],"picked":"SKIP","floor":12.0},{"not_picked":["Envenom","Night Terror"],"picked":"Bullet Time","floor":16.0},{"not_picked":["PiercingWail","Calculated Gamble"],"picked":"Backflip+1","floor":18.0},{"not_picked":["Bane","Dodge and Roll"],"picked":"Leg Sweep","floor":19.0},{"not_picked":["Acrobatics","Slice"],"picked":"Catalyst","floor":21.0},{"not_picked":["Masterful Stab","Deadly Poison","Prepared"],"picked":"SKIP","floor":24.0},{"not_picked":["Deflect+1","PiercingWail"],"picked":"Footwork","floor":30.0},{"not_picked":["Dagger Spray","Phantasmal Killer"],"picked":"Dodge and Roll","floor":31.0},{"not_picked":["Corpse Explosion","Phantasmal Killer"],"picked":"Night Terror","floor":33.0},{"not_picked":["Sucker Punch","Dodge and Roll+1"],"picked":"Footwork","floor":35.0},{"not_picked":["Dagger Throw+1","Caltrops+1","Quick Slash+1"],"picked":"SKIP","floor":36.0},{"not_picked":["Poisoned Stab+1","Blade Dance+1"],"picked":"Noxious Fumes+1","floor":37.0},{"not_picked":["Poisoned Stab+1","Sucker Punch+1","Blade Dance+1"],"picked":"SKIP","floor":38.0},{"not_picked":["Prepared","Catalyst+1"],"picked":"Adrenaline","floor":40.0},{"not_picked":["Slice+1","Dodge and Roll","Tactician+1"],"picked":"SKIP","floor":42.0},{"not_picked":["Deflect","Deadly Poison+1"],"picked":"Backflip","floor":45.0},{"not_picked":["Backstab","Riddle With Holes","Blade Dance"],"picked":"SKIP","floor":46.0},{"not_picked":["Dodge and Roll","Escape Plan","Endless Agony+1"],"picked":"SKIP","floor":47.0},{"not_picked":["Burst","Sucker Punch+1"],"picked":"Bouncing Flask+1","floor":48.0},{"not_picked":["Backstab+1","Skewer"],"picked":"Heel Hook","floor":54}],"player_experience":18306,"relics_obtained":[{"floor":6.0,"key":"Mango"},{"floor":8.0,"key":"StoneCalendar"},{"floor":10.0,"key":"Happy Flower"},{"floor":12.0,"key":"Gremlin Horn"},{"floor":24.0,"key":"Dream Catcher"},{"floor":26.0,"key":"Snake Skull"},{"floor":31.0,"key":"Thread and Needle"},{"floor":40.0,"key":"Ancient Tea Set"},{"floor":43.0,"key":"Centennial Puzzle"},{"floor":46.0,"key":"Pear"},{"floor":48.0,"key":"Whetstone"},{"floor":54,"key":"Mummified Hand"}],"event_choices":[{"damage_healed":0.0,"max_hp_gain":0.0,"max_hp_loss":0.0,"gold_gain":100.0,"event_name":"Golden Shrine","player_choice":"Pray","floor":2.0,"gold_loss":0.0,"damage_taken":0.0},{"damage_healed":28.0,"max_hp_gain":0.0,"max_hp_loss":0.0,"gold_gain":0.0,"event_name":"Big Fish","player_choice":"Banana","floor":13.0,"gold_loss":0.0,"damage_taken":0.0},{"damage_healed":0.0,"max_hp_gain":0.0,"max_hp_loss":0.0,"gold_gain":0.0,"event_name":"Upgrade Shrine","player_choice":"Upgraded","floor":14.0,"gold_loss":0.0,"damage_taken":0.0,"cards_upgraded":["Neutralize"]},{"damage_healed":0.0,"max_hp_gain":0.0,"max_hp_loss":0.0,"gold_gain":0.0,"cards_transformed":["Defend_G","Strike_G"],"event_name":"Drug Dealer","player_choice":"Became Test Subject","floor":20.0,"gold_loss":0.0,"damage_taken":0.0,"cards_obtained":["Skewer","Dagger Throw"]},{"damage_healed":0.0,"max_hp_gain":0.0,"max_hp_loss":0.0,"gold_gain":0.0,"event_name":"The Library","player_choice":"Read","floor":25.0,"gold_loss":0.0,"damage_taken":0.0,"cards_obtained":["Footwork"]},{"damage_healed":0.0,"max_hp_gain":0.0,"max_hp_loss":0.0,"gold_gain":450.0,"event_name":"Knowing Skull","player_choice":"GOLD GOLD GOLD GOLD GOLD ","floor":28.0,"potions_obtained":[],"gold_loss":0.0,"damage_taken":48.0,"cards_obtained":[]}],"is_beta":false,"boss_relics":[{"not_picked":["Empty Cage","Ring of the Serpent"],"picked":"Cursed Key"},{"not_picked":["Runic Dome","HoveringKite"],"picked":"Coffee Dripper"}],"items_purged_floors":[11,27,39],"is_endless":false,"potions_floor_spawned":[3,4,6,8,12,19,24,33,37,40,42,45,47],"ascension_level":1}