{"gold_per_floor":[110,188,201,212,229,263,263,263,286,286,286,306,318,332,332,432,432,451,467,486,486,53,88,88,88,88,88,3,14,33,51,51,156,156,168,181,181,181,193,223,223,258,258,37,56,91,91,105,105,105,105,105,63,94,94],"floor_reached":55,"playtime":3102,"items_purged":[],"score":856,"play_id":"f2120ca0-5363-4b59-9fcd-5ca77739ec3c","local_time":"20190311165951","is_ascension_mode":false,"campfire_choices":[{"data":"Neutralize","floor":11,"key":"SMITH"},{"floor":15,"key":"REST"},{"data":"Envenom","floor":24,"key":"SMITH"},{"data":"Infinite Blades","floor":27,"key":"SMITH"},{"floor":32,"key":"REST"},{"floor":41,"key":"RECALL"},{"data":"Burst","floor":49,"key":"SMITH"},{"data":"After Image","floor":52,"key":"SMITH"}],"neow_cost":"NONE","seed_source_timestamp":25919027305264,"circlet_count":0,"master_deck":["Survivor","Neutralize+1","Infinite Blades+1","Dodge and Roll","Slice","Prepared","Parasite","Well Laid Plans","Blade Dance","Adrenaline","Escape Plan","Burst+1","Blade Dance","Corpse Explosion","Underhanded Strike","Envenom+1","Phantasmal Killer","Adrenaline","Blade Dance","Escape Plan","Heel Hook+1","Backstab+1","Bouncing Flask+1","Necronomicurse","Catalyst","Crippling Poison+1","Blade Dance","Blur","Well Laid Plans","Noxious Fumes+1","Finesse","Well Laid Plans+1","Noxious Fumes+1","After Image+1","Infinite Blades+1"],"relics":["Ring of the Snake","Blood Vial","Bottled Flame","Blue Candle","Centennial Puzzle","Anchor","Snake Skull","Pandora\u0027s Box","Necronomicon","Membership Card","Vajra","Singing Bowl","Strawberry","MutagenicStrength","Pear","Ancient Tea Set","Orrery","Pen Nib","Gambling Chip","The Specimen","The Courier","Ornamental Fan"],"potions_floor_usage":[16,16,19,30,46,50,54,55,55,55],"damage_taken":[{"damage":1,"enemies":"Cultist","floor":1,"turns":6},{"damage":3,"enemies":"Jaw Worm","floor":3,"turns":4},{"damage":0,"enemies":"2 Louse","floor":4,"turns":4},{"damage":2,"enemies":"Large Slime","floor":5,"turns":7},{"damage":52,"enemies":"Gremlin Nob","floor":6,"turns":6},{"damage":0,"enemies":"Exordium Thugs","floor":12,"turns":5},{"damage":0,"enemies":"2 Fungi Beasts","floor":13,"turns":4},{"damage":11,"enemies":"Exordium Wildlife","floor":14,"turns":6},{"damage":41,"enemies":"Slime Boss","floor":16,"turns":17},{"damage":7,"enemies":"Chosen","floor":18,"turns":4},{"damage":13,"enemies":"Spheric Guardian","floor":19,"turns":4},{"damage":0,"enemies":"Chosen and Byrds","floor":20,"turns":4},{"damage":17,"enemies":"Gremlin Leader","floor":23,"turns":5},{"damage":28,"enemies":"Sentry and Sphere","floor":29,"turns":4},{"damage":0,"enemies":"Centurion and Healer","floor":30,"turns":3},{"damage":0,"enemies":"Chosen and Byrds","floor":31,"turns":3},{"damage":26,"enemies":"Collector","floor":33,"turns":5},{"damage":0,"enemies":"Orb Walker","floor":35,"turns":3},{"damage":0,"enemies":"3 Shapes","floor":36,"turns":2},{"damage":4,"enemies":"Jaw Worm Horde","floor":39,"turns":2},{"damage":4,"enemies":"Giant Head","floor":40,"turns":5},{"damage":46,"enemies":"Reptomancer","floor":42,"turns":5},{"damage":10,"enemies":"3 Darklings","floor":45,"turns":3},{"damage":42,"enemies":"Nemesis","floor":46,"turns":5},{"damage":4,"enemies":"Transient","floor":48,"turns":5},{"damage":31,"enemies":"Donu and Deca","floor":50,"turns":5},{"damage":30,"enemies":"Shield and Spear","floor":54,"turns":5},{"damage":69,"enemies":"The Heart","floor":55,"turns":6}],"seed_played":"2437331575350543449","potions_obtained":[{"floor":4,"key":"Strength Potion"},{"floor":6,"key":"Explosive Potion"},{"floor":12,"key":"Energy Potion"},{"floor":18,"key":"EssenceOfSteel"},{"floor":23,"key":"Swift Potion"},{"floor":29,"key":"FearPotion"},{"floor":33,"key":"LiquidBronze"},{"floor":35,"key":"SpeedPotion"},{"floor":36,"key":"Swift Potion"},{"floor":48,"key":"LiquidBronze"}],"is_trial":false,"path_per_floor":["M","T","M","M","M","E","?","?","T","?","R","M","M","M","R","B",null,"M","M","M","?","$","E","R","?","T","R","?","M","M","M","R","B",null,"M","M","?","?","M","E","R","E","T","$","M","E","?","M","R","B",null,"R","$","E","B"],"character_chosen":"THE_SILENT","items_purchased":["Membership Card","Vajra","Catalyst","Singing Bowl","After Image","The Specimen","EntropicBrew"],"campfire_rested":2,"item_purchase_floors":[22,22,22,22,44,44,53],"current_hp_per_floor":[69,69,67,69,68,18,35,32,32,32,32,34,36,27,48,9,70,63,52,54,38,38,32,32,32,42,42,42,16,20,22,49,27,99,99,101,101,101,97,95,95,53,53,53,47,7,92,90,90,61,94,94,94,66,0],"gold":94,"neow_bonus":"RANDOM_COMMON_RELIC","is_prod":false,"is_daily":false,"chose_seed":false,"campfire_upgraded":5,"win_rate":0,"timestamp":1552341591,"path_taken":["M","?","M","M","M","E","?","?","T","?","R","M","?","M","R","BOSS","M","M","M","?","$","E","R","?","T","R","?","M","M","M","R","BOSS","M","M","?","?","?","E","R","E","T","$","M","E","?","M","R","BOSS","R","$","E","BOSS"],"build_version":"2019-01-23","purchased_purges":0,"victory":false,"max_hp_per_floor":[70,70,70,70,70,70,70,70,70,70,70,70,70,70,70,70,70,70,70,70,70,70,79,79,79,89,89,89,89,91,91,91,93,99,99,101,101,101,101,101,101,103,103,103,105,105,92,94,94,94,94,94,94,96,96],"card_choices":[{"not_picked":["Prepared","Deflect"],"picked":"Infinite Blades","floor":1},{"not_picked":["Underhanded Strike","Blade Dance"],"picked":"Dodge and Roll","floor":3},{"not_picked":["Underhanded Strike","Catalyst"],"picked":"Slice","floor":4},{"not_picked":["Bane","Quick Slash","Expertise"],"picked":"SKIP","floor":5},{"not_picked":["Reflex","A Thousand Cuts"],"picked":"Prepared","floor":6},{"not_picked":["Deadly Poison","Concentrate"],"picked":"Well Laid Plans","floor":12},{"not_picked":["Prepared","Bane"],"picked":"Blade Dance","floor":13},{"not_picked":["Acrobatics","Well Laid Plans","Reflex"],"picked":"SKIP","floor":14},{"not_picked":["Die Die Die","Wraith Form v2"],"picked":"Adrenaline","floor":16},{"not_picked":["Bouncing Flask","PiercingWail"],"picked":"Heel Hook+1","floor":18},{"not_picked":["Escape Plan","Distraction+1"],"picked":"Backstab+1","floor":19},{"not_picked":["Tactician","Bane"],"picked":"Bouncing Flask+1","floor":20},{"not_picked":["Dodge and Roll","Caltrops+1","Poisoned Stab"],"picked":"Singing Bowl","floor":23},{"not_picked":["Predator+1","Outmaneuver"],"picked":"Crippling Poison+1","floor":29},{"not_picked":["Masterful Stab","Crippling Poison","Quick Slash"],"picked":"Singing Bowl","floor":30},{"not_picked":["Deflect","Slice+1"],"picked":"Blade Dance","floor":31},{"not_picked":["Grand Finale","Wraith Form v2","Burst"],"picked":"Singing Bowl","floor":33},{"not_picked":["Underhanded Strike","Calculated Gamble","Dagger Throw"],"picked":"Singing Bowl","floor":34},{"not_picked":["Flying Knee+1","Bane"],"picked":"Blur","floor":34},{"not_picked":["Poisoned Stab","Reflex","Prepared"],"picked":"Singing Bowl","floor":34},{"not_picked":["Deadly Poison+1","Skewer","Poisoned Stab"],"picked":"Singing Bowl","floor":34},{"not_picked":["Outmaneuver","Dodge and Roll"],"picked":"Well Laid Plans","floor":34},{"not_picked":["Endless Agony+1","PiercingWail+1"],"picked":"Noxious Fumes+1","floor":35},{"not_picked":["Sucker Punch+1","Calculated Gamble+1","Dagger Spray"],"picked":"Singing Bowl","floor":36},{"not_picked":["Good Instincts","Bandage Up"],"picked":"Finesse","floor":37},{"not_picked":["Reflex","Tactician"],"picked":"Well Laid Plans+1","floor":39},{"not_picked":["Adrenaline","Quick Slash+1"],"picked":"Noxious Fumes+1","floor":40},{"not_picked":["Reflex+1","Prepared","Flying Knee+1"],"picked":"Singing Bowl","floor":42},{"not_picked":["Dagger Spray+1","Outmaneuver+1","Eviscerate+1"],"picked":"Singing Bowl","floor":45},{"not_picked":["Calculated Gamble+1","Well Laid Plans+1"],"picked":"Infinite Blades+1","floor":46},{"not_picked":["Sucker Punch+1","Acrobatics+1","Deflect"],"picked":"Singing Bowl","floor":48},{"not_picked":["Corpse Explosion","Reflex+1","Expertise+1"],"picked":"Singing Bowl","floor":54}],"player_experience":313912,"relics_obtained":[{"floor":2,"key":"Bottled Flame"},{"floor":6,"key":"Blue Candle"},{"floor":9,"key":"Anchor"},{"floor":21,"key":"Necronomicon"},{"floor":23,"key":"Strawberry"},{"floor":26,"key":"Pear"},{"floor":40,"key":"Pen Nib"},{"floor":42,"key":"Gambling Chip"},{"floor":46,"key":"The Courier"},{"floor":54,"key":"Ornamental Fan"}],"event_choices":[{"damage_healed":17,"gold_gain":0,"player_choice":"Healed and dodged fight","damage_taken":0,"max_hp_gain":0,"max_hp_loss":0,"event_name":"Mushrooms","floor":7,"gold_loss":0,"cards_obtained":["Parasite"]},{"damage_healed":0,"gold_gain":0,"player_choice":"Success","damage_taken":3,"relics_obtained":["Centennial Puzzle"],"max_hp_gain":0,"max_hp_loss":0,"event_name":"Scrap Ooze","floor":8,"gold_loss":0},{"damage_healed":0,"gold_gain":0,"player_choice":"Gave Potion","damage_taken":0,"relics_obtained":["Snake Skull"],"max_hp_gain":0,"max_hp_loss":0,"event_name":"WeMeetAgain","floor":10,"gold_loss":0},{"damage_healed":0,"gold_gain":0,"player_choice":"Obtained Book","damage_taken":16,"max_hp_gain":0,"max_hp_loss":0,"event_name":"Cursed Tome","floor":21,"gold_loss":0},{"damage_healed":0,"gold_gain":0,"player_choice":"Inject Mutagens","damage_taken":0,"relics_obtained":["MutagenicStrength"],"max_hp_gain":0,"max_hp_loss":0,"event_name":"Drug Dealer","floor":25,"gold_loss":0},{"damage_healed":0,"gold_gain":0,"player_choice":"Obtained Relic","damage_taken":0,"relics_obtained":["Ancient Tea Set"],"max_hp_gain":0,"max_hp_loss":0,"event_name":"Addict","floor":28,"gold_loss":85},{"damage_healed":0,"gold_gain":0,"player_choice":"Memory 1","damage_taken":0,"max_hp_gain":0,"max_hp_loss":0,"event_name":"SensoryStone","floor":37,"gold_loss":0},{"damage_healed":0,"gold_gain":0,"player_choice":"Bought 0 Potions","damage_taken":0,"max_hp_gain":0,"max_hp_loss":0,"event_name":"The Woman in Blue","floor":38,"gold_loss":0},{"damage_healed":92,"gold_gain":0,"player_choice":"Heal","damage_taken":0,"max_hp_gain":0,"max_hp_loss":13,"event_name":"The Moai Head","floor":47,"gold_loss":0}],"is_beta":false,"boss_relics":[{"not_picked":["Empty Cage","Velvet Choker"],"picked":"Pandora\u0027s Box"},{"not_picked":["Lizard Tail","White Beast Statue"],"picked":"Orrery"}],"items_purged_floors":[],"is_endless":false,"potions_floor_spawned":[4,6,12,18,23,29,33,35,36,39,48],"killed_by":"The Heart","ascension_level":0}