{"gold_per_floor":[116,116,130,130,60,88,103,163,190,190,78,97,114,126,126,126],"floor_reached":16,"playtime":558,"items_purged":["Strike_R"],"score":185,"play_id":"9f6c890d-0c10-4ef5-992c-b2c7630eb64c","local_time":"20190522144544","is_ascension_mode":true,"campfire_choices":[{"data":"Flame Barrier","floor":10.0,"key":"SMITH"},{"data":"Infernal Blade","floor":15.0,"key":"SMITH"}],"neow_cost":"NONE","seed_source_timestamp":260579531742200,"circlet_count":0,"master_deck":["Strike_R","Strike_R","Strike_R+1","Strike_R","Defend_R","Defend_R","Defend_R","Defend_R","Bash","Clothesline","Clash+1","Infernal Blade+1","Warcry","Limit Break","Flame Barrier+1","Feel No Pain","Warcry","Burning Pact"],"special_seed":0,"relics":["Burning Blood","NeowsBlessing","Dream Catcher","PreservedInsect","Tiny Chest","Whetstone"],"potions_floor_usage":[16],"damage_taken":[{"damage":0.0,"enemies":"Jaw Worm","floor":1.0,"turns":1.0},{"damage":0.0,"enemies":"Small Slimes","floor":3.0,"turns":1.0},{"damage":0.0,"enemies":"3 Sentries","floor":6.0,"turns":1.0},{"damage":0.0,"enemies":"Cultist","floor":7.0,"turns":3.0},{"damage":18.0,"enemies":"Lagavulin","floor":8.0,"turns":6.0},{"damage":20.0,"enemies":"Gremlin Gang","floor":12.0,"turns":4.0},{"damage":7.0,"enemies":"Looter","floor":13.0,"turns":4.0},{"damage":8.0,"enemies":"Large Slime","floor":14.0,"turns":4.0},{"damage":55,"enemies":"Hexaghost","floor":16,"turns":14}],"seed_played":"8556116820101755879","potions_obtained":[{"floor":6.0,"key":"Regen Potion"},{"floor":7.0,"key":"SneckoOil"},{"floor":8.0,"key":"GamblersBrew"},{"floor":13.0,"key":"Energy Potion"}],"is_trial":false,"path_per_floor":["M","?","M","?","$","E","M","E","T","R","$","M","M","M","R","B"],"character_chosen":"IRONCLAD","items_purchased":["Infernal Blade","Feel No Pain"],"campfire_rested":0,"item_purchase_floors":[5,11],"current_hp_per_floor":[78,71,77,82,82,85,85,73,73,73,73,59,58,56,56,1],"gold":126,"neow_bonus":"THREE_ENEMY_KILL","is_prod":false,"is_daily":false,"chose_seed":false,"campfire_upgraded":2,"win_rate":0,"timestamp":1558554344,"path_taken":["M","?","M","?","$","E","M","E","T","R","?","M","?","?","R","BOSS"],"build_version":"2019-01-23","purchased_purges":1,"victory":false,"max_hp_per_floor":[80,80,80,85,85,85,85,85,85,85,85,85,85,85,85,85],"card_choices":[{"not_picked":["Body Slam","Clash"],"picked":"Clothesline","floor":1.0},{"not_picked":["Whirlwind","Sever Soul"],"picked":"Clash","floor":3.0},{"not_picked":["Iron Wave","Sword Boomerang"],"picked":"Warcry","floor":6.0},{"not_picked":["Shrug It Off","Anger"],"picked":"Limit Break","floor":7.0},{"not_picked":["Havoc","Reckless Charge"],"picked":"Flame Barrier","floor":8.0},{"not_picked":["Wild Strike","Flex","Iron Wave"],"picked":"SKIP","floor":12.0},{"not_picked":["Clothesline","Rampage"],"picked":"Warcry","floor":13.0},{"not_picked":["Perfected Strike","Sentinel"],"picked":"Burning Pact","floor":14.0}],"player_experience":218964,"relics_obtained":[{"floor":6.0,"key":"PreservedInsect"},{"floor":8.0,"key":"Tiny Chest"},{"floor":9.0,"key":"Whetstone"}],"event_choices":[{"damage_healed":0.0,"max_hp_gain":0.0,"max_hp_loss":0.0,"gold_gain":0.0,"event_name":"Scrap Ooze","player_choice":"Success","floor":2.0,"gold_loss":0.0,"damage_taken":7.0,"relics_obtained":["Dream Catcher"]},{"damage_healed":0.0,"max_hp_gain":5.0,"max_hp_loss":0.0,"gold_gain":0.0,"event_name":"Big Fish","player_choice":"Donut","floor":4.0,"gold_loss":0.0,"damage_taken":0.0}],"is_beta":false,"boss_relics":[],"items_purged_floors":[11],"is_endless":false,"potions_floor_spawned":[6,7,8,13],"killed_by":"Hexaghost","ascension_level":7}