{"gold_per_floor":[112,123,142,159,109,141,155,155,155,169,197,197,3,19,19,116,116,133,223,237,252,252],"floor_reached":22,"playtime":2791,"items_purged":[],"score":200,"play_id":"04f51786-9611-4d53-91e4-7002c3865e4c","local_time":"20190609012510","is_ascension_mode":false,"campfire_choices":[{"floor":8,"key":"REST"},{"floor":12,"key":"RECALL"},{"floor":15,"key":"REST"}],"neow_cost":"NONE","seed_source_timestamp":2382657053044211,"circlet_count":0,"master_deck":["Strike_R","Strike_R","Strike_R","Strike_R","Defend_R","Defend_R+1","Defend_R+1","Defend_R","Bash","Whirlwind","Feel No Pain","Reckless Charge","Burning Pact","Body Slam","Seeing Red","Juggernaut","Shrug It Off","Warcry","Barricade","Cleave+1","True Grit"],"relics":["Burning Blood","War Paint","Kunai","Pen Nib","Runic Cube"],"potions_floor_usage":[1,3,6,11,11,16,16,21],"damage_taken":[{"damage":1,"enemies":"Jaw Worm","floor":1,"turns":5},{"damage":10,"enemies":"Small Slimes","floor":2,"turns":2},{"damage":8,"enemies":"Cultist","floor":3,"turns":5},{"damage":12,"enemies":"Looter","floor":4,"turns":4},{"damage":17,"enemies":"3 Sentries","floor":6,"turns":8},{"damage":29,"enemies":"Large Slime","floor":7,"turns":7},{"damage":13,"enemies":"Blue Slaver","floor":10,"turns":4},{"damage":24,"enemies":"Gremlin Nob","floor":11,"turns":4},{"damage":24,"enemies":"Exordium Wildlife","floor":14,"turns":5},{"damage":25,"enemies":"Hexaghost","floor":16,"turns":12},{"damage":23,"enemies":"Shell Parasite","floor":18,"turns":9},{"damage":5,"enemies":"Chosen","floor":20,"turns":6},{"damage":21,"enemies":"Snake Plant","floor":21,"turns":6},{"damage":47,"enemies":"3 Cultists","floor":22,"turns":5}],"seed_played":"-4794031698062544558","potions_obtained":[{"floor":0,"key":"FairyPotion"},{"floor":0,"key":"PowerPotion"},{"floor":0,"key":"EntropicBrew"},{"floor":1,"key":"LiquidBronze"},{"floor":10,"key":"AttackPotion"},{"floor":11,"key":"Dexterity Potion"},{"floor":18,"key":"Dexterity Potion"},{"floor":20,"key":"Ancient Potion"}],"is_trial":false,"path_per_floor":["M","M","M","M","?","E","M","R","T","M","E","R","$","M","R","B",null,"M","?","M","M","M"],"character_chosen":"IRONCLAD","items_purchased":["Pen Nib","Shrug It Off"],"campfire_rested":2,"item_purchase_floors":[13,13],"current_hp_per_floor":[80,76,74,68,68,57,34,58,58,51,33,33,33,15,39,35,80,63,47,48,33,0],"gold":252,"neow_bonus":"THREE_SMALL_POTIONS","is_prod":false,"is_daily":false,"chose_seed":false,"campfire_upgraded":0,"win_rate":0,"timestamp":1560068710,"path_taken":["M","M","M","M","?","E","M","R","T","M","E","R","$","M","R","BOSS","M","?","M","M","?"],"build_version":"2019-01-23","purchased_purges":0,"victory":false,"max_hp_per_floor":[80,80,80,80,80,80,80,80,80,80,80,80,80,80,80,80,80,80,80,80,80,80],"card_choices":[{"not_picked":["Clash","Cleave"],"picked":"Whirlwind","floor":1},{"not_picked":["Blood for Blood","Clothesline"],"picked":"Feel No Pain","floor":2},{"not_picked":["Twin Strike","Clash"],"picked":"Reckless Charge","floor":3},{"not_picked":["Inflame","Spot Weakness"],"picked":"Burning Pact","floor":4},{"not_picked":["Ghostly Armor","Shrug It Off"],"picked":"Body Slam","floor":6},{"not_picked":["Immolate","Twin Strike"],"picked":"Seeing Red","floor":7},{"not_picked":["Perfected Strike","Uppercut","Whirlwind"],"picked":"SKIP","floor":10},{"not_picked":["Spot Weakness","Dual Wield"],"picked":"Juggernaut","floor":11},{"not_picked":["Clash","Thunderclap"],"picked":"Warcry","floor":14},{"not_picked":["Feed","Demon Form"],"picked":"Barricade","floor":16},{"not_picked":["Anger","Thunderclap"],"picked":"Cleave+1","floor":18},{"not_picked":["Combust","Iron Wave"],"picked":"True Grit","floor":20},{"not_picked":["Heavy Blade+1","Sword Boomerang","Twin Strike+1"],"picked":"SKIP","floor":21}],"player_experience":57092,"relics_obtained":[{"floor":6,"key":"War Paint"},{"floor":11,"key":"Kunai"}],"event_choices":[{"cards_removed":["Strike_R"],"damage_healed":0,"gold_gain":0,"player_choice":"Card Removal","damage_taken":0,"max_hp_gain":0,"max_hp_loss":0,"event_name":"The Cleric","floor":5,"gold_loss":50},{"damage_healed":0,"gold_gain":90,"player_choice":"GOLD ","damage_taken":16,"max_hp_gain":0,"max_hp_loss":0,"event_name":"Knowing Skull","floor":19,"potions_obtained":[],"gold_loss":0,"cards_obtained":[]}],"is_beta":false,"boss_relics":[{"not_picked":["Runic Dome","Tiny House"],"picked":"Runic Cube"}],"items_purged_floors":[],"is_endless":false,"potions_floor_spawned":[1,6,10,11,14,18,20],"killed_by":"3 Cultists","ascension_level":0}