{"gold_per_floor":[116,126,126,142,152,181,181,212,284,316,334,334,334,364,364,459,459,474,474,493,493,493,526,526,540,564,564,582,610,610,640,640,745,745,755,774,774,430,440,475,475,47,47,47,59,69,81,111,111,111],"floor_reached":50,"playtime":2696,"items_purged":["Defend_G","Defend_G"],"score":817,"play_id":"5244be39-784a-468f-8d4b-2854bbc679fb","local_time":"20190611112633","is_ascension_mode":true,"campfire_choices":[{"floor":7.0,"key":"REST"},{"floor":15.0,"key":"REST"},{"floor":24.0,"key":"REST"},{"floor":27.0,"key":"REST"},{"floor":30.0,"key":"REST"},{"floor":32.0,"key":"REST"},{"floor":41.0,"key":"REST"},{"floor":44.0,"key":"REST"},{"floor":49.0,"key":"RECALL"}],"neow_cost":"NONE","seed_source_timestamp":1974465306617100,"circlet_count":0,"master_deck":["Defend_G+1","Defend_G","Defend_G+1","Strike_G+1","Strike_G+1","Survivor+1","Neutralize","Slice","Infinite Blades","Slice","Slice","Wraith Form v2+1","Cloak And Dagger","Backflip+1","Dagger Throw","Leg Sweep+1","Envenom","Endless Agony","Deflect+1","Dramatic Entrance","Backflip+1","Cloak And Dagger+1","Envenom","Prepared+1","A Thousand Cuts","Slice+1","Calculated Gamble+1","Choke","Slice+1","Acrobatics+1","Expertise+1","Master of Strategy+1","Dark Shackles+1","Backflip+1","Escape Plan+1"],"special_seed":0,"relics":["Ring of the Snake","Vajra","Tingsha","Toxic Egg 2","Whetstone","Omamori","WristBlade","Orichalcum","Strawberry","Pocketwatch","Bag of Marbles","HoveringKite","Membership Card","War Paint","Sundial","Anchor","Happy Flower"],"potions_floor_usage":[],"damage_taken":[{"damage":0.0,"enemies":"Small Slimes","floor":1.0,"turns":4.0},{"damage":0.0,"enemies":"2 Louse","floor":2.0,"turns":3.0},{"damage":0.0,"enemies":"Jaw Worm","floor":4.0,"turns":5.0},{"damage":3.0,"enemies":"Blue Slaver","floor":5.0,"turns":5.0},{"damage":42.0,"enemies":"Gremlin Nob","floor":6.0,"turns":5.0},{"damage":25.0,"enemies":"Lagavulin","floor":8.0,"turns":5.0},{"damage":12.0,"enemies":"Gremlin Nob","floor":10.0,"turns":5.0},{"damage":0.0,"enemies":"Gremlin Gang","floor":11.0,"turns":4.0},{"damage":1.0,"enemies":"Lagavulin","floor":14.0,"turns":7.0},{"damage":15.0,"enemies":"The Guardian","floor":16.0,"turns":14.0},{"damage":11.0,"enemies":"3 Byrds","floor":18.0,"turns":7.0},{"damage":6.0,"enemies":"Spheric Guardian","floor":20.0,"turns":3.0},{"damage":32.0,"enemies":"Slavers","floor":23.0,"turns":8.0},{"damage":12.0,"enemies":"Snake Plant","floor":25.0,"turns":4.0},{"damage":15.0,"enemies":"Sentry and Sphere","floor":28.0,"turns":4.0},{"damage":10.0,"enemies":"Book of Stabbing","floor":29.0,"turns":5.0},{"damage":35.0,"enemies":"Slavers","floor":31.0,"turns":6.0},{"damage":35.0,"enemies":"Automaton","floor":33.0,"turns":12.0},{"damage":4.0,"enemies":"3 Darklings","floor":35.0,"turns":5.0},{"damage":0.0,"enemies":"Orb Walker","floor":36.0,"turns":2.0},{"damage":11.0,"enemies":"3 Darklings","floor":39.0,"turns":4.0},{"damage":30.0,"enemies":"Reptomancer","floor":40.0,"turns":6.0},{"damage":5.0,"enemies":"Sphere and 2 Shapes","floor":45.0,"turns":4.0},{"damage":27.0,"enemies":"Transient","floor":46.0,"turns":5.0},{"damage":16.0,"enemies":"Writhing Mass","floor":47.0,"turns":4.0},{"damage":11.0,"enemies":"Giant Head","floor":48.0,"turns":8.0},{"damage":4,"enemies":"Time Eater","floor":50,"turns":1}],"seed_played":"-1142961662363050179","potions_obtained":[{"floor":1.0,"key":"Explosive Potion"},{"floor":2.0,"key":"SkillPotion"},{"floor":6.0,"key":"EntropicBrew"},{"floor":11.0,"key":"GhostInAJar"},{"floor":16.0,"key":"SteroidPotion"},{"floor":20.0,"key":"Regen Potion"},{"floor":25.0,"key":"Weak Potion"},{"floor":31.0,"key":"SteroidPotion"}],"is_trial":false,"path_per_floor":["M","M","?","M","M","E","R","E","T","E","M","?","?","E","R","B",null,"M","?","M","?","?","E","R","M","T","R","M","E","R","E","R","B",null,"M","M","?","$","M","E","R","$","T","R","M","M","M","E","R","B"],"character_chosen":"THE_SILENT","items_purchased":["Membership Card","Calculated Gamble+1","Ancient Potion","Choke","Expertise+1","Master of Strategy+1","Dark Shackles+1","Sundial","Anchor"],"campfire_rested":8,"item_purchase_floors":[38,38,38,38,42,42,42,42,42],"current_hp_per_floor":[63,63,56,56,53,11,32,7,7,9,9,2,2,1,22,7,54,43,43,37,37,37,20,41,29,36,59,44,34,57,22,45,10,60,56,56,56,56,45,15,38,38,38,61,56,29,13,2,2,0],"gold":111,"neow_bonus":"UPGRADE_CARD","is_prod":false,"is_daily":false,"chose_seed":false,"campfire_upgraded":0,"win_rate":0,"timestamp":1560270393,"path_taken":["M","M","?","M","M","E","R","E","T","E","M","?","?","E","R","BOSS","M","?","M","?","?","E","R","?","T","R","M","E","R","E","R","BOSS","M","M","?","$","M","E","R","$","T","R","M","M","M","E","R","BOSS"],"build_version":"2019-01-23","purchased_purges":2,"victory":false,"max_hp_per_floor":[70,70,70,70,70,70,70,70,70,70,70,70,70,70,70,70,70,70,70,70,70,70,70,70,70,77,77,77,77,77,77,77,77,77,77,77,77,77,77,77,77,77,77,77,77,77,77,77,77,77],"card_choices":[{"not_picked":["Dagger Spray","Backflip"],"picked":"Slice","floor":1.0},{"not_picked":["Distraction","Terror"],"picked":"Infinite Blades","floor":2.0},{"not_picked":["Dagger Spray","Blade Dance"],"picked":"Slice","floor":4.0},{"not_picked":["Choke","Dagger Throw"],"picked":"Slice","floor":5.0},{"not_picked":["Outmaneuver","Escape Plan"],"picked":"Wraith Form v2","floor":6.0},{"not_picked":["Dodge and Roll","Sucker Punch"],"picked":"Cloak And Dagger","floor":8.0},{"not_picked":["Deflect+1","Infinite Blades"],"picked":"Backflip+1","floor":10.0},{"not_picked":["Heel Hook","Underhanded Strike"],"picked":"Dagger Throw","floor":11.0},{"not_picked":["Dagger Spray","Accuracy"],"picked":"Leg Sweep+1","floor":14.0},{"not_picked":["Die Die Die","Adrenaline+1"],"picked":"Envenom","floor":16.0},{"not_picked":["Noxious Fumes+1","Quick Slash"],"picked":"Endless Agony","floor":18.0},{"not_picked":["PiercingWail+1","Catalyst+1"],"picked":"Deflect+1","floor":20.0},{"not_picked":["Predator","Escape Plan+1"],"picked":"Backflip+1","floor":23.0},{"not_picked":["PiercingWail+1","Deadly Poison+1"],"picked":"Cloak And Dagger+1","floor":25.0},{"not_picked":["Bouncing Flask+1","Escape Plan+1"],"picked":"Envenom","floor":28.0},{"not_picked":["Heel Hook","Sucker Punch","Outmaneuver+1"],"picked":"SKIP","floor":29.0},{"not_picked":["Quick Slash","Burst+1"],"picked":"Prepared+1","floor":31.0},{"not_picked":["Glass Knife","Tools of the Trade"],"picked":"A Thousand Cuts","floor":33.0},{"not_picked":["Setup+1","Dagger Spray","Dash+1"],"picked":"SKIP","floor":35.0},{"not_picked":["Finisher","Escape Plan+1"],"picked":"Slice+1","floor":36.0},{"not_picked":["Expertise+1","Sucker Punch+1"],"picked":"Slice+1","floor":39.0},{"not_picked":["Choke","Prepared+1"],"picked":"Acrobatics+1","floor":40.0},{"not_picked":["Terror+1","Distraction+1","Deadly Poison+1"],"picked":"SKIP","floor":45.0},{"not_picked":["Dagger Spray+1","Leg Sweep+1","All Out Attack"],"picked":"SKIP","floor":46.0},{"not_picked":["Slice+1","Flechettes+1"],"picked":"Backflip+1","floor":47.0},{"not_picked":["Quick Slash+1","Underhanded Strike"],"picked":"Escape Plan+1","floor":48.0}],"player_experience":319669,"relics_obtained":[{"floor":6.0,"key":"Vajra"},{"floor":8.0,"key":"Tingsha"},{"floor":9.0,"key":"Toxic Egg 2"},{"floor":10.0,"key":"Whetstone"},{"floor":14.0,"key":"Omamori"},{"floor":23.0,"key":"Orichalcum"},{"floor":26.0,"key":"Strawberry"},{"floor":29.0,"key":"Pocketwatch"},{"floor":31.0,"key":"Bag of Marbles"},{"floor":40.0,"key":"War Paint"},{"floor":48.0,"key":"Happy Flower"}],"event_choices":[{"cards_removed":["Strike_G"],"damage_healed":0.0,"max_hp_gain":0.0,"max_hp_loss":0.0,"gold_gain":0.0,"event_name":"Golden Wing","player_choice":"Card Removal","floor":3.0,"gold_loss":0.0,"damage_taken":7.0},{"damage_healed":0.0,"max_hp_gain":0.0,"max_hp_loss":0.0,"gold_gain":0.0,"event_name":"Scrap Ooze","player_choice":"Fled","floor":12.0,"gold_loss":0.0,"damage_taken":7.0},{"damage_healed":0.0,"max_hp_gain":0.0,"max_hp_loss":0.0,"gold_gain":0.0,"event_name":"Living Wall","player_choice":"Grow","floor":13.0,"gold_loss":0.0,"damage_taken":0.0,"cards_upgraded":["Wraith Form v2"]},{"damage_healed":0.0,"max_hp_gain":0.0,"max_hp_loss":0.0,"gold_gain":0.0,"event_name":"Vampires","player_choice":"Ignored","floor":19.0,"gold_loss":0.0,"damage_taken":0.0},{"cards_removed":["Strike_G"],"damage_healed":0.0,"max_hp_gain":0.0,"max_hp_loss":0.0,"gold_gain":0.0,"event_name":"Back to Basics","player_choice":"Elegance","floor":21.0,"gold_loss":0.0,"damage_taken":0.0},{"damage_healed":0.0,"max_hp_gain":0.0,"max_hp_loss":0.0,"gold_gain":0.0,"event_name":"Match and Keep!","player_choice":"1 cards matched","floor":22.0,"gold_loss":0.0,"damage_taken":0.0,"cards_obtained":["Dramatic Entrance"]},{"cards_removed":["Strike_G"],"damage_healed":0.0,"max_hp_gain":0.0,"max_hp_loss":0.0,"gold_gain":0.0,"event_name":"Falling","player_choice":"Removed Attack","floor":37.0,"gold_loss":0.0,"damage_taken":0.0}],"is_beta":false,"boss_relics":[{"not_picked":["Velvet Choker","Astrolabe"],"picked":"WristBlade"},{"not_picked":["Fusion Hammer","Lizard Tail"],"picked":"HoveringKite"}],"items_purged_floors":[38,42],"is_endless":false,"potions_floor_spawned":[1,2,6,11,16,20,25,31,40,46,47],"killed_by":"Time Eater","ascension_level":6}