{"gold_per_floor":[119,119,47,61,80,106,123,137,137,151,183,183,183],"floor_reached":13,"playtime":771,"items_purged":[],"score":102,"play_id":"ee898850-b978-4637-b689-bd17a0a9ef4f","local_time":"20190504142429","is_ascension_mode":true,"campfire_choices":[],"neow_cost":"NONE","seed_source_timestamp":1383703501225500,"circlet_count":0,"master_deck":["Strike_R","Strike_R","Strike_R","Strike_R","Strike_R","Defend_R","Defend_R","Defend_R","Defend_R","Bash+1","Pommel Strike","Entrench+1","Uppercut","Searing Blow","Shrug It Off","Disarm","Anger","Headbutt"],"relics":["Burning Blood","Art of War","Blood Vial","Bag of Marbles","Strawberry"],"potions_floor_usage":[10,11,11],"damage_taken":[{"damage":0,"enemies":"2 Louse","floor":1,"turns":3},{"damage":3,"enemies":"Cultist","floor":4,"turns":5},{"damage":11,"enemies":"Jaw Worm","floor":5,"turns":2},{"damage":44,"enemies":"Lagavulin","floor":6,"turns":7},{"damage":2,"enemies":"Large Slime","floor":7,"turns":5},{"damage":12,"enemies":"Blue Slaver","floor":8,"turns":4},{"damage":14,"enemies":"Lots of Slimes","floor":10,"turns":5},{"damage":22,"enemies":"3 Sentries","floor":11,"turns":7},{"damage":33,"enemies":"Lagavulin","floor":13,"turns":5}],"seed_played":"-9099229829098906191","potions_obtained":[{"floor":5,"key":"LiquidBronze"},{"floor":6,"key":"Dexterity Potion"},{"floor":10,"key":"SteroidPotion"}],"is_trial":false,"path_per_floor":["M","?","$","M","M","E","M","M","T","M","E","?","E"],"character_chosen":"IRONCLAD","items_purchased":["Entrench"],"campfire_rested":0,"item_purchase_floors":[3],"current_hp_per_floor":[80,80,80,80,75,37,43,39,39,33,26,26,0],"gold":183,"neow_bonus":"RANDOM_COMMON_RELIC","is_prod":false,"is_daily":false,"chose_seed":false,"campfire_upgraded":0,"win_rate":0,"timestamp":1556997869,"path_taken":["M","?","$","M","M","E","?","M","T","M","E","?","E"],"build_version":"2019-01-23","purchased_purges":0,"victory":false,"max_hp_per_floor":[80,80,80,80,80,80,80,80,80,80,87,87,87],"card_choices":[{"not_picked":["Cleave","Body Slam"],"picked":"Pommel Strike","floor":1},{"not_picked":["Heavy Blade","Headbutt"],"picked":"Uppercut","floor":4},{"not_picked":["Thunderclap","Clash"],"picked":"Searing Blow","floor":5},{"not_picked":["Burning Pact","Warcry"],"picked":"Shrug It Off","floor":6},{"not_picked":["Heavy Blade","Flex"],"picked":"Disarm","floor":7},{"not_picked":["Seeing Red","Shrug It Off"],"picked":"Anger","floor":8},{"not_picked":["Armaments","Sever Soul"],"picked":"Headbutt","floor":10},{"not_picked":["Rupture","Juggernaut","Reckless Charge"],"picked":"SKIP","floor":11}],"player_experience":96071,"relics_obtained":[{"floor":6,"key":"Blood Vial"},{"floor":9,"key":"Bag of Marbles"},{"floor":11,"key":"Strawberry"}],"event_choices":[{"damage_healed":0,"gold_gain":0,"player_choice":"Forge","damage_taken":0,"max_hp_gain":0,"max_hp_loss":0,"event_name":"Accursed Blacksmith","floor":2,"gold_loss":0,"cards_upgraded":["Bash"]},{"damage_healed":0,"gold_gain":0,"player_choice":"Grow","damage_taken":0,"max_hp_gain":0,"max_hp_loss":0,"event_name":"Living Wall","floor":12,"gold_loss":0,"cards_upgraded":["Entrench"]}],"is_beta":false,"boss_relics":[],"items_purged_floors":[],"is_endless":false,"potions_floor_spawned":[5,6,10],"killed_by":"Lagavulin","ascension_level":1}