{"gold_per_floor":[118,193,203,203,203,203,228,246,246,271,281,314,314],"floor_reached":13,"playtime":313,"items_purged":[],"score":179,"play_id":"9128170e-203b-4a7f-85f8-404e8d62881a","local_time":"20190412144352","is_ascension_mode":true,"campfire_choices":[{"data":"Catalyst","floor":6,"key":"SMITH"}],"neow_cost":"NONE","seed_source_timestamp":73892233564462,"circlet_count":0,"master_deck":["Defend_G","Defend_G","Defend_G","Defend_G","Defend_G","Strike_G","Strike_G","Strike_G","Strike_G","Strike_G","Survivor","Neutralize","Poisoned Stab","Catalyst+1","Dagger Spray","Prepared","Tactician+1","Acrobatics+1","Cloak And Dagger+1"],"relics":["Ring of the Snake","NeowsBlessing","Pantograph","Torii","Toxic Egg 2","FossilizedHelix","Art of War"],"potions_floor_usage":[10,13,13,13],"damage_taken":[{"damage":0,"enemies":"Small Slimes","floor":1,"turns":1},{"damage":0,"enemies":"Jaw Worm","floor":3,"turns":1},{"damage":0,"enemies":"Lagavulin","floor":7,"turns":1},{"damage":1,"enemies":"2 Louse","floor":8,"turns":3},{"damage":14,"enemies":"3 Sentries","floor":10,"turns":8},{"damage":0,"enemies":"Exordium Wildlife","floor":11,"turns":2},{"damage":16,"enemies":"Gremlin Nob","floor":12,"turns":4},{"damage":39,"enemies":"Gremlin Gang","floor":13,"turns":3}],"seed_played":"6111057063811720154","potions_obtained":[{"floor":1,"key":"SkillPotion"},{"floor":3,"key":"GhostInAJar"},{"floor":8,"key":"Explosive Potion"},{"floor":10,"key":"Regen Potion"}],"is_trial":false,"path_per_floor":["M","?","M","?","?","R","E","M","T","E","M","E","M"],"character_chosen":"THE_SILENT","items_purchased":[],"campfire_rested":0,"item_purchase_floors":[],"current_hp_per_floor":[63,52,52,57,54,54,54,53,53,39,39,23,0],"gold":314,"neow_bonus":"THREE_ENEMY_KILL","is_prod":false,"is_daily":false,"chose_seed":false,"campfire_upgraded":1,"win_rate":0,"timestamp":1555098232,"path_taken":["M","?","M","?","?","R","E","?","T","E","?","E","M"],"build_version":"2019-01-23","purchased_purges":0,"victory":false,"max_hp_per_floor":[70,70,70,75,75,75,75,75,75,75,75,75,75],"card_choices":[{"not_picked":["Deflect","Bane"],"picked":"Poisoned Stab","floor":1},{"not_picked":["Prepared","Backstab"],"picked":"Catalyst","floor":3},{"not_picked":["Dagger Throw","Malaise"],"picked":"Dagger Spray","floor":7},{"not_picked":["Underhanded Strike","Accuracy"],"picked":"Prepared","floor":8},{"not_picked":["Underhanded Strike","Dagger Spray"],"picked":"Tactician+1","floor":10},{"not_picked":["Sucker Punch","Slice"],"picked":"Acrobatics+1","floor":11},{"not_picked":["Expertise+1","Underhanded Strike"],"picked":"Cloak And Dagger+1","floor":12}],"player_experience":415934,"relics_obtained":[{"floor":7,"key":"Torii"},{"floor":9,"key":"Toxic Egg 2"},{"floor":10,"key":"FossilizedHelix"},{"floor":12,"key":"Art of War"}],"event_choices":[{"damage_healed":0,"gold_gain":75,"player_choice":"Gather Gold","damage_taken":11,"max_hp_gain":0,"max_hp_loss":0,"event_name":"World of Goop","floor":2,"gold_loss":0},{"damage_healed":0,"gold_gain":0,"player_choice":"Donut","damage_taken":0,"max_hp_gain":5,"max_hp_loss":0,"event_name":"Big Fish","floor":4,"gold_loss":0},{"damage_healed":0,"gold_gain":0,"player_choice":"Success","damage_taken":3,"relics_obtained":["Pantograph"],"max_hp_gain":0,"max_hp_loss":0,"event_name":"Scrap Ooze","floor":5,"gold_loss":0}],"is_beta":false,"boss_relics":[],"items_purged_floors":[],"is_endless":false,"potions_floor_spawned":[1,3,8,10,12],"killed_by":"Gremlin Gang","ascension_level":8}