{"gold_per_floor":[114,114,134,134,153,189,210,210,237,237,237,262,282,300,300,396,396,411,331,331,331],"floor_reached":21,"playtime":1278,"items_purged":[],"score":344,"play_id":"ec60826f-56a5-4b0f-8e63-8063d071d621","local_time":"20190206031036","is_ascension_mode":true,"campfire_choices":[{"floor":8.0,"key":"REST"},{"floor":11.0,"key":"REST"},{"floor":15.0,"key":"REST"}],"neow_cost":"PERCENT_DAMAGE","seed_source_timestamp":0,"circlet_count":0,"master_deck":["AscendersBane","Strike_B","Defend_B","Defend_B","Defend_B","Defend_B","Zap","Dualcast","Rip and Tear","Cold Snap","BootSequence","Coolheaded","Echo Form","Ghostly","Ghostly","Ghostly"],"special_seed":0,"relics":["Cracked Core","Golden Idol","PreservedInsect","Strawberry","Art of War","Lizard Tail"],"potions_floor_usage":[],"damage_taken":[{"damage":7.0,"enemies":"Jaw Worm","floor":1.0,"turns":3.0},{"damage":1.0,"enemies":"Cultist","floor":3.0,"turns":3.0},{"damage":8.0,"enemies":"Small Slimes","floor":5.0,"turns":3.0},{"damage":30.0,"enemies":"3 Sentries","floor":6.0,"turns":9.0},{"damage":0.0,"enemies":"3 Louse","floor":7.0,"turns":2.0},{"damage":1.0,"enemies":"Blue Slaver","floor":12.0,"turns":3.0},{"damage":0.0,"enemies":"Exordium Wildlife","floor":13.0,"turns":2.0},{"damage":6.0,"enemies":"2 Fungi Beasts","floor":14.0,"turns":3.0},{"damage":43.0,"enemies":"The Guardian","floor":16.0,"turns":17.0},{"damage":44.0,"enemies":"Chosen","floor":18.0,"turns":11.0},{"damage":10.0,"enemies":"2 Thieves","floor":19.0,"turns":4.0},{"damage":48,"enemies":"Centurion and Healer","floor":21,"turns":10}],"seed_played":"-4795453046644210347","potions_obtained":[{"floor":3.0,"key":"FairyPotion"},{"floor":6.0,"key":"Explosive Potion"},{"floor":7.0,"key":"SpeedPotion"},{"floor":16.0,"key":"Fruit Juice"}],"is_trial":false,"path_per_floor":["M","?","M","?","M","E","M","R","T","?","R","M","M","M","R","B",null,"M","M","?","M"],"character_chosen":"DEFECT","items_purchased":[],"campfire_rested":3,"item_purchase_floors":[],"current_hp_per_floor":[39,39,38,38,30,6,6,25,32,21,42,41,41,35,56,13,62,18,8,8,0],"gold":331,"neow_bonus":"REMOVE_TWO","is_prod":false,"is_daily":false,"chose_seed":false,"campfire_upgraded":0,"win_rate":0,"timestamp":1549411836,"path_taken":["M","?","?","?","M","E","M","R","T","?","R","M","M","M","R","BOSS","M","M","?","M"],"build_version":"2019-01-23","purchased_purges":0,"victory":false,"max_hp_per_floor":[71,71,71,64,64,64,64,64,71,71,71,71,71,71,71,71,76,76,76,38,38],"card_choices":[{"not_picked":["Streamline","Barrage","Compile Driver"],"picked":"SKIP","floor":1.0},{"not_picked":["Aggregate","Leap"],"picked":"Rip and Tear","floor":3.0},{"not_picked":["Ball Lightning","Stack"],"picked":"Cold Snap","floor":5.0},{"not_picked":["Barrage","Coolheaded"],"picked":"BootSequence","floor":6.0},{"not_picked":["Beam Cell","Doom and Gloom","Fusion"],"picked":"SKIP","floor":7.0},{"not_picked":["Machine Learning","Steam"],"picked":"Coolheaded","floor":12.0},{"not_picked":["Turbo","Gash","Sunder"],"picked":"SKIP","floor":13.0},{"not_picked":["Stack","Rebound","Turbo"],"picked":"SKIP","floor":14.0},{"not_picked":["Creative AI","Fission"],"picked":"Echo Form","floor":16.0},{"not_picked":["Storm","Leap","Steam"],"picked":"SKIP","floor":18.0},{"not_picked":["Darkness+1","Stack","Melter"],"picked":"SKIP","floor":19}],"player_experience":921876,"relics_obtained":[{"floor":6.0,"key":"PreservedInsect"},{"floor":9.0,"key":"Strawberry"}],"event_choices":[{"cards_removed":["Strike_B"],"damage_healed":0.0,"max_hp_gain":0.0,"max_hp_loss":0.0,"gold_gain":0.0,"event_name":"Purifier","player_choice":"Purged","floor":2.0,"gold_loss":0.0,"damage_taken":0.0},{"damage_healed":0.0,"max_hp_gain":0.0,"max_hp_loss":7.0,"gold_gain":0.0,"event_name":"Golden Idol","player_choice":"Lose Max HP","floor":4.0,"gold_loss":0.0,"damage_taken":0.0,"relics_obtained":["Golden Idol"]},{"damage_healed":0.0,"max_hp_gain":0.0,"max_hp_loss":0.0,"gold_gain":0.0,"event_name":"Scrap Ooze","player_choice":"Success","floor":10.0,"gold_loss":0.0,"damage_taken":11.0,"relics_obtained":["Art of War"]},{"damage_healed":0,"gold_gain":0,"player_choice":"Became a Ghost","damage_taken":0,"max_hp_gain":0,"max_hp_loss":38,"event_name":"Ghosts","floor":20,"gold_loss":0,"cards_obtained":["Ghostly","Ghostly","Ghostly"]}],"is_beta":false,"boss_relics":[{"not_picked":["Eternal Feather","Black Star"],"picked":"Lizard Tail"}],"items_purged_floors":[],"is_endless":false,"potions_floor_spawned":[3,6,7,16],"killed_by":"Centurion and Healer","ascension_level":18}