{"gold_per_floor":[12,12,32,45,65,65,96,96,96,110,120,202,202,212,212,286,286,302,302,318,368,378,378,396,396,420,432,458,482,494,506,518,605,617,640,652,664,695,724,736,748],"floor_reached":41,"playtime":5401,"items_purged":[],"score":774,"play_id":"464d3448-0f9a-4aec-b55c-d7e979788d70","local_time":"20190306041147","is_ascension_mode":true,"campfire_choices":[{"floor":6,"key":"REST"},{"floor":8,"key":"REST"},{"data":"Zap","floor":15,"key":"SMITH"},{"floor":23,"key":"REST"},{"floor":25,"key":"REST"},{"data":"Creative AI","floor":27,"key":"SMITH"},{"floor":30,"key":"REST"},{"floor":32,"key":"REST"},{"floor":40,"key":"REST"}],"neow_cost":"NO_GOLD","seed_source_timestamp":2440841409209,"circlet_count":0,"master_deck":["AscendersBane","Defend_B","Defend_B","Zap+1","Loop","Leap","Ball Lightning","Steam","BootSequence","Creative AI+1","Turbo+1","Sunder+1","Skim+1","Coolheaded+1","Cold Snap","Amplify","Parasite","Defragment+1"],"relics":["Cracked Core","Calipers","Pocketwatch","Mummified Hand","Astrolabe","MawBank","Molten Egg 2","Inserter"],"potions_floor_usage":[7,16,16,28,29,41],"damage_taken":[{"damage":2,"enemies":"Jaw Worm","floor":1,"turns":4},{"damage":1,"enemies":"2 Louse","floor":3,"turns":4},{"damage":4,"enemies":"Small Slimes","floor":4,"turns":4},{"damage":1,"enemies":"3 Louse","floor":5,"turns":4},{"damage":27,"enemies":"3 Sentries","floor":7,"turns":8},{"damage":1,"enemies":"2 Fungi Beasts","floor":10,"turns":3},{"damage":13,"enemies":"Lots of Slimes","floor":11,"turns":5},{"damage":12,"enemies":"Large Slime","floor":14,"turns":6},{"damage":4,"enemies":"The Guardian","floor":16,"turns":8},{"damage":9,"enemies":"Spheric Guardian","floor":18,"turns":4},{"damage":15,"enemies":"3 Byrds","floor":20,"turns":4},{"damage":20,"enemies":"Snake Plant","floor":22,"turns":4},{"damage":19,"enemies":"Sentry and Sphere","floor":24,"turns":6},{"damage":1,"enemies":"Cultist and Chosen","floor":28,"turns":6},{"damage":9,"enemies":"Centurion and Healer","floor":29,"turns":7},{"damage":14,"enemies":"Collector","floor":33,"turns":9},{"damage":43,"enemies":"Orb Walker","floor":35,"turns":5},{"damage":0,"enemies":"3 Shapes","floor":38,"turns":5},{"damage":0,"enemies":"Writhing Mass","floor":39,"turns":6},{"damage":52,"enemies":"4 Shapes","floor":41,"turns":3}],"seed_played":"6237181926148894827","potions_obtained":[{"floor":3,"key":"Strength Potion"},{"floor":10,"key":"Fire Potion"},{"floor":11,"key":"FocusPotion"},{"floor":16,"key":"SteroidPotion"},{"floor":18,"key":"Swift Potion"},{"floor":33,"key":"SpeedPotion"},{"floor":38,"key":"Fire Potion"}],"is_trial":false,"path_per_floor":["M","?","M","M","M","R","E","R","T","M","M","T","?","M","R","B",null,"M","?","M","?","M","R","M","R","T","R","M","M","R","T","R","B",null,"M","?","?","M","M","R","M"],"character_chosen":"DEFECT","items_purchased":[],"campfire_rested":7,"item_purchase_floors":[],"current_hp_per_floor":[62,44,43,39,38,59,32,53,53,52,39,39,62,50,50,46,65,56,56,41,41,21,42,23,44,44,44,43,34,55,55,71,57,68,25,25,25,25,25,46,0],"gold":748,"neow_bonus":"TRANSFORM_TWO_CARDS","is_prod":false,"is_daily":false,"chose_seed":false,"campfire_upgraded":2,"win_rate":0,"timestamp":1551834707,"path_taken":["M","?","M","M","M","R","E","R","T","M","M","?","?","M","R","BOSS","M","?","M","?","M","R","M","R","T","R","M","M","R","?","R","BOSS","M","?","?","M","?","R","M"],"build_version":"2019-01-23","purchased_purges":0,"victory":false,"max_hp_per_floor":[71,71,71,71,71,71,71,71,71,71,71,71,71,71,71,71,71,71,71,71,71,71,71,71,71,71,71,71,71,71,71,71,71,71,71,71,71,71,71,71,71],"card_choices":[{"not_picked":["Coolheaded","Lockon","Compile Driver"],"picked":"SKIP","floor":1},{"not_picked":["Rebound","Stack","Turbo"],"picked":"SKIP","floor":3},{"not_picked":["Scrape","Compile Driver"],"picked":"Ball Lightning","floor":4},{"not_picked":["Conserve Battery","Reprogram"],"picked":"Steam","floor":5},{"not_picked":["Steam Power","Double Energy","Streamline"],"picked":"SKIP","floor":7},{"not_picked":["Reprogram","Sweeping Beam","Beam Cell"],"picked":"SKIP","floor":10},{"not_picked":["Scrape","Heatsinks"],"picked":"BootSequence","floor":11},{"not_picked":["Steam","Sweeping Beam","Go for the Eyes"],"picked":"SKIP","floor":14},{"not_picked":["Seek","Hyperbeam"],"picked":"Creative AI","floor":16},{"not_picked":["Go for the Eyes+1","BootSequence"],"picked":"Coolheaded+1","floor":18},{"not_picked":["Steam","Conserve Battery"],"picked":"Cold Snap","floor":20},{"not_picked":["All For One","Gash","Hologram"],"picked":"SKIP","floor":22},{"not_picked":["Streamline","Leap","Steam"],"picked":"SKIP","floor":24},{"not_picked":["Skim","Gash+1","Leap"],"picked":"SKIP","floor":28},{"not_picked":["Leap","Reboot","Streamline"],"picked":"SKIP","floor":29},{"not_picked":["Thunder Strike+1","Buffer"],"picked":"Amplify","floor":33},{"not_picked":["Streamline+1","Leap","Hello World+1"],"picked":"SKIP","floor":35},{"not_picked":["Scrape+1","Streamline+1","Rebound+1"],"picked":"SKIP","floor":38},{"not_picked":["Stack","Conserve Battery+1"],"picked":"Defragment+1","floor":39}],"player_experience":1016714,"relics_obtained":[{"floor":7,"key":"Calipers"},{"floor":9,"key":"Pocketwatch"},{"floor":12,"key":"Mummified Hand"},{"floor":26,"key":"MawBank"},{"floor":31,"key":"Molten Egg 2"}],"event_choices":[{"damage_healed":0,"gold_gain":0,"player_choice":"Fled","damage_taken":18,"max_hp_gain":0,"max_hp_loss":0,"event_name":"Scrap Ooze","floor":2,"gold_loss":0},{"damage_healed":23,"gold_gain":0,"player_choice":"Banana","damage_taken":0,"max_hp_gain":0,"max_hp_loss":0,"event_name":"Big Fish","floor":13,"gold_loss":0},{"damage_healed":0,"gold_gain":0,"player_choice":"Ignored","damage_taken":0,"max_hp_gain":0,"max_hp_loss":0,"event_name":"Ghosts","floor":19,"gold_loss":0},{"damage_healed":0,"gold_gain":50,"player_choice":"Stole From Cult","damage_taken":0,"max_hp_gain":0,"max_hp_loss":0,"event_name":"Nest","floor":21,"gold_loss":0},{"cards_removed":["Dualcast"],"damage_healed":0,"gold_gain":0,"player_choice":"Removed Skill","damage_taken":0,"max_hp_gain":0,"max_hp_loss":0,"event_name":"Falling","floor":36,"gold_loss":0},{"cards_removed":["Defend_B"],"damage_healed":0,"gold_gain":0,"player_choice":"Card Removal","damage_taken":0,"max_hp_gain":0,"max_hp_loss":0,"event_name":"Wheel of Change","floor":37,"gold_loss":0}],"is_beta":false,"boss_relics":[{"not_picked":["Cursed Key","FrozenCore"],"picked":"Astrolabe"},{"not_picked":["Orrery","Coffee Dripper"],"picked":"Inserter"}],"items_purged_floors":[],"is_endless":false,"potions_floor_spawned":[3,10,11,14,16,18,22,24,33,38,39],"killed_by":"4 Shapes","ascension_level":19}