{"gold_per_floor":[210,210,226,245,245,272,272,304,304,304,320,320,332,352,352,448,448,460,480,480,338,355,355,368,467,516,547,557,581,611,625,625,726,726,737,749,508,521,521,554,554,554,601,601],"floor_reached":44,"playtime":1996,"items_purged":["Strike_G"],"score":490,"play_id":"eff33aa9-f8c9-4371-9f91-35eeb6e6561d","local_time":"20190331221523","is_ascension_mode":false,"campfire_choices":[{"data":"Neutralize","floor":7,"key":"SMITH"},{"floor":12,"key":"REST"},{"data":"Footwork","floor":15,"key":"SMITH"},{"data":"Noxious Fumes","floor":23,"key":"SMITH"},{"floor":32,"key":"REST"},{"data":"Venomology","floor":41,"key":"SMITH"}],"neow_cost":"NONE","seed_source_timestamp":274498289823668,"circlet_count":0,"master_deck":["Defend_G+1","Defend_G","Defend_G+1","Defend_G","Defend_G","Strike_G","Strike_G","Strike_G","Survivor","Neutralize+1","Poisoned Stab","Noxious Fumes+1","Bouncing Flask","Bane","Dodge and Roll","Footwork+1","Deadly Poison","Prepared","Venomology+1","Heel Hook+1","Noxious Fumes","Poisoned Stab+1","Deadly Poison","Backflip+1","Sucker Punch+1","Skewer+1","Corpse Explosion","Adrenaline","Acrobatics","Prepared","Acrobatics","Writhe","Footwork+1"],"relics":["Ring of the Serpent","Bottled Flame","Molten Egg 2","Pantograph","War Paint","Lizard Tail","Dead Branch","Boot","Centennial Puzzle","Strawberry","Gremlin Horn","Potion Belt","Anchor"],"potions_floor_usage":[18,22,22,22,27,27,28,28,30,31,31,33,33,33,38,38,40],"damage_taken":[{"damage":4,"enemies":"Jaw Worm","floor":1,"turns":6},{"damage":0,"enemies":"2 Louse","floor":3,"turns":2},{"damage":0,"enemies":"Cultist","floor":4,"turns":3},{"damage":28,"enemies":"Gremlin Nob","floor":6,"turns":4},{"damage":21,"enemies":"3 Sentries","floor":8,"turns":8},{"damage":0,"enemies":"Blue Slaver","floor":11,"turns":5},{"damage":1,"enemies":"Looter","floor":13,"turns":3},{"damage":5,"enemies":"Gremlin Gang","floor":14,"turns":5},{"damage":20,"enemies":"Slime Boss","floor":16,"turns":12},{"damage":0,"enemies":"Chosen","floor":18,"turns":5},{"damage":3,"enemies":"Spheric Guardian","floor":19,"turns":5},{"damage":5,"enemies":"Cultist and Chosen","floor":22,"turns":7},{"damage":10,"enemies":"Centurion and Healer","floor":24,"turns":6},{"damage":6,"enemies":"Book of Stabbing","floor":27,"turns":7},{"damage":3,"enemies":"Snecko","floor":28,"turns":4},{"damage":38,"enemies":"Gremlin Leader","floor":30,"turns":7},{"damage":14,"enemies":"Shelled Parasite and Fungi","floor":31,"turns":8},{"damage":75,"enemies":"Collector","floor":33,"turns":9},{"damage":22,"enemies":"3 Darklings","floor":35,"turns":3},{"damage":6,"enemies":"Orb Walker","floor":36,"turns":6},{"damage":19,"enemies":"Spire Growth","floor":38,"turns":7},{"damage":31,"enemies":"Giant Head","floor":40,"turns":10},{"damage":25,"enemies":"Writhing Mass","floor":44,"turns":2}],"seed_played":"-2685472375902780345","potions_obtained":[{"floor":8,"key":"Poison Potion"},{"floor":11,"key":"FearPotion"},{"floor":13,"key":"Block Potion"},{"floor":16,"key":"Energy Potion"},{"floor":22,"key":"PowerPotion"},{"floor":27,"key":"Dexterity Potion"},{"floor":28,"key":"FearPotion"},{"floor":30,"key":"Regen Potion"},{"floor":36,"key":"Fire Potion"},{"floor":40,"key":"SneckoOil"}],"is_trial":false,"path_per_floor":["M","?","M","M","?","E","R","E","T","?","M","R","M","M","R","B",null,"M","M","?","$","M","R","M","?","T","E","M","T","E","M","R","B",null,"M","M","$","M","?","E","R","?","T","M"],"character_chosen":"THE_SILENT","items_purchased":["Noxious Fumes","Gremlin Horn"],"campfire_rested":2,"item_purchase_floors":[21,37],"current_hp_per_floor":[66,66,66,66,71,43,43,22,22,15,15,37,36,31,31,36,75,75,72,72,72,67,67,57,57,57,51,48,48,17,3,27,34,82,60,54,54,35,56,25,25,25,25,0],"gold":601,"neow_bonus":"HUNDRED_GOLD","is_prod":false,"is_daily":false,"chose_seed":false,"campfire_upgraded":4,"win_rate":0,"timestamp":1554088523,"path_taken":["M","?","M","M","?","E","R","E","T","?","M","R","?","M","R","BOSS","M","?","?","$","M","R","M","?","T","E","M","?","E","?","R","BOSS","M","M","$","M","?","E","R","?","T","M"],"build_version":"2019-01-23","purchased_purges":1,"victory":false,"max_hp_per_floor":[70,70,70,70,75,75,75,75,75,75,75,75,75,75,75,75,75,75,75,75,75,75,75,75,75,75,75,75,75,82,82,82,82,82,82,82,82,82,82,82,82,82,82,82],"card_choices":[{"not_picked":["Dodge and Roll","Sucker Punch"],"picked":"Poisoned Stab","floor":1},{"not_picked":["Bouncing Flask","Envenom"],"picked":"Noxious Fumes","floor":3},{"not_picked":["Blade Dance","Deflect"],"picked":"Bouncing Flask","floor":4},{"not_picked":["Distraction","Quick Slash"],"picked":"Bane","floor":6},{"not_picked":["Finisher","Accuracy"],"picked":"Dodge and Roll","floor":8},{"not_picked":["Dodge and Roll","Bouncing Flask"],"picked":"Footwork","floor":11},{"not_picked":["Infinite Blades","Predator+1"],"picked":"Deadly Poison","floor":13},{"not_picked":["Acrobatics","Predator+1"],"picked":"Prepared","floor":14},{"not_picked":["Night Terror","A Thousand Cuts"],"picked":"Venomology","floor":16},{"not_picked":["Calculated Gamble","Slice+1"],"picked":"Backflip","floor":18},{"not_picked":["Underhanded Strike+1","Dagger Spray+1"],"picked":"Heel Hook+1","floor":19},{"not_picked":["Terror","Flying Knee+1"],"picked":"Poisoned Stab+1","floor":22},{"not_picked":["Prepared","Distraction"],"picked":"Deadly Poison","floor":24},{"not_picked":["Skewer+1","Prepared"],"picked":"Backflip+1","floor":27},{"not_picked":["Underhanded Strike+1","Setup+1"],"picked":"Sucker Punch+1","floor":28},{"not_picked":["Slice+1","Flechettes+1"],"picked":"Skewer+1","floor":30},{"not_picked":["Leg Sweep","Acrobatics"],"picked":"Corpse Explosion","floor":31},{"not_picked":["Venomology","Malaise"],"picked":"Adrenaline","floor":33},{"not_picked":["Dash+1","Bane+1"],"picked":"Acrobatics","floor":35},{"not_picked":["Quick Slash+1","Expertise"],"picked":"Prepared","floor":36},{"not_picked":["Accuracy+1","Slice+1"],"picked":"Acrobatics","floor":38},{"not_picked":["Sucker Punch+1","Predator+1"],"picked":"Footwork+1","floor":40}],"player_experience":368621,"relics_obtained":[{"floor":6,"key":"Bottled Flame"},{"floor":8,"key":"Molten Egg 2"},{"floor":9,"key":"Pantograph"},{"floor":27,"key":"Boot"},{"floor":29,"key":"Centennial Puzzle"},{"floor":30,"key":"Strawberry"},{"floor":40,"key":"Potion Belt"},{"floor":43,"key":"Anchor"}],"event_choices":[{"cards_removed":["Strike_G"],"damage_healed":0,"gold_gain":0,"player_choice":"Forget","damage_taken":0,"max_hp_gain":0,"max_hp_loss":0,"event_name":"Living Wall","floor":2,"gold_loss":0},{"damage_healed":0,"gold_gain":0,"player_choice":"Donut","damage_taken":0,"max_hp_gain":5,"max_hp_loss":0,"event_name":"Big Fish","floor":5,"gold_loss":0},{"damage_healed":0,"gold_gain":0,"player_choice":"Success","damage_taken":7,"relics_obtained":["War Paint"],"max_hp_gain":0,"max_hp_loss":0,"event_name":"Scrap Ooze","floor":10,"gold_loss":0},{"damage_healed":0,"gold_gain":0,"player_choice":"Opened","damage_taken":0,"relics_obtained":["Dead Branch"],"max_hp_gain":0,"max_hp_loss":0,"event_name":"The Mausoleum","floor":20,"gold_loss":0},{"damage_healed":0,"gold_gain":99,"player_choice":"Stole From Cult","damage_taken":0,"max_hp_gain":0,"max_hp_loss":0,"event_name":"Nest","floor":25,"gold_loss":0},{"damage_healed":21,"gold_gain":0,"player_choice":"Writhe","damage_taken":0,"max_hp_gain":0,"max_hp_loss":0,"event_name":"Winding Halls","floor":39,"gold_loss":0,"cards_obtained":["Writhe"]},{"cards_removed":["Backflip"],"damage_healed":0,"gold_gain":0,"player_choice":"Removed Skill","damage_taken":0,"max_hp_gain":0,"max_hp_loss":0,"event_name":"Falling","floor":42,"gold_loss":0}],"is_beta":false,"boss_relics":[{"not_picked":["Sozu","Fusion Hammer"],"picked":"Lizard Tail"},{"not_picked":["Astrolabe","Tiny House"],"picked":"Ring of the Serpent"}],"items_purged_floors":[21],"is_endless":false,"potions_floor_spawned":[8,11,13,16,22,27,28,30,36,40],"killed_by":"Writhing Mass","ascension_level":0}