{"gold_per_floor":[115,115,90,102,102,136,136,152,177,177,194,205,222,250,250,355,355,372,31,34,34],"floor_reached":21,"playtime":756,"items_purged":[],"score":292,"play_id":"671862e6-c325-454e-b9e8-f869fa22062b","local_time":"20190302134715","is_ascension_mode":true,"campfire_choices":[{"data":"Neutralize","floor":7,"key":"SMITH"},{"data":"Cloak And Dagger","floor":15,"key":"SMITH"}],"neow_cost":"NONE","seed_source_timestamp":146961594000099,"circlet_count":0,"master_deck":["Defend_G","Defend_G","Defend_G","Defend_G","Defend_G","Strike_G","Strike_G","Strike_G","Strike_G","Strike_G","Survivor","Neutralize+1","Sucker Punch","Blade Dance","Prepared","Regret","PiercingWail","Deadly Poison","Footwork","Backflip","Cloak And Dagger+1","Slice","Glass Knife","Footwork+1","Cloak And Dagger+1"],"relics":["Ring of the Serpent","NeowsBlessing","Snake Skull","Bag of Preparation","Juzu Bracelet","Bag of Marbles","Ice Cream","Membership Card","Frozen Egg 2"],"potions_floor_usage":[14,21],"damage_taken":[{"damage":0,"enemies":"2 Louse","floor":1,"turns":1},{"damage":0,"enemies":"Small Slimes","floor":4,"turns":1},{"damage":0,"enemies":"Lagavulin","floor":6,"turns":1},{"damage":0,"enemies":"Cultist","floor":8,"turns":3},{"damage":10,"enemies":"Blue Slaver","floor":11,"turns":4},{"damage":0,"enemies":"Exordium Wildlife","floor":12,"turns":2},{"damage":3,"enemies":"Looter","floor":13,"turns":3},{"damage":10,"enemies":"3 Sentries","floor":14,"turns":8},{"damage":31,"enemies":"Hexaghost","floor":16,"turns":13},{"damage":13,"enemies":"Shell Parasite","floor":18,"turns":9},{"damage":18,"enemies":"2 Thieves","floor":20,"turns":4},{"damage":27,"enemies":"Centurion and Healer","floor":21,"turns":7}],"seed_played":"2950290985905170845","potions_obtained":[{"floor":1,"key":"Fire Potion"},{"floor":4,"key":"SmokeBomb"},{"floor":11,"key":"FearPotion"},{"floor":12,"key":"AttackPotion"}],"is_trial":false,"path_per_floor":["M","?","$","M","?","E","R","M","T","?","M","M","M","E","R","B",null,"M","$","M","M"],"character_chosen":"THE_SILENT","items_purchased":["Blade Dance","Membership Card","Frozen Egg 2","Footwork+1"],"campfire_rested":0,"item_purchase_floors":[3,19,19,19],"current_hp_per_floor":[63,63,63,63,63,63,63,63,63,63,53,53,50,40,40,9,55,42,42,24,0],"gold":34,"neow_bonus":"THREE_ENEMY_KILL","is_prod":false,"is_daily":false,"chose_seed":false,"campfire_upgraded":2,"win_rate":0,"timestamp":1551556035,"path_taken":["M","?","$","M","?","E","R","M","T","?","M","M","M","E","R","BOSS","M","$","M","M"],"build_version":"2019-01-23","purchased_purges":0,"victory":false,"max_hp_per_floor":[70,70,70,70,70,70,70,70,70,70,70,70,70,70,70,70,70,70,70,70,70],"card_choices":[{"not_picked":["Bouncing Flask","PiercingWail"],"picked":"Sucker Punch","floor":1},{"not_picked":["Deadly Poison","PiercingWail"],"picked":"Prepared","floor":4},{"not_picked":["Deadly Poison","Outmaneuver"],"picked":"PiercingWail","floor":6},{"not_picked":["Choke","All Out Attack"],"picked":"Deadly Poison","floor":8},{"not_picked":["Calculated Gamble","Cloak And Dagger"],"picked":"Footwork","floor":11},{"not_picked":["Acrobatics","Wraith Form v2"],"picked":"Backflip","floor":12},{"not_picked":["Deflect","Sucker Punch"],"picked":"Cloak And Dagger","floor":13},{"not_picked":["Riddle With Holes","Choke"],"picked":"Slice","floor":14},{"not_picked":["Malaise","Grand Finale"],"picked":"Glass Knife","floor":16},{"not_picked":["Underhanded Strike+1","Sucker Punch","Eviscerate"],"picked":"SKIP","floor":18},{"not_picked":["Setup","Dodge and Roll"],"picked":"Cloak And Dagger+1","floor":20}],"player_experience":230256,"relics_obtained":[{"floor":6,"key":"Bag of Preparation"},{"floor":9,"key":"Juzu Bracelet"},{"floor":14,"key":"Ice Cream"}],"event_choices":[{"damage_healed":0,"gold_gain":0,"player_choice":"Ignored","damage_taken":0,"max_hp_gain":0,"max_hp_loss":0,"event_name":"Golden Wing","floor":2,"gold_loss":0},{"damage_healed":0,"gold_gain":0,"player_choice":"Box","damage_taken":0,"relics_obtained":["Snake Skull"],"max_hp_gain":0,"max_hp_loss":0,"event_name":"Big Fish","floor":5,"gold_loss":0,"cards_obtained":["Regret"]},{"damage_healed":0,"gold_gain":0,"player_choice":"Gave Potion","damage_taken":0,"relics_obtained":["Bag of Marbles"],"max_hp_gain":0,"max_hp_loss":0,"event_name":"WeMeetAgain","floor":10,"gold_loss":0}],"is_beta":false,"boss_relics":[{"not_picked":["Runic Dome","Velvet Choker"],"picked":"Ring of the Serpent"}],"items_purged_floors":[],"is_endless":false,"potions_floor_spawned":[1,4,11,12],"killed_by":"Centurion and Healer","ascension_level":7}