{"gold_per_floor":[14,26,40,10,85,85,118,139,163,182,182,182,196,221,221,323,323,340,321,341,84,84],"floor_reached":22,"playtime":850,"items_purged":[],"score":284,"play_id":"d6fba155-d2c3-4d07-a964-5002e6e98702","local_time":"20190420105147","is_ascension_mode":true,"campfire_choices":[{"data":"Noxious Fumes","floor":6,"key":"SMITH"},{"data":"Riddle With Holes","floor":12,"key":"SMITH"},{"data":"Deadly Poison","floor":15,"key":"SMITH"}],"neow_cost":"NO_GOLD","seed_source_timestamp":139494999555827,"circlet_count":0,"master_deck":["Defend_G","Defend_G","Defend_G","Defend_G","Defend_G","Strike_G","Strike_G","Strike_G","Strike_G","Strike_G","Survivor","Neutralize","Escape Plan","Noxious Fumes+1","PiercingWail","Acrobatics","Escape Plan","Riddle With Holes+1","Terror","Dagger Spray","Deadly Poison+1","After Image","Well Laid Plans","Concentrate+1","PiercingWail"],"relics":["Ring of the Snake","Turnip","Vajra","Odd Mushroom","Lantern","NlothsMask","Ancient Tea Set","White Beast Statue","Gremlin Horn"],"potions_floor_usage":[14,14,20],"damage_taken":[{"damage":0,"enemies":"Cultist","floor":1,"turns":4},{"damage":0,"enemies":"Small Slimes","floor":2,"turns":3},{"damage":4,"enemies":"Jaw Worm","floor":3,"turns":5},{"damage":0,"enemies":"Looter","floor":4,"turns":4},{"damage":14,"enemies":"3 Sentries","floor":7,"turns":8},{"damage":0,"enemies":"The Mushroom Lair","floor":8,"turns":6},{"damage":9,"enemies":"Gremlin Gang","floor":10,"turns":5},{"damage":0,"enemies":"3 Louse","floor":13,"turns":4},{"damage":1,"enemies":"Lagavulin","floor":14,"turns":4},{"damage":10,"enemies":"Slime Boss","floor":16,"turns":9},{"damage":8,"enemies":"3 Byrds","floor":18,"turns":7},{"damage":20,"enemies":"2 Thieves","floor":19,"turns":4},{"damage":11,"enemies":"Shelled Parasite and Fungi","floor":20,"turns":5},{"damage":22,"enemies":"Centurion and Healer","floor":22,"turns":2}],"seed_played":"4628958873589294990","potions_obtained":[{"floor":1,"key":"GamblersBrew"},{"floor":7,"key":"Explosive Potion"},{"floor":8,"key":"GamblersBrew"},{"floor":13,"key":"SteroidPotion"},{"floor":18,"key":"Block Potion"},{"floor":19,"key":"SpeedPotion"},{"floor":20,"key":"FearPotion"}],"is_trial":false,"path_per_floor":["M","M","M","M","?","R","E","?","T","M","?","R","M","E","R","B",null,"M","M","M","$","M"],"character_chosen":"THE_SILENT","items_purchased":["Gremlin Horn"],"campfire_rested":0,"item_purchase_floors":[21],"current_hp_per_floor":[63,63,59,59,48,48,34,34,34,25,25,25,25,24,24,14,56,48,28,17,17,0],"gold":84,"neow_bonus":"ONE_RARE_RELIC","is_prod":false,"is_daily":false,"chose_seed":false,"campfire_upgraded":3,"win_rate":0,"timestamp":1555775507,"path_taken":["M","?","M","M","?","R","E","?","T","M","?","R","M","E","R","BOSS","M","M","M","$","M"],"build_version":"2019-01-23","purchased_purges":0,"victory":false,"max_hp_per_floor":[70,70,70,70,70,70,70,70,70,70,70,70,70,70,70,70,70,70,70,70,70,70],"card_choices":[{"not_picked":["Infinite Blades","Sucker Punch"],"picked":"Escape Plan","floor":1},{"not_picked":["Eviscerate","Cloak And Dagger"],"picked":"Noxious Fumes","floor":2},{"not_picked":["Riddle With Holes","Flying Knee"],"picked":"PiercingWail","floor":3},{"not_picked":["Cloak And Dagger","Quick Slash"],"picked":"Acrobatics","floor":4},{"not_picked":["Wraith Form v2","Endless Agony"],"picked":"Escape Plan","floor":7},{"not_picked":["Deadly Poison","Flying Knee"],"picked":"Riddle With Holes","floor":8},{"not_picked":["Outmaneuver","Blade Dance"],"picked":"Terror","floor":10},{"not_picked":["Setup","Underhanded Strike"],"picked":"Dagger Spray","floor":13},{"not_picked":["Malaise","Poisoned Stab"],"picked":"Deadly Poison","floor":14},{"not_picked":["Night Terror","Grand Finale"],"picked":"After Image","floor":16},{"not_picked":["Terror","Prepared"],"picked":"Well Laid Plans","floor":18},{"not_picked":["Outmaneuver","Leg Sweep"],"picked":"Concentrate+1","floor":19},{"not_picked":["Calculated Gamble+1","Concentrate"],"picked":"PiercingWail","floor":20}],"player_experience":462301,"relics_obtained":[{"floor":7,"key":"Vajra"},{"floor":8,"key":"Odd Mushroom"},{"floor":9,"key":"Lantern"},{"floor":14,"key":"Ancient Tea Set"}],"event_choices":[{"damage_healed":0,"gold_gain":75,"player_choice":"Gather Gold","damage_taken":11,"max_hp_gain":0,"max_hp_loss":0,"event_name":"World of Goop","floor":5,"gold_loss":0},{"damage_healed":0,"gold_gain":0,"player_choice":"Fought Mushrooms","damage_taken":0,"max_hp_gain":0,"max_hp_loss":0,"event_name":"Mushrooms","floor":8,"gold_loss":0},{"damage_healed":0,"gold_gain":0,"player_choice":"Trade","damage_taken":0,"relics_obtained":["NlothsMask"],"max_hp_gain":0,"max_hp_loss":0,"event_name":"FaceTrader","floor":11,"gold_loss":0}],"is_beta":false,"boss_relics":[{"not_picked":["Eternal Feather","Lizard Tail"],"picked":"White Beast Statue"}],"items_purged_floors":[],"is_endless":false,"potions_floor_spawned":[1,7,8,13,18,19,20],"killed_by":"Centurion and Healer","ascension_level":9}