{"gold_per_floor":[118,118,136,136,146,177,177,234,286,317,346,390,416,443,455,569,581,608,116,135,145,145,145,45,76,76,103,119,119,146,21,21,123,123,138,188,204,204,223,223,234,3,3,36,36,56,56,88,88,88,88,88,9,40,40],"floor_reached":55,"playtime":3527,"items_purged":["Strike_R","Decay","Strike_R","Strike_R"],"score":1062,"play_id":"4e6f68c9-5777-4448-aca6-41ac973a11dd","local_time":"20190508175845","is_ascension_mode":true,"campfire_choices":[{"data":"Feed","floor":7,"key":"SMITH"},{"floor":15,"key":"REST"},{"data":"Limit Break","floor":23,"key":"SMITH"},{"data":"Spot Weakness","floor":29,"key":"SMITH"},{"data":"Heavy Blade","floor":32,"key":"SMITH"},{"data":"Bludgeon","floor":40,"key":"SMITH"},{"floor":45,"key":"REST"},{"floor":47,"key":"RECALL"},{"floor":49,"key":"REST"},{"data":"Heavy Blade","floor":52,"key":"SMITH"}],"neow_cost":"NONE","seed_source_timestamp":1739457682403100,"circlet_count":0,"master_deck":["Defend_R","Defend_R","Defend_R","Defend_R","Bash+1","Armaments","Shrug It Off","Body Slam","Clothesline","Spot Weakness+1","Feed+1","Shrug It Off","Clash","Heavy Blade+1","Spot Weakness","Spot Weakness","Shockwave","Bludgeon+1","Flex","Limit Break+1","Headbutt+1","Pommel Strike+1","Blood for Blood","Perfected Strike","Armaments+1","Iron Wave+1","Power Through","Brutality","Heavy Blade+1","Spot Weakness","Flex+1","Entrench","Entrench","Heavy Blade+1","Ghostly Armor","Shockwave+1","Carnage","Metallicize+1"],"relics":["Burning Blood","Matryoshka","Tiny Chest","Red Skull","Bronze Scales","MawBank","Prayer Wheel","Snecko Eye","Blood Vial","Sling","Bag of Marbles","Strawberry","Paper Frog","Art of War","Bottled Flame","Sozu","Ornamental Fan","Darkstone Periapt","Whetstone","FossilizedHelix"],"potions_floor_usage":[6,8,13,20,21,33,39,44,55],"damage_taken":[{"damage":7,"enemies":"Small Slimes","floor":1,"turns":3},{"damage":3,"enemies":"Cultist","floor":3,"turns":4},{"damage":4,"enemies":"Jaw Worm","floor":5,"turns":4},{"damage":26,"enemies":"3 Sentries","floor":6,"turns":10},{"damage":54,"enemies":"Lagavulin","floor":8,"turns":11},{"damage":12,"enemies":"Gremlin Nob","floor":10,"turns":4},{"damage":1,"enemies":"Red Slaver","floor":11,"turns":5},{"damage":17,"enemies":"Lagavulin","floor":12,"turns":7},{"damage":0,"enemies":"3 Louse","floor":13,"turns":2},{"damage":14,"enemies":"Lots of Slimes","floor":14,"turns":5},{"damage":32,"enemies":"The Guardian","floor":16,"turns":9},{"damage":28,"enemies":"2 Thieves","floor":18,"turns":5},{"damage":4,"enemies":"Shell Parasite","floor":20,"turns":2},{"damage":31,"enemies":"Shelled Parasite and Fungi","floor":21,"turns":5},{"damage":24,"enemies":"Book of Stabbing","floor":25,"turns":4},{"damage":22,"enemies":"Slavers","floor":27,"turns":3},{"damage":0,"enemies":"Chosen and Byrds","floor":28,"turns":1},{"damage":0,"enemies":"Gremlin Leader","floor":30,"turns":4},{"damage":53,"enemies":"Automaton","floor":33,"turns":5},{"damage":14,"enemies":"3 Shapes","floor":35,"turns":3},{"damage":1,"enemies":"Orb Walker","floor":37,"turns":3},{"damage":31,"enemies":"Jaw Worm Horde","floor":39,"turns":5},{"damage":26,"enemies":"Spire Growth","floor":41,"turns":4},{"damage":65,"enemies":"Reptomancer","floor":44,"turns":6},{"damage":17,"enemies":"Writhing Mass","floor":46,"turns":2},{"damage":48,"enemies":"Nemesis","floor":48,"turns":5},{"damage":52,"enemies":"Time Eater","floor":50,"turns":8},{"damage":55,"enemies":"Shield and Spear","floor":54,"turns":4},{"damage":86,"enemies":"The Heart","floor":55,"turns":6}],"seed_played":"-7200940073974355429","potions_obtained":[{"floor":3,"key":"Poison Potion"},{"floor":6,"key":"EssenceOfSteel"},{"floor":11,"key":"LiquidBronze"},{"floor":14,"key":"Dexterity Potion"},{"floor":16,"key":"AttackPotion"},{"floor":18,"key":"Regen Potion"},{"floor":27,"key":"SpeedPotion"},{"floor":30,"key":"Dexterity Potion"},{"floor":33,"key":"LiquidBronze"}],"is_trial":false,"path_per_floor":["M","?","M","?","M","E","R","E","T","E","M","E","M","M","R","B",null,"M","$","M","M","?","R","$","E","T","E","M","R","E","$","R","B",null,"M","T","M","?","M","R","M","$","T","E","R","M","R","E","R","B",null,"R","$","E","B"],"character_chosen":"IRONCLAD","items_purchased":["Blood for Blood","Blood Vial","Sling","Entrench","Carnage"],"campfire_rested":3,"item_purchase_floors":[19,19,19,42,53],"current_hp_per_floor":[79,79,80,80,80,60,60,16,16,10,19,12,22,18,48,22,100,82,82,90,71,71,71,71,55,62,52,60,60,68,68,68,35,123,119,119,126,126,102,102,84,84,84,27,65,56,56,20,59,15,131,131,131,82,0],"gold":40,"neow_bonus":"THREE_CARDS","is_prod":false,"is_daily":false,"chose_seed":false,"campfire_upgraded":6,"win_rate":0,"timestamp":1557356325,"path_taken":["M","?","?","?","?","E","R","E","T","E","M","E","M","M","R","BOSS","M","$","M","M","?","R","$","E","T","E","M","R","E","$","R","BOSS","M","?","?","?","M","R","M","?","T","E","R","M","R","E","R","BOSS","R","$","E","BOSS"],"build_version":"2019-01-23","purchased_purges":4,"victory":false,"max_hp_per_floor":[80,80,80,80,80,80,80,84,84,84,88,92,96,100,100,100,100,104,104,108,112,112,112,112,112,119,123,123,123,123,123,123,123,123,127,127,127,127,127,127,127,127,127,127,127,127,127,131,131,131,131,131,131,131,131],"card_choices":[{"not_picked":["Pummel","Body Slam"],"picked":"Armaments","floor":0},{"not_picked":["Havoc","Warcry"],"picked":"Shrug It Off","floor":1},{"not_picked":["Hemokinesis","Thunderclap"],"picked":"Body Slam","floor":3},{"not_picked":["Sword Boomerang","Perfected Strike"],"picked":"Spot Weakness","floor":5},{"not_picked":["Dual Wield","Sever Soul"],"picked":"Feed","floor":6},{"not_picked":["Havoc","Blood for Blood"],"picked":"Shrug It Off","floor":8},{"not_picked":["Evolve","Cleave"],"picked":"Clash","floor":10},{"not_picked":["Impervious","Thunderclap"],"picked":"Heavy Blade","floor":11},{"not_picked":["Metallicize","Body Slam"],"picked":"Spot Weakness","floor":12},{"not_picked":["Twin Strike","Perfected Strike"],"picked":"Spot Weakness","floor":13},{"not_picked":["Rupture","Warcry"],"picked":"Shockwave","floor":13},{"not_picked":["Headbutt","Thunderclap"],"picked":"Bludgeon","floor":14},{"not_picked":["Warcry","Second Wind"],"picked":"Flex","floor":14},{"not_picked":["Fiend Fire","Dark Embrace"],"picked":"Limit Break","floor":16},{"not_picked":["Seeing Red","Perfected Strike"],"picked":"Headbutt+1","floor":18},{"not_picked":["Clash","Disarm"],"picked":"Pommel Strike+1","floor":18},{"not_picked":["Headbutt","Wild Strike"],"picked":"Perfected Strike","floor":20},{"not_picked":["Clash","Corruption","Pummel"],"picked":"SKIP","floor":20},{"not_picked":["Hemokinesis+1","Clothesline"],"picked":"Armaments+1","floor":21},{"not_picked":["Thunderclap","Anger","Bloodletting"],"picked":"SKIP","floor":21},{"not_picked":["Fiend Fire","Dual Wield"],"picked":"Iron Wave","floor":25},{"not_picked":["Searing Blow","Sever Soul","Pommel Strike+1"],"picked":"SKIP","floor":27},{"not_picked":["Second Wind","Iron Wave"],"picked":"Power Through","floor":28},{"not_picked":["True Grit","Warcry+1","Sword Boomerang"],"picked":"SKIP","floor":28},{"not_picked":["Burning Pact","Flex","Twin Strike+1"],"picked":"SKIP","floor":30},{"not_picked":["Berserk","Feed"],"picked":"Brutality","floor":33},{"not_picked":["Thunderclap","Corruption+1"],"picked":"Heavy Blade","floor":35},{"not_picked":["True Grit+1","Whirlwind+1"],"picked":"Spot Weakness","floor":35},{"not_picked":["Wild Strike","Havoc+1","Thunderclap"],"picked":"SKIP","floor":37},{"not_picked":["Anger+1","Sword Boomerang","Clash+1"],"picked":"SKIP","floor":37},{"not_picked":["Wild Strike","Anger+1"],"picked":"Flex+1","floor":39},{"not_picked":["Burning Pact","Body Slam","Anger"],"picked":"SKIP","floor":39},{"not_picked":["Headbutt","Battle Trance+1","Metallicize"],"picked":"SKIP","floor":41},{"not_picked":["Twin Strike","Body Slam","Warcry+1"],"picked":"SKIP","floor":41},{"not_picked":["Burning Pact","Rage"],"picked":"Entrench","floor":44},{"not_picked":["Cleave+1","Metallicize"],"picked":"Heavy Blade+1","floor":46},{"not_picked":["Cleave+1","Anger+1"],"picked":"Ghostly Armor","floor":46},{"not_picked":["Juggernaut","Thunderclap"],"picked":"Shockwave+1","floor":48},{"not_picked":["Shockwave","Sever Soul+1"],"picked":"Metallicize+1","floor":54}],"player_experience":147748,"relics_obtained":[{"floor":6,"key":"Matryoshka"},{"floor":8,"key":"Tiny Chest"},{"floor":9,"key":"Red Skull"},{"floor":9,"key":"Bronze Scales"},{"floor":10,"key":"MawBank"},{"floor":12,"key":"Prayer Wheel"},{"floor":25,"key":"Bag of Marbles"},{"floor":26,"key":"Strawberry"},{"floor":26,"key":"Paper Frog"},{"floor":27,"key":"Art of War"},{"floor":30,"key":"Bottled Flame"},{"floor":43,"key":"Ornamental Fan"},{"floor":44,"key":"Darkstone Periapt"},{"floor":48,"key":"Whetstone"},{"floor":54,"key":"FossilizedHelix"}],"event_choices":[{"cards_removed":["Strike_R"],"damage_healed":0,"gold_gain":0,"player_choice":"Purged","damage_taken":0,"max_hp_gain":0,"max_hp_loss":0,"event_name":"Purifier","floor":2,"gold_loss":0},{"damage_healed":0,"gold_gain":0,"cards_transformed":["Strike_R"],"player_choice":"Transformed","damage_taken":0,"max_hp_gain":0,"max_hp_loss":0,"event_name":"Transmorgrifier","floor":4,"gold_loss":0,"cards_obtained":["Clothesline"]},{"damage_healed":0,"gold_gain":0,"player_choice":"Cursed","damage_taken":0,"max_hp_gain":0,"max_hp_loss":0,"event_name":"Wheel of Change","floor":22,"gold_loss":0,"cards_obtained":["Decay"]},{"damage_healed":0,"gold_gain":0,"player_choice":"Memory 1","damage_taken":0,"max_hp_gain":0,"max_hp_loss":0,"event_name":"SensoryStone","floor":38,"gold_loss":0}],"is_beta":false,"boss_relics":[{"not_picked":["Pandora\u0027s Box","White Beast Statue"],"picked":"Snecko Eye"},{"not_picked":["Mark of Pain","Runic Cube"],"picked":"Sozu"}],"items_purged_floors":[19,24,31,42],"is_endless":false,"potions_floor_spawned":[3,6,11,14,16,18,27,30,33,41,46],"killed_by":"The Heart","ascension_level":3}