{"gold_per_floor":[115,131,206,206,220,220,53,53,78,78,94,107,134,134,134,209,209,228,247,247,263,263,263,313,328,328,328,348,348,360,360],"floor_reached":31,"playtime":5354,"items_purged":[],"score":427,"play_id":"18bb8e66-359b-4d26-82fd-9030444765ed","local_time":"20181130230532","is_ascension_mode":true,"campfire_choices":[{"data":"Zap","floor":6,"key":"SMITH"},{"floor":8,"key":"REST"},{"data":"Dualcast","floor":15,"key":"SMITH"},{"floor":23,"key":"REST"},{"floor":27,"key":"REST"},{"data":"Coolheaded","floor":29,"key":"SMITH"}],"neow_cost":"TEN_PERCENT_HP_LOSS","seed_source_timestamp":16610313378570,"circlet_count":0,"master_deck":["AscendersBane","Defend_B","Defend_B","Defend_B","Defend_B","Zap+1","Dualcast+1","Reprogram","Doom and Gloom","Steam","Leap","Reinforced Body+1","Echo Form","Coolheaded+1","Biased Cognition","Tempest","Redo+1","Writhe","Seek","Shame","White Noise"],"relics":["Cracked Core","Oddly Smooth Stone","Regal Pillow","Cursed Key","Bottled Lightning","Cables"],"potions_floor_usage":[31],"damage_taken":[{"damage":4,"enemies":"Small Slimes","floor":1,"turns":3},{"damage":0,"enemies":"Cultist","floor":2,"turns":4},{"damage":0,"enemies":"2 Louse","floor":5,"turns":3},{"damage":0,"enemies":"Looter","floor":11,"turns":3},{"damage":0,"enemies":"Exordium Wildlife","floor":12,"turns":2},{"damage":22,"enemies":"3 Sentries","floor":13,"turns":6},{"damage":28,"enemies":"Slime Boss","floor":16,"turns":10},{"damage":12,"enemies":"Spheric Guardian","floor":18,"turns":6},{"damage":2,"enemies":"Chosen","floor":19,"turns":4},{"damage":34,"enemies":"Shelled Parasite and Fungi","floor":21,"turns":6},{"damage":16,"enemies":"Snecko","floor":25,"turns":7},{"damage":12,"enemies":"Centurion and Healer","floor":28,"turns":7},{"damage":21,"enemies":"3 Cultists","floor":30,"turns":4},{"damage":38,"enemies":"Book of Stabbing","floor":31,"turns":4}],"seed_played":"-98222816563260147","potions_obtained":[{"floor":11,"key":"FairyPotion"},{"floor":12,"key":"Poison Potion"},{"floor":13,"key":"Strength Potion"}],"is_trial":false,"path_per_floor":["M","M","?","?","M","R","$","R","T","?","M","M","E","?","R","B",null,"M","M","?","M","T","R","?","M","T","R","M","R","M","E"],"character_chosen":"DEFECT","items_purchased":["Oddly Smooth Stone"],"campfire_rested":3,"item_purchase_floors":[7],"current_hp_per_floor":[60,60,49,40,40,40,40,59,59,64,64,64,42,42,42,14,55,43,41,41,7,7,42,42,26,26,61,49,49,28,0],"gold":360,"neow_bonus":"TRANSFORM_TWO_CARDS","is_prod":false,"is_daily":false,"chose_seed":false,"campfire_upgraded":3,"win_rate":0,"timestamp":1543608332,"path_taken":["M","M","?","?","?","R","$","R","T","?","M","M","E","?","R","BOSS","M","M","?","M","?","R","?","M","T","R","M","R","M","E"],"build_version":"2018-11-15","purchased_purges":0,"victory":false,"max_hp_per_floor":[64,64,64,64,64,64,64,64,64,69,69,69,69,69,69,69,69,69,69,69,69,69,69,69,69,69,69,69,69,69,69],"card_choices":[{"not_picked":["Turbo","Beam Cell"],"picked":"Steam","floor":1},{"not_picked":["Doom and Gloom","Scrape","Redo"],"picked":"SKIP","floor":2},{"not_picked":["Storm","Rebound","Scrape"],"picked":"SKIP","floor":5},{"not_picked":["Streamline","Steam","Redo"],"picked":"SKIP","floor":11},{"not_picked":["Doom and Gloom","Force Field"],"picked":"Leap","floor":12},{"not_picked":["Force Field","FTL"],"picked":"Reinforced Body","floor":13},{"not_picked":["Hyperbeam","Biased Cognition"],"picked":"Echo Form","floor":16},{"not_picked":["FTL+1","Compile Driver"],"picked":"Coolheaded","floor":18},{"not_picked":["Ball Lightning","Hologram","Conserve Battery"],"picked":"SKIP","floor":19},{"not_picked":["Hologram","Streamline"],"picked":"Redo+1","floor":21},{"not_picked":["Redo","Barrage"],"picked":"Seek","floor":25},{"not_picked":["Streamline","Ball Lightning","Go for the Eyes"],"picked":"SKIP","floor":28},{"not_picked":["Go for the Eyes","Sweeping Beam"],"picked":"White Noise","floor":30}],"player_experience":796501,"relics_obtained":[{"floor":13,"key":"Regal Pillow"},{"floor":22,"key":"Bottled Lightning"},{"floor":26,"key":"Cables"}],"event_choices":[{"damage_healed":0,"gold_gain":75,"player_choice":"Gather Gold","damage_taken":11,"max_hp_gain":0,"max_hp_loss":0,"event_name":"World of Goop","floor":3,"gold_loss":0},{"damage_healed":0,"gold_gain":0,"player_choice":"Damaged","damage_taken":9,"max_hp_gain":0,"max_hp_loss":0,"event_name":"Wheel of Change","floor":4,"gold_loss":0},{"damage_healed":0,"gold_gain":0,"player_choice":"Donut","damage_taken":0,"max_hp_gain":5,"max_hp_loss":0,"event_name":"Big Fish","floor":10,"gold_loss":0},{"damage_healed":0,"gold_gain":0,"player_choice":"Grow","damage_taken":0,"max_hp_gain":0,"max_hp_loss":0,"event_name":"Living Wall","floor":14,"gold_loss":0,"cards_upgraded":["Reinforced Body"]},{"damage_healed":0,"gold_gain":0,"cards_transformed":["Strike_B","Strike_B"],"player_choice":"Became Test Subject","damage_taken":0,"max_hp_gain":0,"max_hp_loss":0,"event_name":"Drug Dealer","floor":20,"gold_loss":0,"cards_obtained":["Biased Cognition","Tempest"]},{"damage_healed":0,"gold_gain":100,"player_choice":"Bet on Murderer","damage_taken":0,"max_hp_gain":0,"max_hp_loss":0,"event_name":"The Joust","floor":24,"gold_loss":50}],"is_beta":false,"boss_relics":[{"not_picked":["Velvet Choker","Runic Pyramid"],"picked":"Cursed Key"}],"items_purged_floors":[],"is_endless":false,"potions_floor_spawned":[11,12,13,19,28],"killed_by":"Book of Stabbing","ascension_level":16}