{"gold_per_floor":[110,130,130,130,148,188,203,203,203,178,198,198,216,252,252,382,382,407,421,421,435,459,459,474,474,474,474,474,504,516,616,616,616],"floor_reached":33,"playtime":1294,"items_purged":[],"score":279,"play_id":"21241b9a-0e70-4eb3-87ef-6c6e1fc22f9f","local_time":"20190324100248","is_ascension_mode":false,"campfire_choices":[{"floor":12,"key":"REST"},{"data":"Neutralize","floor":15,"key":"SMITH"},{"floor":23,"key":"REST"},{"data":"Prepared","floor":25,"key":"SMITH"},{"floor":32,"key":"REST"}],"neow_cost":"NONE","seed_source_timestamp":43832626979219,"circlet_count":0,"master_deck":["Defend_G+1","Defend_G+1","Defend_G+1","Defend_G+1","Strike_G+1","Strike_G+1","Strike_G+1","Strike_G+1","Strike_G+1","Survivor","Neutralize+1","Dagger Throw","Acrobatics","Deadly Poison","Deflect","Crippling Poison","Slice","Deflect","Heel Hook","Underhanded Strike","Die Die Die","Tactician","Prepared+1","Cloak And Dagger+1","Cloak And Dagger","Concentrate+1","Cloak And Dagger+1"],"relics":["Ring of the Snake","NeowsBlessing","Bloody Idol","Torii","Nunchaku","Letter Opener","WristBlade","Ornamental Fan","Enchiridion","Pen Nib"],"potions_floor_usage":[6,11,14,16,22,24],"damage_taken":[{"damage":0,"enemies":"2 Louse","floor":1,"turns":1},{"damage":0,"enemies":"Small Slimes","floor":2,"turns":1},{"damage":0,"enemies":"Cultist","floor":5,"turns":1},{"damage":28,"enemies":"3 Sentries","floor":6,"turns":12},{"damage":3,"enemies":"Blue Slaver","floor":7,"turns":4},{"damage":1,"enemies":"Gremlin Gang","floor":11,"turns":3},{"damage":0,"enemies":"Large Slime","floor":13,"turns":5},{"damage":17,"enemies":"Lagavulin","floor":14,"turns":6},{"damage":44,"enemies":"Slime Boss","floor":16,"turns":10},{"damage":19,"enemies":"2 Thieves","floor":18,"turns":4},{"damage":1,"enemies":"Chosen","floor":19,"turns":4},{"damage":3,"enemies":"Snake Plant","floor":21,"turns":4},{"damage":18,"enemies":"Snecko","floor":22,"turns":4},{"damage":21,"enemies":"Cultist and Chosen","floor":24,"turns":7},{"damage":2,"enemies":"Gremlin Leader","floor":29,"turns":6},{"damage":7,"enemies":"Shelled Parasite and Fungi","floor":30,"turns":4},{"damage":61,"enemies":"Champ","floor":33,"turns":10}],"seed_played":"4122593718829323204","potions_obtained":[{"floor":1,"key":"Swift Potion"},{"floor":7,"key":"Weak Potion"},{"floor":8,"key":"FairyPotion"},{"floor":8,"key":"PowerPotion"},{"floor":14,"key":"Regen Potion"},{"floor":21,"key":"AttackPotion"},{"floor":22,"key":"Swift Potion"},{"floor":30,"key":"Ancient Potion"}],"is_trial":false,"path_per_floor":["M","M","?","?","M","E","M","?","T","$","M","R","M","E","R","B",null,"M","M","?","M","M","R","M","R","T","?","?","E","M","?","R","B"],"character_chosen":"THE_SILENT","items_purchased":["Slice"],"campfire_rested":3,"item_purchase_floors":[10],"current_hp_per_floor":[70,70,53,53,53,25,22,22,22,22,21,42,42,25,25,7,70,51,50,50,47,29,50,29,29,29,13,13,16,14,19,40,0],"gold":616,"neow_bonus":"THREE_ENEMY_KILL","is_prod":false,"is_daily":false,"chose_seed":false,"campfire_upgraded":2,"win_rate":0,"timestamp":1553439768,"path_taken":["M","M","?","?","?","E","M","?","T","$","M","R","?","E","R","BOSS","M","M","?","M","M","R","M","R","T","?","?","E","M","?","R","BOSS"],"build_version":"2019-01-23","purchased_purges":0,"victory":false,"max_hp_per_floor":[70,70,70,70,70,70,70,70,70,70,70,70,70,70,70,70,70,70,70,70,70,70,70,70,70,70,70,70,70,70,70,70,70],"card_choices":[{"not_picked":["Predator","Reflex"],"picked":"Dagger Throw","floor":1},{"not_picked":["Predator","Dodge and Roll"],"picked":"Acrobatics","floor":2},{"not_picked":["Bane","Acrobatics"],"picked":"Deadly Poison","floor":5},{"not_picked":["Bane","Outmaneuver"],"picked":"Deflect","floor":6},{"not_picked":["Deadly Poison","Sucker Punch"],"picked":"Crippling Poison","floor":7},{"not_picked":["Dagger Throw","Grand Finale"],"picked":"Deflect","floor":11},{"not_picked":["Concentrate","Outmaneuver"],"picked":"Heel Hook","floor":13},{"not_picked":["Acrobatics","Blade Dance"],"picked":"Underhanded Strike","floor":14},{"not_picked":["Malaise","Tools of the Trade"],"picked":"Die Die Die","floor":16},{"not_picked":["Underhanded Strike","Acrobatics"],"picked":"Tactician","floor":18},{"not_picked":["Heel Hook+1","Deflect"],"picked":"Prepared","floor":19},{"not_picked":["Blade Dance","Footwork"],"picked":"Cloak And Dagger+1","floor":21},{"not_picked":["Finisher","Flechettes"],"picked":"Cloak And Dagger","floor":22},{"not_picked":["PiercingWail","Acrobatics"],"picked":"Concentrate+1","floor":24},{"not_picked":["Heel Hook","Endless Agony","Dagger Spray"],"picked":"SKIP","floor":29},{"not_picked":["Dagger Throw","Slice+1"],"picked":"Cloak And Dagger+1","floor":30}],"player_experience":331863,"relics_obtained":[{"floor":6,"key":"Torii"},{"floor":9,"key":"Nunchaku"},{"floor":14,"key":"Letter Opener"},{"floor":26,"key":"Ornamental Fan"},{"floor":27,"key":"Enchiridion"},{"floor":29,"key":"Pen Nib"}],"event_choices":[{"damage_healed":0,"gold_gain":0,"player_choice":"Take Damage","damage_taken":17,"relics_obtained":["Golden Idol"],"max_hp_gain":0,"max_hp_loss":0,"event_name":"Golden Idol","floor":3,"gold_loss":0},{"cards_removed":["Defend_G"],"damage_healed":0,"gold_gain":0,"player_choice":"Offered Basic","damage_taken":0,"max_hp_gain":0,"max_hp_loss":0,"event_name":"Bonfire Elementals","floor":4,"gold_loss":0},{"damage_healed":0,"gold_gain":0,"player_choice":"Got Potions","damage_taken":0,"max_hp_gain":0,"max_hp_loss":0,"event_name":"Lab","floor":8,"gold_loss":0},{"damage_healed":0,"gold_gain":0,"player_choice":"Simplicity","damage_taken":0,"max_hp_gain":0,"max_hp_loss":0,"event_name":"Back to Basics","floor":20,"gold_loss":0,"cards_upgraded":["Defend_G","Defend_G","Defend_G","Defend_G","Strike_G","Strike_G","Strike_G","Strike_G","Strike_G"]},{"damage_healed":0,"gold_gain":0,"player_choice":"Obtained Book","damage_taken":16,"max_hp_gain":0,"max_hp_loss":0,"event_name":"Cursed Tome","floor":27,"gold_loss":0},{"damage_healed":0,"gold_gain":0,"player_choice":"Gave Idol","damage_taken":0,"relics_obtained":["Bloody Idol"],"max_hp_gain":0,"max_hp_loss":0,"event_name":"Forgotten Altar","floor":28,"relics_lost":["Golden Idol"],"gold_loss":0},{"damage_healed":0,"gold_gain":100,"player_choice":"Pray","damage_taken":0,"max_hp_gain":0,"max_hp_loss":0,"event_name":"Golden Shrine","floor":31,"gold_loss":0}],"is_beta":false,"boss_relics":[{"not_picked":["Astrolabe","Sozu"],"picked":"WristBlade"}],"items_purged_floors":[],"is_endless":false,"potions_floor_spawned":[1,7,14,21,22,30],"killed_by":"Champ","ascension_level":0}