{"gold_per_floor":[112,112,112,142,158,158,185,185,185,195,226,237,254,274,274,274],"floor_reached":16,"playtime":1157,"items_purged":[],"score":184,"play_id":"b05f3c6d-e614-417e-9b0e-a20b90245629","local_time":"20181129065033","is_ascension_mode":true,"campfire_choices":[{"data":"Searing Blow+1","floor":6.0,"key":"SMITH"},{"data":"Searing Blow+2","floor":8.0,"key":"SMITH"},{"data":"Searing Blow+3","floor":15.0,"key":"SMITH"}],"neow_cost":"NONE","seed_source_timestamp":0,"circlet_count":0,"master_deck":["AscendersBane","Strike_R","Strike_R","Strike_R","Strike_R","Defend_R","Defend_R","Defend_R","Defend_R","Bash","Demon Form","Searing Blow+4","Thunderclap","Shrug It Off"],"special_seed":0,"relics":["Burning Blood","Tiny Chest","Blood Vial","Bottled Lightning","Champion Belt"],"potions_floor_usage":[16],"damage_taken":[{"damage":13.0,"enemies":"Small Slimes","floor":1.0,"turns":6.0},{"damage":4.0,"enemies":"2 Louse","floor":5.0,"turns":4.0},{"damage":8.0,"enemies":"Jaw Worm","floor":10.0,"turns":4.0},{"damage":24.0,"enemies":"Gremlin Nob","floor":11.0,"turns":4.0},{"damage":1.0,"enemies":"3 Louse","floor":12.0,"turns":3.0},{"damage":4.0,"enemies":"2 Fungi Beasts","floor":13.0,"turns":3.0},{"damage":21.0,"enemies":"Large Slime","floor":14.0,"turns":7.0},{"damage":47,"enemies":"The Guardian","floor":16,"turns":9}],"seed_played":"-7361312379925579318","potions_obtained":[{"floor":11.0,"key":"BloodPotion"},{"floor":12.0,"key":"Dexterity Potion"}],"is_trial":false,"path_per_floor":["M","?","$","?","M","R","T","R","T","M","E","M","M","M","R","B"],"character_chosen":"IRONCLAD","items_purchased":[],"campfire_rested":0,"item_purchase_floors":[],"current_hp_per_floor":[61,61,61,50,52,52,52,52,52,52,36,43,47,34,34,0],"gold":274,"neow_bonus":"TRANSFORM_CARD","is_prod":false,"is_daily":false,"chose_seed":false,"campfire_upgraded":3,"win_rate":0,"timestamp":1543463433,"path_taken":["M","?","$","?","M","R","?","R","T","M","E","M","M","M","R","BOSS"],"build_version":"2018-11-15","purchased_purges":0,"victory":false,"max_hp_per_floor":[75,75,75,75,75,75,75,75,75,75,75,75,75,75,75,75],"card_choices":[{"not_picked":["Anger","Thunderclap"],"picked":"Searing Blow","floor":1.0},{"not_picked":["Blood for Blood","Reckless Charge","Twin Strike"],"picked":"SKIP","floor":5.0},{"not_picked":["Body Slam","Spot Weakness"],"picked":"Thunderclap","floor":10.0},{"not_picked":["Combust","Fiend Fire","Wild Strike"],"picked":"SKIP","floor":11.0},{"not_picked":["Flex","Feel No Pain","Spot Weakness"],"picked":"SKIP","floor":12.0},{"not_picked":["Clash","Warcry"],"picked":"Shrug It Off","floor":13.0},{"not_picked":["Warcry","Inflame","Fire Breathing"],"picked":"SKIP","floor":14.0}],"player_experience":781772,"relics_obtained":[{"floor":7.0,"key":"Blood Vial"},{"floor":9.0,"key":"Bottled Lightning"},{"floor":11.0,"key":"Champion Belt"}],"event_choices":[{"damage_healed":0.0,"max_hp_gain":0.0,"max_hp_loss":0.0,"gold_gain":0.0,"event_name":"Living Wall","player_choice":"Grow","floor":2.0,"gold_loss":0.0,"damage_taken":0.0,"cards_upgraded":["Searing Blow"]},{"damage_healed":0.0,"max_hp_gain":0.0,"max_hp_loss":0.0,"gold_gain":0.0,"event_name":"Scrap Ooze","player_choice":"Success","floor":4.0,"gold_loss":0.0,"damage_taken":11.0,"relics_obtained":["Tiny Chest"]}],"is_beta":false,"boss_relics":[],"items_purged_floors":[],"is_endless":false,"potions_floor_spawned":[11,12],"killed_by":"The Guardian","ascension_level":16}