{"gold_per_floor":[115,40,40,55,68,102,54,66,131,143],"floor_reached":10,"playtime":532,"items_purged":[],"score":129,"play_id":"33dce908-11e8-449f-97ae-9070b9bae317","local_time":"20190223054831","is_ascension_mode":true,"campfire_choices":[{"floor":8,"key":"REST"}],"neow_cost":"NONE","seed_source_timestamp":93776207156758,"circlet_count":0,"master_deck":["AscendersBane","Defend_G","Defend_G","Defend_G","Defend_G","Defend_G","Strike_G","Strike_G","Strike_G","Strike_G","Survivor","Neutralize","Finisher","PiercingWail","Quick Slash"],"relics":["Black Star","MawBank","Bronze Scales","Boot"],"potions_floor_usage":[6,6],"damage_taken":[{"damage":0,"enemies":"2 Louse","floor":1,"turns":3},{"damage":2,"enemies":"Jaw Worm","floor":4,"turns":6},{"damage":0,"enemies":"Cultist","floor":5,"turns":4},{"damage":34,"enemies":"Gremlin Nob","floor":6,"turns":5},{"damage":5,"enemies":"Looter","floor":7,"turns":5},{"damage":39,"enemies":"3 Sentries","floor":10,"turns":6}],"seed_played":"4188256477241473917","potions_obtained":[{"floor":1,"key":"Ancient Potion"},{"floor":3,"key":"PowerPotion"}],"is_trial":false,"path_per_floor":["M","?","?","M","M","E","M","R","T","E"],"character_chosen":"THE_SILENT","items_purchased":[],"campfire_rested":1,"item_purchase_floors":[],"current_hp_per_floor":[59,59,59,57,57,23,18,37,37,0],"gold":143,"neow_bonus":"BOSS_RELIC","is_prod":false,"is_daily":false,"chose_seed":false,"campfire_upgraded":0,"win_rate":0,"timestamp":1550890111,"path_taken":["M","?","?","?","M","E","M","R","T","E"],"build_version":"2019-01-23","purchased_purges":0,"victory":false,"max_hp_per_floor":[66,66,66,66,66,66,66,66,66,66],"card_choices":[{"not_picked":["Masterful Stab","Reflex","Slice"],"picked":"SKIP","floor":1},{"not_picked":["Distraction","Setup"],"picked":"Finisher","floor":4},{"not_picked":["Poisoned Stab","Deflect"],"picked":"PiercingWail","floor":5},{"not_picked":["Poisoned Stab","Underhanded Strike","Concentrate"],"picked":"SKIP","floor":6},{"not_picked":["Poisoned Stab","Backflip"],"picked":"Quick Slash","floor":7}],"player_experience":985093,"relics_obtained":[{"floor":6,"key":"MawBank"},{"floor":6,"key":"Bronze Scales"},{"floor":9,"key":"Boot"}],"event_choices":[{"cards_removed":["Strike_G"],"damage_healed":0,"gold_gain":0,"player_choice":"Card Removal","damage_taken":0,"max_hp_gain":0,"max_hp_loss":0,"event_name":"The Cleric","floor":2,"gold_loss":75},{"damage_healed":0,"gold_gain":0,"player_choice":"Got Potions","damage_taken":0,"max_hp_gain":0,"max_hp_loss":0,"event_name":"Lab","floor":3,"gold_loss":0}],"is_beta":false,"boss_relics":[],"items_purged_floors":[],"is_endless":false,"potions_floor_spawned":[1,5],"killed_by":"3 Sentries","ascension_level":19}