{"gold_per_floor":[116,134,146,163,163,163,188,188,188,202,220,238,238,238,238,317,317,333,333,351,367,367,367,367],"floor_reached":24,"playtime":1529,"items_purged":[],"score":428,"play_id":"291249bb-277b-4d3b-a663-0b21d75d726c","local_time":"20181214201200","is_ascension_mode":true,"campfire_choices":[{"floor":6.0,"key":"REST"},{"floor":8.0,"key":"REST"},{"floor":13.0,"key":"REST"},{"floor":15.0,"key":"DIG"},{"floor":23,"key":"DIG"}],"neow_cost":"NONE","seed_source_timestamp":0,"circlet_count":0,"master_deck":["AscendersBane","Defend_G","Defend_G","Defend_G","Defend_G","Defend_G","Strike_G","Strike_G+1","Strike_G","Survivor","Neutralize+1","PiercingWail","Footwork","Underhanded Strike","Adrenaline","Predator","Backflip","Corpse Explosion","Skewer","Footwork+1"],"special_seed":0,"relics":["Snecko Eye","Paper Crane","Shovel","StoneCalendar","Lantern","Empty Cage","Juzu Bracelet"],"potions_floor_usage":[16,21,24],"damage_taken":[{"damage":7.0,"enemies":"Small Slimes","floor":1.0,"turns":4.0},{"damage":7.0,"enemies":"Cultist","floor":2.0,"turns":5.0},{"damage":2.0,"enemies":"2 Louse","floor":3.0,"turns":3.0},{"damage":11.0,"enemies":"Large Slime","floor":4.0,"turns":12.0},{"damage":30.0,"enemies":"Gremlin Nob","floor":7.0,"turns":6.0},{"damage":0.0,"enemies":"Lots of Slimes","floor":10.0,"turns":3.0},{"damage":4.0,"enemies":"Blue Slaver","floor":11.0,"turns":4.0},{"damage":1.0,"enemies":"3 Louse","floor":12.0,"turns":4.0},{"damage":27,"enemies":"Slime Boss","floor":16,"turns":7},{"damage":2,"enemies":"3 Byrds","floor":18,"turns":3},{"damage":16,"enemies":"Shell Parasite","floor":20,"turns":4},{"damage":0,"enemies":"3 Cultists","floor":21,"turns":3},{"damage":40,"enemies":"Book of Stabbing","floor":24,"turns":5}],"seed_played":"7376326812345712773","potions_obtained":[{"floor":4.0,"key":"GhostInAJar"},{"floor":7.0,"key":"AttackPotion"},{"floor":10.0,"key":"SteroidPotion"},{"floor":16,"key":"GhostInAJar"},{"floor":18,"key":"AttackPotion"}],"is_trial":false,"path_per_floor":["M","M","M","M","?","R","E","R","T","M","M","M","R","?","R","B",null,"M","?","M","M","?","R","E"],"character_chosen":"THE_SILENT","items_purchased":[],"campfire_rested":3,"item_purchase_floors":[],"current_hp_per_floor":[52,45,43,32,12,31,1,20,20,20,16,15,34,29,29,2,50,48,48,32,32,32,32,0],"gold":367,"neow_bonus":"BOSS_RELIC","is_prod":false,"is_daily":false,"chose_seed":false,"campfire_upgraded":0,"win_rate":0,"timestamp":1544807520,"path_taken":["M","M","M","M","?","R","E","R","T","M","M","M","R","?","R","BOSS","M","?","M","M","?","R","E"],"build_version":"2018-12-13","purchased_purges":0,"victory":false,"max_hp_per_floor":[66,66,66,66,66,66,66,66,66,66,66,66,66,66,66,66,66,66,66,66,66,66,66,66],"card_choices":[{"not_picked":["Deadly Poison","Deflect","Slice"],"picked":"SKIP","floor":1.0},{"not_picked":["Heel Hook","Accuracy"],"picked":"PiercingWail","floor":2.0},{"not_picked":["All Out Attack","Outmaneuver"],"picked":"Footwork","floor":3.0},{"not_picked":["Distraction","Dodge and Roll"],"picked":"Underhanded Strike","floor":4.0},{"not_picked":["Calculated Gamble","Well Laid Plans"],"picked":"Adrenaline","floor":7.0},{"not_picked":["Tactician","Masterful Stab"],"picked":"Predator","floor":10.0},{"not_picked":["Outmaneuver","Masterful Stab","Acrobatics"],"picked":"SKIP","floor":11.0},{"not_picked":["Poisoned Stab","Acrobatics"],"picked":"Backflip","floor":12.0},{"not_picked":["Adrenaline","Tools of the Trade"],"picked":"Corpse Explosion","floor":16},{"not_picked":["Bane+1","Deadly Poison"],"picked":"Skewer","floor":18},{"not_picked":["Outmaneuver","Reflex"],"picked":"Footwork","floor":20},{"not_picked":["Tactician","Outmaneuver","Slice"],"picked":"SKIP","floor":21}],"player_experience":880653,"relics_obtained":[{"floor":7.0,"key":"Paper Crane"},{"floor":9.0,"key":"Shovel"},{"floor":15.0,"key":"Lantern"},{"floor":23,"key":"Juzu Bracelet"}],"event_choices":[{"damage_healed":0.0,"max_hp_gain":0.0,"max_hp_loss":0.0,"gold_gain":0.0,"event_name":"Shining Light","player_choice":"Entered Light","floor":5.0,"gold_loss":0.0,"damage_taken":20.0,"cards_upgraded":["Neutralize","Strike_G"]},{"damage_healed":0.0,"max_hp_gain":0.0,"max_hp_loss":0.0,"gold_gain":0.0,"event_name":"Scrap Ooze","player_choice":"Success","floor":14.0,"gold_loss":0.0,"damage_taken":5.0,"relics_obtained":["StoneCalendar"]},{"damage_healed":0,"gold_gain":0,"player_choice":"Ignored","damage_taken":0,"max_hp_gain":0,"max_hp_loss":0,"event_name":"Vampires","floor":19,"gold_loss":0},{"damage_healed":0,"gold_gain":0,"player_choice":"Upgraded","damage_taken":0,"max_hp_gain":0,"max_hp_loss":0,"event_name":"Upgrade Shrine","floor":22,"gold_loss":0,"cards_upgraded":["Footwork"]}],"is_beta":false,"boss_relics":[{"not_picked":["Calling Bell","Cursed Key"],"picked":"Empty Cage"}],"items_purged_floors":[],"is_endless":false,"potions_floor_spawned":[4,7,10,16,18,20],"killed_by":"Book of Stabbing","ascension_level":18}