{"gold_per_floor":[115,115,0,14,33,33,61,74,120,146,146,158,158,189,189,285,285,299,317,317,329,345,345,345,373,396,414,414,414,445,130,130,233,233,250,263,276,295,47,78,90,131,143,181,193,218,243,255,267,279,291,303,81,115,115],"floor_reached":55,"playtime":2576,"items_purged":["Strike_R","Strike_R"],"score":1019,"play_id":"0a746281-6860-460d-b27c-482797b0fa09","local_time":"20190512234343","is_ascension_mode":true,"campfire_choices":[{"data":"Flex","floor":6,"key":"SMITH"},{"data":"Juggernaut","floor":11,"key":"SMITH"},{"data":"Anger","floor":13,"key":"SMITH"},{"data":"Shockwave","floor":15,"key":"SMITH"},{"data":"Shrug It Off","floor":23,"key":"SMITH"},{"data":"Body Slam","floor":29,"key":"SMITH"},{"data":"Demon Form","floor":32,"key":"SMITH"},{"floor":41,"key":"REST"},{"floor":45,"key":"RECALL"},{"data":"Barricade","floor":49,"key":"SMITH"},{"data":"Iron Wave","floor":52,"key":"SMITH"}],"neow_cost":"NONE","seed_source_timestamp":189110264954200,"circlet_count":0,"master_deck":["Strike_R","Strike_R","Strike_R","Defend_R","Defend_R","Defend_R","Defend_R","Bash","Twin Strike+1","Flex+1","Shockwave+1","Shrug It Off+1","Anger+1","Juggernaut+1","Whirlwind","Shrug It Off","Anger","Immolate","Spot Weakness+1","Clothesline","Clash","Armaments+1","Body Slam+1","Demon Form+1","Pommel Strike+1","Panache","Barricade+1","Warcry+1","Battle Trance+1","Iron Wave+1","Purity","Iron Wave+1","Spot Weakness+1","Burning Pact+1","Feel No Pain"],"relics":["Burning Blood","Self Forming Clay","Anchor","PreservedInsect","Lantern","Mark of Pain","Pantograph","The Courier","Blood Vial","Bag of Preparation","Philosopher\u0027s Stone","MawBank","Ancient Tea Set","Bottled Lightning","Bronze Scales","Strawberry","Centennial Puzzle","Boot"],"potions_floor_usage":[7,7,16,19,33,36,50,50],"damage_taken":[{"damage":7,"enemies":"2 Louse","floor":1,"turns":5},{"damage":0,"enemies":"Cultist","floor":4,"turns":2},{"damage":7,"enemies":"Jaw Worm","floor":5,"turns":3},{"damage":16,"enemies":"3 Sentries","floor":7,"turns":9},{"damage":3,"enemies":"Looter","floor":8,"turns":4},{"damage":12,"enemies":"Lagavulin","floor":10,"turns":7},{"damage":0,"enemies":"Blue Slaver","floor":12,"turns":2},{"damage":15,"enemies":"Gremlin Nob","floor":14,"turns":4},{"damage":69,"enemies":"The Guardian","floor":16,"turns":11},{"damage":0,"enemies":"3 Byrds","floor":18,"turns":4},{"damage":4,"enemies":"2 Thieves","floor":19,"turns":2},{"damage":8,"enemies":"Snake Plant","floor":21,"turns":4},{"damage":17,"enemies":"Centurion and Healer","floor":22,"turns":4},{"damage":23,"enemies":"Gremlin Leader","floor":25,"turns":3},{"damage":9,"enemies":"Snecko","floor":27,"turns":4},{"damage":15,"enemies":"Book of Stabbing","floor":30,"turns":3},{"damage":26,"enemies":"Champ","floor":33,"turns":7},{"damage":0,"enemies":"3 Shapes","floor":35,"turns":2},{"damage":20,"enemies":"3 Darklings","floor":36,"turns":4},{"damage":26,"enemies":"Transient","floor":37,"turns":5},{"damage":54,"enemies":"Spire Growth","floor":38,"turns":5},{"damage":0,"enemies":"Reptomancer","floor":40,"turns":4},{"damage":0,"enemies":"Giant Head","floor":42,"turns":6},{"damage":0,"enemies":"3 Darklings","floor":46,"turns":2},{"damage":16,"enemies":"4 Shapes","floor":47,"turns":2},{"damage":74,"enemies":"Awakened One","floor":50,"turns":7},{"damage":66,"enemies":"Shield and Spear","floor":54,"turns":3},{"damage":84,"enemies":"The Heart","floor":55,"turns":3}],"seed_played":"2825027478985006895","potions_obtained":[{"floor":1,"key":"Weak Potion"},{"floor":5,"key":"Swift Potion"},{"floor":10,"key":"SteroidPotion"},{"floor":16,"key":"Fire Potion"},{"floor":22,"key":"Poison Potion"},{"floor":25,"key":"Regen Potion"},{"floor":30,"key":"Strength Potion"},{"floor":33,"key":"FairyPotion"},{"floor":35,"key":"Energy Potion"},{"floor":36,"key":"Poison Potion"}],"is_trial":false,"path_per_floor":["M","?","$","M","M","R","E","M","T","E","R","M","R","E","R","B",null,"M","M","?","M","M","R","?","E","T","M","T","R","E","$","R","B",null,"M","M","M","M","$","E","R","E","T","T","R","M","M","?","R","B",null,"R","$","E","B"],"character_chosen":"IRONCLAD","items_purchased":["Flex","Shockwave","Panache","Bag of Preparation","Power Through","Iron Wave","Purity","Strawberry","Centennial Puzzle"],"campfire_rested":1,"item_purchase_floors":[3,3,31,31,39,39,39,53,53],"current_hp_per_floor":[87,87,87,88,87,87,77,80,80,74,74,80,80,71,71,8,88,88,88,88,86,75,75,75,58,58,55,55,55,46,46,46,53,88,88,74,56,10,10,18,44,52,52,52,52,60,52,52,52,26,88,88,95,35,0],"gold":115,"neow_bonus":"TEN_PERCENT_HP_BONUS","is_prod":false,"is_daily":false,"chose_seed":false,"campfire_upgraded":9,"win_rate":0,"timestamp":1557722623,"path_taken":["M","?","?","M","?","R","E","?","T","E","R","M","R","E","R","BOSS","M","M","?","M","M","R","?","E","T","M","?","R","E","$","R","BOSS","M","M","M","M","$","E","R","E","T","?","R","?","M","?","R","BOSS","R","$","E","BOSS"],"build_version":"2019-01-23","purchased_purges":2,"victory":false,"max_hp_per_floor":[88,88,88,88,88,88,88,88,88,88,88,88,88,88,88,88,88,88,88,88,88,88,88,88,88,88,88,88,88,88,88,88,88,88,88,88,88,88,88,88,88,88,88,88,88,88,88,88,88,88,88,88,95,95,95],"card_choices":[{"not_picked":["Cleave","Dual Wield"],"picked":"Twin Strike","floor":1},{"not_picked":["Sword Boomerang","Headbutt"],"picked":"Shrug It Off","floor":4},{"not_picked":["Evolve","Body Slam"],"picked":"Anger","floor":5},{"not_picked":["Shrug It Off","Clothesline"],"picked":"Juggernaut","floor":7},{"not_picked":["Clash","Wild Strike"],"picked":"Whirlwind","floor":8},{"not_picked":["Twin Strike","Bloodletting","Havoc"],"picked":"SKIP","floor":10},{"not_picked":["Blood for Blood","Battle Trance"],"picked":"Shrug It Off","floor":12},{"not_picked":["Carnage","Berserk"],"picked":"Anger","floor":14},{"not_picked":["Brutality","Fiend Fire"],"picked":"Immolate","floor":16},{"not_picked":["Searing Blow","Warcry"],"picked":"Spot Weakness+1","floor":18},{"not_picked":["Entrench","Perfected Strike"],"picked":"Clothesline","floor":19},{"not_picked":["Dual Wield","Rupture"],"picked":"Clash","floor":21},{"not_picked":["Havoc","Headbutt"],"picked":"Armaments+1","floor":22},{"not_picked":["Twin Strike","Thunderclap+1"],"picked":"Body Slam","floor":25},{"not_picked":["Twin Strike","Reckless Charge"],"picked":"Demon Form","floor":27},{"not_picked":["Burning Pact+1","Evolve"],"picked":"Pommel Strike+1","floor":30},{"not_picked":["Brutality","Double Tap"],"picked":"Barricade","floor":33},{"not_picked":["Whirlwind+1","Hemokinesis","Twin Strike"],"picked":"SKIP","floor":35},{"not_picked":["Wild Strike+1","Armaments"],"picked":"Warcry+1","floor":36},{"not_picked":["Feel No Pain+1","Bloodletting+1","Wild Strike"],"picked":"SKIP","floor":37},{"not_picked":["Clothesline","Anger+1"],"picked":"Battle Trance+1","floor":38},{"not_picked":["Havoc+1","Cleave"],"picked":"Iron Wave+1","floor":40},{"not_picked":["Uppercut","Wild Strike"],"picked":"Spot Weakness+1","floor":42},{"not_picked":["Havoc+1","Rupture+1"],"picked":"Burning Pact+1","floor":46},{"not_picked":["Pommel Strike","Thunderclap"],"picked":"Feel No Pain","floor":47},{"not_picked":["Immolate","Havoc+1","Battle Trance"],"picked":"SKIP","floor":54}],"player_experience":170523,"relics_obtained":[{"floor":7,"key":"Self Forming Clay"},{"floor":9,"key":"Anchor"},{"floor":10,"key":"PreservedInsect"},{"floor":14,"key":"Lantern"},{"floor":25,"key":"Pantograph"},{"floor":28,"key":"The Courier"},{"floor":30,"key":"Blood Vial"},{"floor":40,"key":"MawBank"},{"floor":42,"key":"Ancient Tea Set"},{"floor":43,"key":"Bottled Lightning"},{"floor":44,"key":"Bronze Scales"},{"floor":54,"key":"Boot"}],"event_choices":[{"damage_healed":0,"gold_gain":0,"player_choice":"Forge","damage_taken":0,"max_hp_gain":0,"max_hp_loss":0,"event_name":"Accursed Blacksmith","floor":2,"gold_loss":0,"cards_upgraded":["Twin Strike"]},{"damage_healed":0,"gold_gain":0,"player_choice":"Ignored","damage_taken":0,"max_hp_gain":0,"max_hp_loss":0,"event_name":"Ghosts","floor":20,"gold_loss":0},{"damage_healed":0,"gold_gain":0,"player_choice":"Ignored","damage_taken":0,"max_hp_gain":0,"max_hp_loss":0,"event_name":"Vampires","floor":24,"gold_loss":0},{"cards_removed":["Power Through"],"damage_healed":0,"gold_gain":0,"player_choice":"Removed Skill","damage_taken":0,"max_hp_gain":0,"max_hp_loss":0,"event_name":"Falling","floor":48,"gold_loss":0}],"is_beta":false,"boss_relics":[{"not_picked":["Runic Pyramid","Lizard Tail"],"picked":"Mark of Pain"},{"not_picked":["Eternal Feather","Cursed Key"],"picked":"Philosopher\u0027s Stone"}],"items_purged_floors":[31,39],"is_endless":false,"potions_floor_spawned":[1,5,10,16,22,25,30,33,35,36,38,42],"killed_by":"The Heart","ascension_level":4}