{"gold_per_floor":[116,131,141,141,66,93,93,108,108,108,108,134,151,164,164,164],"floor_reached":16,"playtime":545,"items_purged":[],"score":224,"play_id":"c8bb6887-de6e-4743-83c6-2537ac54db1d","local_time":"20190511140834","is_ascension_mode":true,"campfire_choices":[{"floor":7,"key":"REST"},{"floor":11,"key":"REST"},{"floor":15,"key":"REST"}],"neow_cost":"NONE","seed_source_timestamp":11419591216316,"circlet_count":0,"master_deck":["AscendersBane","Strike_B","Strike_B+1","Strike_B+1","Defend_B","Defend_B+1","Defend_B","Defend_B","Zap","Dualcast","Ball Lightning+1","Auto Shields","Conserve Battery","BootSequence"],"relics":["Cracked Core","NeowsBlessing","Whetstone","Omamori","Meat on the Bone"],"potions_floor_usage":[6,16],"damage_taken":[{"damage":0,"enemies":"Cultist","floor":1,"turns":1},{"damage":0,"enemies":"2 Louse","floor":2,"turns":1},{"damage":0,"enemies":"Small Slimes","floor":3,"turns":1},{"damage":35,"enemies":"Lagavulin","floor":6,"turns":5},{"damage":8,"enemies":"Blue Slaver","floor":8,"turns":3},{"damage":18,"enemies":"3 Sentries","floor":12,"turns":7},{"damage":0,"enemies":"Exordium Wildlife","floor":13,"turns":4},{"damage":0,"enemies":"Red Slaver","floor":14,"turns":3},{"damage":57,"enemies":"Hexaghost","floor":16,"turns":11}],"seed_played":"-2822712219443212826","potions_obtained":[{"floor":1,"key":"GamblersBrew"},{"floor":3,"key":"FocusPotion"},{"floor":14,"key":"Ancient Potion"}],"is_trial":false,"path_per_floor":["M","M","M","?","?","E","R","M","T","$","R","E","M","M","R","B"],"character_chosen":"DEFECT","items_purchased":[],"campfire_rested":3,"item_purchase_floors":[],"current_hp_per_floor":[64,64,64,43,43,8,29,21,21,21,42,24,36,36,57,0],"gold":164,"neow_bonus":"THREE_ENEMY_KILL","is_prod":false,"is_daily":false,"chose_seed":false,"campfire_upgraded":0,"win_rate":0,"timestamp":1557572914,"path_taken":["M","?","?","?","?","E","R","M","T","$","R","E","M","M","R","BOSS"],"build_version":"2019-01-23","purchased_purges":0,"victory":false,"max_hp_per_floor":[71,71,71,71,71,71,71,71,71,71,71,71,71,71,71,71],"card_choices":[{"not_picked":["Reprogram","Steam"],"picked":"Ball Lightning","floor":1},{"not_picked":["Go for the Eyes","Turbo","Leap"],"picked":"SKIP","floor":2},{"not_picked":["Sweeping Beam","Streamline","Barrage"],"picked":"SKIP","floor":3},{"not_picked":["Static Discharge","Rebound"],"picked":"Auto Shields","floor":6},{"not_picked":["Heatsinks","Barrage"],"picked":"Conserve Battery","floor":8},{"not_picked":["Rebound","Hyperbeam"],"picked":"BootSequence","floor":12},{"not_picked":["Coolheaded","Reprogram","Recycle"],"picked":"SKIP","floor":13},{"not_picked":["Coolheaded","Conserve Battery","Tempest"],"picked":"SKIP","floor":14}],"player_experience":1108502,"relics_obtained":[{"floor":6,"key":"Whetstone"},{"floor":9,"key":"Omamori"},{"floor":12,"key":"Meat on the Bone"}],"event_choices":[{"damage_healed":0,"gold_gain":0,"player_choice":"Entered Light","damage_taken":21,"max_hp_gain":0,"max_hp_loss":0,"event_name":"Shining Light","floor":4,"gold_loss":0,"cards_upgraded":["Defend_B","Ball Lightning"]},{"cards_removed":["Strike_B"],"damage_healed":0,"gold_gain":0,"player_choice":"Card Removal","damage_taken":0,"max_hp_gain":0,"max_hp_loss":0,"event_name":"The Cleric","floor":5,"gold_loss":75}],"is_beta":false,"boss_relics":[],"items_purged_floors":[],"is_endless":false,"potions_floor_spawned":[1,3,14],"killed_by":"Hexaghost","ascension_level":20}