{"gold_per_floor":[113,113,132,132,132,160,160,175,175,195,213,213,229,242,242,313,313,272,6,17,36,36,36,46,46,46,46,46,46,56,56],"floor_reached":31,"playtime":1674,"items_purged":[],"score":515,"play_id":"0d16f84a-41c3-43d4-acb7-10fadeddde41","local_time":"20190223051408","is_ascension_mode":true,"campfire_choices":[{"data":"Cloak And Dagger","floor":12.0,"key":"SMITH"},{"data":"Noxious Fumes","floor":15.0,"key":"SMITH"},{"floor":23.0,"key":"REST"},{"floor":25.0,"key":"REST"},{"data":"Defend_G","floor":29.0,"key":"PURGE"}],"neow_cost":"NONE","seed_source_timestamp":0,"circlet_count":0,"master_deck":["AscendersBane","Defend_G+1","Defend_G","Defend_G","Defend_G","Strike_G","Strike_G","Strike_G","Survivor","Neutralize","Outmaneuver+1","Dagger Throw","Infinite Blades","Tools of the Trade","Cloak And Dagger+1","Accuracy","Noxious Fumes+1","Envenom","Crippling Poison+1","Calculated Gamble","Underhanded Strike"],"special_seed":0,"relics":["Ring of the Snake","NeowsBlessing","Meat on the Bone","GremlinMask","The Courier","Fusion Hammer","Peace Pipe","Shuriken"],"potions_floor_usage":[],"damage_taken":[{"damage":0.0,"enemies":"Small Slimes","floor":1.0,"turns":1.0},{"damage":0.0,"enemies":"Jaw Worm","floor":3.0,"turns":1.0},{"damage":0.0,"enemies":"Gremlin Nob","floor":6.0,"turns":1.0},{"damage":9.0,"enemies":"2 Louse","floor":8.0,"turns":4.0},{"damage":2.0,"enemies":"2 Fungi Beasts","floor":10.0,"turns":5.0},{"damage":38.0,"enemies":"Gremlin Gang","floor":11.0,"turns":10.0},{"damage":18.0,"enemies":"Exordium Thugs","floor":13.0,"turns":6.0},{"damage":3.0,"enemies":"Blue Slaver","floor":14.0,"turns":5.0},{"damage":29.0,"enemies":"Hexaghost","floor":16.0,"turns":11.0},{"damage":27.0,"enemies":"2 Thieves","floor":18.0,"turns":5.0},{"damage":38.0,"enemies":"3 Byrds","floor":20.0,"turns":6.0},{"damage":15.0,"enemies":"3 Cultists","floor":21.0,"turns":5.0},{"damage":27.0,"enemies":"Snake Plant","floor":24.0,"turns":5.0},{"damage":15.0,"enemies":"Shelled Parasite and Fungi","floor":30.0,"turns":5.0},{"damage":43,"enemies":"Sentry and Sphere","floor":31,"turns":5}],"seed_played":"-2701092537270779297","potions_obtained":[{"floor":3.0,"key":"Regen Potion"},{"floor":6.0,"key":"Regen Potion"},{"floor":11.0,"key":"EssenceOfSteel"},{"floor":13.0,"key":"Ancient Potion"},{"floor":21.0,"key":"Block Potion"}],"is_trial":false,"path_per_floor":["M","?","M","?","?","E","?","M","T","M","M","R","M","M","R","B",null,"M","$","M","M","?","R","M","R","T","?","$","R","M","M"],"character_chosen":"THE_SILENT","items_purchased":["Peace Pipe"],"campfire_rested":2,"item_purchase_floors":[19],"current_hp_per_floor":[59,39,39,44,26,26,26,29,29,39,55,55,37,46,46,29,61,46,46,20,17,17,38,23,44,44,44,44,44,41,0],"gold":56,"neow_bonus":"THREE_ENEMY_KILL","is_prod":false,"is_daily":false,"chose_seed":false,"campfire_upgraded":2,"win_rate":0,"timestamp":1550888048,"path_taken":["M","?","M","?","?","E","?","M","T","M","M","R","M","?","R","BOSS","M","$","M","M","?","R","M","R","T","?","$","R","M","M"],"build_version":"2019-01-23","purchased_purges":0,"victory":false,"max_hp_per_floor":[66,66,66,71,71,71,71,71,71,71,71,71,71,71,71,71,71,71,71,71,71,71,71,71,71,71,71,71,71,71,71],"card_choices":[{"not_picked":["Bane","PiercingWail"],"picked":"Outmaneuver","floor":1.0},{"not_picked":["Dodge and Roll","Deflect"],"picked":"Dagger Throw","floor":3.0},{"not_picked":["Dagger Throw","Bouncing Flask"],"picked":"Infinite Blades","floor":6.0},{"not_picked":["Deflect","Eviscerate","Slice"],"picked":"SKIP","floor":8.0},{"not_picked":["Slice","PiercingWail"],"picked":"Tools of the Trade","floor":10.0},{"not_picked":["Dash","Outmaneuver"],"picked":"Cloak And Dagger","floor":11.0},{"not_picked":["Outmaneuver","Skewer"],"picked":"Accuracy","floor":13.0},{"not_picked":["Eviscerate","Prepared"],"picked":"Noxious Fumes","floor":14.0},{"not_picked":["Wraith Form v2","Venomology"],"picked":"Envenom","floor":16.0},{"not_picked":["Bane","Slice","Acrobatics"],"picked":"SKIP","floor":18.0},{"not_picked":["Deflect","Blade Dance"],"picked":"Crippling Poison+1","floor":20.0},{"not_picked":["Flechettes","Backflip","Caltrops"],"picked":"SKIP","floor":21.0},{"not_picked":["Slice","Dodge and Roll","Dagger Throw"],"picked":"SKIP","floor":24.0},{"not_picked":["Acrobatics","All Out Attack"],"picked":"Underhanded Strike","floor":30.0}],"player_experience":981915,"relics_obtained":[{"floor":6.0,"key":"Meat on the Bone"},{"floor":9.0,"key":"The Courier"},{"floor":26.0,"key":"Shuriken"}],"event_choices":[{"damage_healed":0.0,"max_hp_gain":0.0,"max_hp_loss":0.0,"gold_gain":0.0,"event_name":"Shining Light","player_choice":"Entered Light","floor":2.0,"gold_loss":0.0,"damage_taken":20.0,"cards_upgraded":["Outmaneuver","Defend_G"]},{"damage_healed":0.0,"max_hp_gain":5.0,"max_hp_loss":0.0,"gold_gain":0.0,"event_name":"Big Fish","player_choice":"Donut","floor":4.0,"gold_loss":0.0,"damage_taken":0.0},{"damage_healed":0.0,"max_hp_gain":0.0,"max_hp_loss":0.0,"gold_gain":0.0,"event_name":"Scrap Ooze","player_choice":"Fled","floor":5.0,"gold_loss":0.0,"damage_taken":18.0},{"damage_healed":0.0,"max_hp_gain":0.0,"max_hp_loss":0.0,"gold_gain":0.0,"event_name":"FaceTrader","player_choice":"Trade","floor":7.0,"gold_loss":0.0,"damage_taken":0.0,"relics_obtained":["GremlinMask"]},{"damage_healed":0.0,"max_hp_gain":0.0,"max_hp_loss":0.0,"gold_gain":0.0,"cards_transformed":["Strike_G","Strike_G"],"event_name":"Drug Dealer","player_choice":"Became Test Subject","floor":22.0,"gold_loss":0.0,"damage_taken":0.0,"cards_obtained":["Calculated Gamble","Expertise"]},{"cards_removed":["Expertise"],"damage_healed":0.0,"max_hp_gain":0.0,"max_hp_loss":0.0,"gold_gain":0.0,"event_name":"Purifier","player_choice":"Purged","floor":27.0,"gold_loss":0.0,"damage_taken":0.0}],"is_beta":false,"boss_relics":[{"not_picked":["HoveringKite","Philosopher\u0027s Stone"],"picked":"Fusion Hammer"}],"items_purged_floors":[],"is_endless":false,"potions_floor_spawned":[3,6,11,13,21,24],"killed_by":"Sentry and Sphere","ascension_level":19}