{"gold_per_floor":[111,111,28,28,28,63,76,76,102,118,153,153,173,189,189,264,264,284,284,209,209,209,209,185,185,185,185,185],"floor_reached":28,"playtime":1300,"items_purged":[],"score":486,"play_id":"c93ad6f4-be5e-4f90-8ce6-5c4e654ca4fd","local_time":"20190302222246","is_ascension_mode":true,"campfire_choices":[{"floor":8.0,"key":"REST"},{"data":"Noxious Fumes","floor":12.0,"key":"SMITH"},{"floor":15,"key":"REST"},{"floor":23,"key":"REST"},{"data":"A Thousand Cuts","floor":25,"key":"SMITH"},{"floor":27,"key":"REST"}],"neow_cost":"NONE","seed_source_timestamp":0,"circlet_count":0,"master_deck":["AscendersBane","Defend_G","Defend_G","Defend_G","Defend_G","Defend_G","Strike_G","Strike_G+1","Strike_G+1","Survivor","Neutralize","Cloak And Dagger","Noxious Fumes+1","Dash","Acrobatics","Escape Plan","A Thousand Cuts+1","Acrobatics","Tactician"],"special_seed":0,"relics":["Ring of the Snake","NeowsBlessing","Tough Bandages","Potion Belt","Paper Crane","HoveringKite","Dream Catcher"],"potions_floor_usage":[16,22],"damage_taken":[{"damage":0.0,"enemies":"Small Slimes","floor":1.0,"turns":1.0},{"damage":0.0,"enemies":"Gremlin Nob","floor":6.0,"turns":1.0},{"damage":0.0,"enemies":"Jaw Worm","floor":7.0,"turns":1.0},{"damage":0.0,"enemies":"2 Louse","floor":10.0,"turns":3.0},{"damage":14.0,"enemies":"3 Sentries","floor":11.0,"turns":8.0},{"damage":3.0,"enemies":"Looter","floor":13.0,"turns":4.0},{"damage":2.0,"enemies":"3 Louse","floor":14.0,"turns":5.0},{"damage":24,"enemies":"The Guardian","floor":16,"turns":14},{"damage":3,"enemies":"Spheric Guardian","floor":18,"turns":6},{"damage":25,"enemies":"Colosseum Slavers","floor":22,"turns":5},{"damage":9,"enemies":"2 Thieves","floor":24,"turns":4},{"damage":49,"enemies":"Slavers","floor":28,"turns":3}],"seed_played":"-5699434454668486992","potions_obtained":[{"floor":1.0,"key":"SpeedPotion"},{"floor":6.0,"key":"Poison Potion"},{"floor":14,"key":"SpeedPotion"},{"floor":24,"key":"Poison Potion"}],"is_trial":false,"path_per_floor":["M","?","$","?","?","E","M","R","T","M","E","R","M","M","R","B",null,"M","?","?","?","?","R","M","R","T","R","E"],"character_chosen":"THE_SILENT","items_purchased":["Noxious Fumes"],"campfire_rested":4,"item_purchase_floors":[3],"current_hp_per_floor":[59,39,39,39,32,32,32,51,51,51,37,37,34,32,51,27,56,53,35,35,35,10,31,22,22,22,43,0],"gold":185,"neow_bonus":"THREE_ENEMY_KILL","is_prod":false,"is_daily":false,"chose_seed":false,"campfire_upgraded":2,"win_rate":0,"timestamp":1551554566,"path_taken":["M","?","$","?","?","E","M","R","T","M","E","R","?","M","R","BOSS","M","?","?","?","?","R","M","R","T","R","E"],"build_version":"2019-01-23","purchased_purges":0,"victory":false,"max_hp_per_floor":[66,66,66,66,66,66,66,66,66,66,66,66,66,66,66,66,66,66,71,71,71,71,71,71,71,71,71,71],"card_choices":[{"not_picked":["Riddle With Holes","Concentrate"],"picked":"Cloak And Dagger","floor":1.0},{"not_picked":["Finisher","Prepared"],"picked":"Dash","floor":6.0},{"not_picked":["Poisoned Stab","Finisher","Bane"],"picked":"SKIP","floor":7.0},{"not_picked":["Outmaneuver","Noxious Fumes"],"picked":"Acrobatics","floor":10.0},{"not_picked":["Flechettes","Sucker Punch"],"picked":"Escape Plan","floor":11.0},{"not_picked":["Outmaneuver","Flying Knee","Predator"],"picked":"SKIP","floor":13.0},{"not_picked":["Endless Agony","Bane","Underhanded Strike"],"picked":"SKIP","floor":14},{"not_picked":["Burst","Phantasmal Killer"],"picked":"A Thousand Cuts","floor":16},{"not_picked":["Deflect","Dodge and Roll"],"picked":"Acrobatics","floor":18},{"not_picked":["Outmaneuver","Slice","PiercingWail"],"picked":"SKIP","floor":24},{"not_picked":["Predator","Choke"],"picked":"Tactician","floor":27}],"player_experience":998064,"relics_obtained":[{"floor":6.0,"key":"Tough Bandages"},{"floor":9.0,"key":"Potion Belt"},{"floor":11.0,"key":"Paper Crane"},{"floor":26,"key":"Dream Catcher"}],"event_choices":[{"damage_healed":0.0,"max_hp_gain":0.0,"max_hp_loss":0.0,"gold_gain":0.0,"event_name":"Shining Light","player_choice":"Entered Light","floor":2.0,"gold_loss":0.0,"damage_taken":20.0,"cards_upgraded":["Strike_G","Strike_G"]},{"damage_healed":0.0,"max_hp_gain":0.0,"max_hp_loss":0.0,"gold_gain":0.0,"event_name":"The Cleric","player_choice":"Leave","floor":4.0,"gold_loss":0.0,"damage_taken":0.0},{"cards_removed":["Strike_G"],"damage_healed":0.0,"max_hp_gain":0.0,"max_hp_loss":0.0,"gold_gain":0.0,"event_name":"Golden Wing","player_choice":"Card Removal","floor":5.0,"gold_loss":0.0,"damage_taken":7.0},{"damage_healed":0,"gold_gain":0,"player_choice":"Shed Blood","damage_taken":23,"max_hp_gain":5,"max_hp_loss":0,"event_name":"Forgotten Altar","floor":19,"gold_loss":0},{"cards_removed":["Strike_G"],"damage_healed":0,"gold_gain":0,"player_choice":"Gave Gold","damage_taken":0,"max_hp_gain":0,"max_hp_loss":0,"event_name":"Beggar","floor":20,"gold_loss":75},{"damage_healed":0,"gold_gain":0,"player_choice":"Ignored","damage_taken":0,"max_hp_gain":0,"max_hp_loss":0,"event_name":"Vampires","floor":21,"gold_loss":0},{"damage_healed":0,"gold_gain":0,"player_choice":"Fight","damage_taken":0,"max_hp_gain":0,"max_hp_loss":0,"event_name":"Colosseum","floor":22,"gold_loss":0},{"damage_healed":0,"gold_gain":0,"player_choice":"Fled From Nobs","damage_taken":0,"max_hp_gain":0,"max_hp_loss":0,"event_name":"Colosseum","floor":22,"gold_loss":0}],"is_beta":false,"boss_relics":[{"not_picked":["Black Star","Sozu"],"picked":"HoveringKite"}],"items_purged_floors":[],"is_endless":false,"potions_floor_spawned":[1,6,7,14,24],"killed_by":"Slavers","ascension_level":19}