{"gold_per_floor":[18,18,18,42,63,63,63,63,63,103,132,155,179,104,104,200,200,225,249,249,205,216,216,216],"floor_reached":24,"playtime":1638,"items_purged":[],"score":363,"play_id":"23d8886e-18a7-4c06-b9b0-a58431e5f9c0","local_time":"20181213041854","is_ascension_mode":true,"campfire_choices":[{"data":"Defragment","floor":6.0,"key":"SMITH"},{"data":"Zap","floor":8.0,"key":"SMITH"},{"floor":15.0,"key":"REST"},{"data":"Reinforced Body","floor":23,"key":"SMITH"}],"neow_cost":"NO_GOLD","seed_source_timestamp":0,"circlet_count":0,"master_deck":["AscendersBane","Zap+1","Dualcast","Coolheaded","Defragment+1","Steam","Cold Snap","Reinforced Body+1","Conserve Battery","Echo Form","Capacitor","Ball Lightning","White Noise","Steam","Hologram","Loop","Self Repair"],"special_seed":0,"relics":["Cracked Core","Bloody Idol","Boot","Pear","Symbiotic Virus","Odd Mushroom","Pandora\u0027s Box"],"potions_floor_usage":[24,24],"damage_taken":[{"damage":4.0,"enemies":"Jaw Worm","floor":1.0,"turns":3.0},{"damage":7.0,"enemies":"2 Louse","floor":4.0,"turns":3.0},{"damage":0.0,"enemies":"Small Slimes","floor":5.0,"turns":3.0},{"damage":24.0,"enemies":"Lagavulin","floor":10.0,"turns":6.0},{"damage":12.0,"enemies":"The Mushroom Lair","floor":11.0,"turns":5.0},{"damage":6.0,"enemies":"2 Fungi Beasts","floor":12.0,"turns":4.0},{"damage":0.0,"enemies":"Looter","floor":13.0,"turns":2.0},{"damage":7,"enemies":"The Guardian","floor":16,"turns":15},{"damage":13,"enemies":"2 Thieves","floor":18,"turns":5},{"damage":0,"enemies":"Chosen","floor":19,"turns":4},{"damage":8,"enemies":"Centurion and Healer","floor":22,"turns":5},{"damage":50,"enemies":"Book of Stabbing","floor":24,"turns":5}],"seed_played":"-4489983306359982309","potions_obtained":[{"floor":4.0,"key":"FearPotion"},{"floor":5.0,"key":"GamblersBrew"},{"floor":11.0,"key":"Fire Potion"},{"floor":16,"key":"FocusPotion"}],"is_trial":false,"path_per_floor":["M","?","?","M","M","R","?","R","T","E","?","M","M","?","R","B",null,"M","M","?","$","M","R","E"],"character_chosen":"DEFECT","items_purchased":["Loop"],"campfire_rested":1,"item_purchase_floors":[21],"current_hp_per_floor":[60,60,60,53,53,53,53,53,63,39,27,21,21,21,43,36,65,52,52,52,52,49,49,0],"gold":216,"neow_bonus":"REMOVE_TWO","is_prod":false,"is_daily":false,"chose_seed":false,"campfire_upgraded":3,"win_rate":0,"timestamp":1544663934,"path_taken":["M","?","?","M","M","R","?","R","T","E","?","M","M","?","R","BOSS","M","M","?","$","M","R","E"],"build_version":"2018-12-06","purchased_purges":0,"victory":false,"max_hp_per_floor":[71,64,64,64,64,64,64,64,74,74,74,74,74,74,74,74,74,74,74,74,74,74,74,74],"card_choices":[{"not_picked":["Go for the Eyes","Stack"],"picked":"Coolheaded","floor":1.0},{"not_picked":["Genetic Algorithm","Go for the Eyes"],"picked":"Defragment","floor":4.0},{"not_picked":["Redo","Coolheaded","Hologram"],"picked":"SKIP","floor":5.0},{"not_picked":["Hologram","Leap"],"picked":"Steam","floor":10.0},{"not_picked":["Darkness","Go for the Eyes"],"picked":"Cold Snap","floor":11.0},{"not_picked":["Stack","Rebound"],"picked":"Reinforced Body","floor":12.0},{"not_picked":["Aggregate","Rip and Tear"],"picked":"Conserve Battery","floor":13.0},{"not_picked":["Machine Learning","Core Surge"],"picked":"Echo Form","floor":16},{"not_picked":["Streamline+1","Go for the Eyes","Turbo"],"picked":"SKIP","floor":18},{"not_picked":["Sweeping Beam","Doom and Gloom","Barrage"],"picked":"SKIP","floor":19},{"not_picked":["Compile Driver","Capacitor"],"picked":"Self Repair","floor":22}],"player_experience":852831,"relics_obtained":[{"floor":9.0,"key":"Pear"},{"floor":10.0,"key":"Symbiotic Virus"},{"floor":11.0,"key":"Odd Mushroom"}],"event_choices":[{"damage_healed":0.0,"max_hp_gain":0.0,"max_hp_loss":7.0,"gold_gain":0.0,"event_name":"Golden Idol","player_choice":"Lose Max HP","floor":2.0,"gold_loss":0.0,"damage_taken":0.0,"relics_obtained":["Golden Idol"]},{"damage_healed":0.0,"max_hp_gain":0.0,"max_hp_loss":0.0,"gold_gain":0.0,"event_name":"Liars Game","player_choice":"Ignored","floor":3.0,"gold_loss":0.0,"damage_taken":0.0},{"damage_healed":0.0,"max_hp_gain":0.0,"max_hp_loss":0.0,"gold_gain":0.0,"event_name":"Dead Adventurer","player_choice":"Searched \u00271\u0027 times","floor":7.0,"gold_loss":0.0,"damage_taken":0.0,"relics_obtained":["Boot"]},{"damage_healed":0.0,"max_hp_gain":0.0,"max_hp_loss":0.0,"gold_gain":0.0,"event_name":"Mushrooms","player_choice":"Fought Mushrooms","floor":11.0,"gold_loss":0.0,"damage_taken":0.0},{"cards_removed":["Strike_B"],"damage_healed":0.0,"max_hp_gain":0.0,"max_hp_loss":0.0,"gold_gain":0.0,"event_name":"The Cleric","player_choice":"Card Removal","floor":14.0,"gold_loss":75.0,"damage_taken":0.0},{"damage_healed":0,"gold_gain":0,"player_choice":"Gave Idol","damage_taken":0,"relics_obtained":["Bloody Idol"],"max_hp_gain":0,"max_hp_loss":0,"event_name":"Forgotten Altar","floor":20,"relics_lost":["Golden Idol"],"gold_loss":0}],"is_beta":false,"boss_relics":[{"not_picked":["Runic Dome","Fusion Hammer"],"picked":"Pandora\u0027s Box"}],"items_purged_floors":[],"is_endless":false,"potions_floor_spawned":[4,5,11,12,16,19],"killed_by":"Book of Stabbing","ascension_level":17}