{"gold_per_floor":[116,46,57,31,31,59,71,105,155,196,220,232,256,268,280,388,400,430,37,53,64,81,114,129,164,189,189,209,209,209,226,226,323,323,340,351,366,379,404,404,439,453,531,559,559,559,559,571,571,571],"floor_reached":50,"playtime":3130,"items_purged":[],"score":669,"play_id":"ac9ef254-24ab-4b18-aa87-5f0331fb3b45","local_time":"20190504180710","is_ascension_mode":true,"campfire_choices":[{"data":"Zap","floor":12,"key":"SMITH"},{"data":"Go for the Eyes","floor":15,"key":"SMITH"},{"floor":27,"key":"REST"},{"floor":29,"key":"REST"},{"data":"Beam Cell","floor":32,"key":"SMITH"},{"data":"Defragment","floor":40,"key":"SMITH"},{"floor":47,"key":"RECALL"},{"floor":49,"key":"REST"}],"neow_cost":"NONE","seed_source_timestamp":1394706236861700,"circlet_count":0,"master_deck":["Strike_B","Defend_B+1","Defend_B","Defend_B","Zap+1","Dualcast+1","Leap","Ball Lightning","Coolheaded","Go for the Eyes+1","Sweeping Beam","Leap+1","Rainbow+1","Ball Lightning","Static Discharge","Defragment+1","Biased Cognition","Stack+1","Redo+1","Steam+1","Reprogram+1","Seek+1","Coolheaded+1","Redo+1","Conserve Battery+1","Amplify+1","Beam Cell+1","Seek+1","Lockon+1","Reboot+1","Redo+1","Barrage","Compile Driver","Biased Cognition+1","Conserve Battery+1","Go for the Eyes+1","Steam+1"],"relics":["Cracked Core","Toxic Egg 2","Potion Belt","MawBank","Lantern","White Beast Statue","War Paint","Matryoshka","Letter Opener","Turnip","Frozen Egg 2","Dream Catcher","Empty Cage","Singing Bowl","Bag of Marbles","Pen Nib","Pear"],"potions_floor_usage":[18,18,23,23,23,23,25,31,31,33,33,38,38,41,44,44,50],"damage_taken":[{"damage":1,"enemies":"Jaw Worm","floor":1,"turns":3},{"damage":0,"enemies":"Cultist","floor":3,"turns":3},{"damage":15,"enemies":"3 Sentries","floor":6,"turns":8},{"damage":0,"enemies":"Small Slimes","floor":7,"turns":3},{"damage":10,"enemies":"Gremlin Nob","floor":8,"turns":4},{"damage":11,"enemies":"Lagavulin","floor":10,"turns":5},{"damage":0,"enemies":"Red Slaver","floor":11,"turns":3},{"damage":0,"enemies":"Looter","floor":13,"turns":2},{"damage":17,"enemies":"The Guardian","floor":16,"turns":9},{"damage":0,"enemies":"2 Thieves","floor":18,"turns":4},{"damage":9,"enemies":"Shell Parasite","floor":20,"turns":5},{"damage":3,"enemies":"Centurion and Healer","floor":21,"turns":5},{"damage":18,"enemies":"Snake Plant","floor":22,"turns":3},{"damage":17,"enemies":"Slavers","floor":23,"turns":3},{"damage":10,"enemies":"3 Cultists","floor":24,"turns":3},{"damage":20,"enemies":"Gremlin Leader","floor":25,"turns":4},{"damage":5,"enemies":"Centurion and Healer","floor":28,"turns":6},{"damage":15,"enemies":"Snecko","floor":31,"turns":3},{"damage":30,"enemies":"Champ","floor":33,"turns":11},{"damage":0,"enemies":"Orb Walker","floor":35,"turns":3},{"damage":0,"enemies":"3 Shapes","floor":36,"turns":3},{"damage":9,"enemies":"Spire Growth","floor":37,"turns":4},{"damage":0,"enemies":"Transient","floor":38,"turns":5},{"damage":38,"enemies":"Nemesis","floor":41,"turns":7},{"damage":0,"enemies":"3 Darklings","floor":42,"turns":4},{"damage":5,"enemies":"Giant Head","floor":44,"turns":7},{"damage":17,"enemies":"Spire Growth","floor":48,"turns":3},{"damage":61,"enemies":"Donu and Deca","floor":50,"turns":8}],"seed_played":"-2880163302075912648","potions_obtained":[{"floor":3,"key":"Block Potion"},{"floor":6,"key":"SkillPotion"},{"floor":10,"key":"SteroidPotion"},{"floor":18,"key":"Strength Potion"},{"floor":20,"key":"Ancient Potion"},{"floor":21,"key":"Strength Potion"},{"floor":22,"key":"Fire Potion"},{"floor":23,"key":"Fire Potion"},{"floor":24,"key":"PowerPotion"},{"floor":25,"key":"SpeedPotion"},{"floor":28,"key":"PowerPotion"},{"floor":31,"key":"Strength Potion"},{"floor":33,"key":"Fire Potion"},{"floor":35,"key":"Swift Potion"},{"floor":36,"key":"Swift Potion"},{"floor":37,"key":"FocusPotion"},{"floor":38,"key":"SteroidPotion"},{"floor":41,"key":"SteroidPotion"},{"floor":42,"key":"Swift Potion"},{"floor":44,"key":"SteroidPotion"},{"floor":48,"key":"Swift Potion"}],"is_trial":false,"path_per_floor":["M","$","M","$","?","E","M","E","T","E","M","R","M","?","R","B",null,"M","$","M","M","M","E","M","E","T","R","M","R","?","M","R","B",null,"M","M","M","M","T","R","E","M","T","E","?","?","R","M","R","B"],"character_chosen":"DEFECT","items_purchased":["Ball Lightning","Coolheaded","Go for the Eyes","War Paint","Matryoshka"],"campfire_rested":3,"item_purchase_floors":[2,2,4,19,19],"current_hp_per_floor":[81,81,81,81,74,59,59,49,49,38,38,38,38,38,38,21,82,82,82,73,70,52,35,25,5,5,29,24,48,48,33,33,3,82,82,82,73,73,73,73,35,37,37,42,42,44,44,27,57,0],"gold":571,"neow_bonus":"TEN_PERCENT_HP_BONUS","is_prod":false,"is_daily":false,"chose_seed":false,"campfire_upgraded":4,"win_rate":0,"timestamp":1557011230,"path_taken":["M","$","M","$","?","E","M","E","T","E","M","R","M","?","R","BOSS","M","$","M","?","M","E","M","E","T","R","M","R","?","M","R","BOSS","M","?","M","M","?","R","E","M","T","E","?","?","R","M","R","BOSS"],"build_version":"2019-01-23","purchased_purges":0,"victory":false,"max_hp_per_floor":[82,82,82,82,82,82,82,82,82,82,82,82,82,82,82,82,82,82,82,82,82,82,82,82,82,82,82,82,82,82,82,82,82,82,82,82,82,82,82,82,82,84,84,94,94,96,96,96,98,98],"card_choices":[{"not_picked":["Melter","Heatsinks"],"picked":"Leap","floor":1},{"not_picked":["Hologram","Heatsinks","Force Field"],"picked":"SKIP","floor":3},{"not_picked":["Meteor Strike","Streamline"],"picked":"Sweeping Beam","floor":6},{"not_picked":["Streamline","Storm"],"picked":"Leap+1","floor":7},{"not_picked":["Hologram+1","Barrage"],"picked":"Rainbow+1","floor":8},{"not_picked":["Go for the Eyes","Meteor Strike"],"picked":"Ball Lightning","floor":10},{"not_picked":["Cold Snap","Go for the Eyes"],"picked":"Static Discharge","floor":11},{"not_picked":["Steam+1","Streamline"],"picked":"Defragment","floor":13},{"not_picked":["Amplify+1","Buffer"],"picked":"Biased Cognition","floor":16},{"not_picked":["Gash","Force Field+1"],"picked":"Stack+1","floor":18},{"not_picked":["Scrape","Go for the Eyes+1"],"picked":"Redo+1","floor":20},{"not_picked":["Go for the Eyes","Loop+1"],"picked":"Steam+1","floor":21},{"not_picked":["Beam Cell","Chill+1"],"picked":"Reprogram+1","floor":22},{"not_picked":["Gash","Streamline+1"],"picked":"Seek+1","floor":23},{"not_picked":["Blizzard","Ball Lightning"],"picked":"Coolheaded+1","floor":24},{"not_picked":["Barrage","Cold Snap"],"picked":"Redo+1","floor":25},{"not_picked":["Steam+1","Beam Cell"],"picked":"Conserve Battery+1","floor":27},{"not_picked":["Genetic Algorithm+1","Gash+1"],"picked":"Amplify+1","floor":28},{"not_picked":["Stack+1","Steam+1"],"picked":"Beam Cell","floor":29},{"not_picked":["Conserve Battery+1","Reprogram+1"],"picked":"Lockon+1","floor":31},{"not_picked":["Buffer+1","Hyperbeam"],"picked":"Reboot+1","floor":33},{"not_picked":["Gash","Ball Lightning"],"picked":"Redo+1","floor":35},{"not_picked":["Steam+1","Loop+1"],"picked":"Barrage","floor":36},{"not_picked":["Stack+1","Ball Lightning"],"picked":"Compile Driver","floor":37},{"not_picked":["Reinforced Body+1","Streamline"],"picked":"Biased Cognition+1","floor":38},{"not_picked":["Gash","Reprogram+1"],"picked":"Conserve Battery+1","floor":41},{"not_picked":["Reinforced Body+1","Genetic Algorithm+1","Gash+1"],"picked":"Singing Bowl","floor":42},{"not_picked":["Rebound+1","Buffer+1"],"picked":"Go for the Eyes+1","floor":44},{"not_picked":["Enlightenment+1","Mind Blast","Jack Of All Trades+1"],"picked":"Singing Bowl","floor":46},{"not_picked":["Hologram+1","Stack+1"],"picked":"Steam+1","floor":48},{"not_picked":["Hello World+1","FTL+1","Double Energy+1"],"picked":"Singing Bowl","floor":49}],"player_experience":105590,"relics_obtained":[{"floor":6,"key":"Toxic Egg 2"},{"floor":8,"key":"Potion Belt"},{"floor":9,"key":"MawBank"},{"floor":10,"key":"Lantern"},{"floor":23,"key":"Letter Opener"},{"floor":25,"key":"Turnip"},{"floor":26,"key":"Frozen Egg 2"},{"floor":26,"key":"Dream Catcher"},{"floor":39,"key":"Singing Bowl"},{"floor":39,"key":"Bag of Marbles"},{"floor":41,"key":"Pen Nib"},{"floor":44,"key":"Pear"}],"event_choices":[{"cards_removed":["Strike_B"],"damage_healed":0,"gold_gain":0,"player_choice":"Card Removal","damage_taken":7,"max_hp_gain":0,"max_hp_loss":0,"event_name":"Golden Wing","floor":5,"gold_loss":0},{"damage_healed":0,"gold_gain":0,"player_choice":"Bought 0 Potions","damage_taken":0,"max_hp_gain":0,"max_hp_loss":0,"event_name":"The Woman in Blue","floor":14,"gold_loss":0},{"damage_healed":0,"gold_gain":0,"player_choice":"Copied","damage_taken":0,"max_hp_gain":0,"max_hp_loss":0,"event_name":"Duplicator","floor":30,"gold_loss":0,"cards_obtained":["Seek"]},{"cards_removed":["Defend_B"],"damage_healed":0,"gold_gain":0,"player_choice":"Removed Skill","damage_taken":0,"max_hp_gain":0,"max_hp_loss":0,"event_name":"Falling","floor":45,"gold_loss":0},{"damage_healed":0,"gold_gain":0,"player_choice":"Memory 1","damage_taken":0,"max_hp_gain":0,"max_hp_loss":0,"event_name":"SensoryStone","floor":46,"gold_loss":0}],"is_beta":false,"boss_relics":[{"not_picked":["FrozenCore","Calling Bell"],"picked":"White Beast Statue"},{"not_picked":["Busted Crown","Tiny House"],"picked":"Empty Cage"}],"items_purged_floors":[],"is_endless":false,"potions_floor_spawned":[3,6,10,18,20,21,22,23,24,25,28,31,33,35,36,37,38,41,42,44,48],"killed_by":"Donu and Deca","ascension_level":1}