{"gold_per_floor":[118,118,133,19,34,34,45,76,376,376,376,388,416,436,436,532,532,546,546,563,575,588,588],"floor_reached":23,"playtime":2223,"items_purged":["Strike_G"],"score":246,"play_id":"9445a296-67b1-4500-917b-4acd6b217500","local_time":"20190601215316","is_ascension_mode":true,"campfire_choices":[{"data":"Quick Slash","floor":6.0,"key":"SMITH"},{"floor":10.0,"key":"REST"},{"floor":15.0,"key":"REST"}],"neow_cost":"CURSE","seed_source_timestamp":1148211843501400,"circlet_count":0,"master_deck":["Defend_G","Defend_G","Defend_G","Defend_G","Defend_G","Strike_G","Strike_G","Strike_G","Survivor","Neutralize","Grand Finale","Quick Slash+1","Crippling Poison","Escape Plan","PiercingWail","Dodge and Roll","Dagger Spray","Cloak And Dagger","Sucker Punch","Acrobatics","Well Laid Plans","Malaise","Dodge and Roll+1","Caltrops+1","Backstab","Prepared","Noxious Fumes","PiercingWail","Leg Sweep","Backflip+1"],"special_seed":0,"relics":["Ring of the Snake","Ornamental Fan","Prayer Wheel","Old Coin","Calipers","Empty Cage","Nloth\u0027s Gift"],"potions_floor_usage":[],"damage_taken":[{"damage":2.0,"enemies":"Jaw Worm","floor":1.0,"turns":6.0},{"damage":2.0,"enemies":"Cultist","floor":3.0,"turns":3.0},{"damage":0.0,"enemies":"Small Slimes","floor":5.0,"turns":4.0},{"damage":20.0,"enemies":"Gremlin Gang","floor":7.0,"turns":6.0},{"damage":19.0,"enemies":"3 Sentries","floor":8.0,"turns":11.0},{"damage":4.0,"enemies":"Large Slime","floor":12.0,"turns":3.0},{"damage":34.0,"enemies":"Lagavulin","floor":13.0,"turns":10.0},{"damage":4.0,"enemies":"Red Slaver","floor":14.0,"turns":3.0},{"damage":24.0,"enemies":"Hexaghost","floor":16.0,"turns":11.0},{"damage":12.0,"enemies":"Chosen","floor":18.0,"turns":8.0},{"damage":20.0,"enemies":"2 Thieves","floor":20.0,"turns":4.0},{"damage":34.0,"enemies":"Snecko","floor":21.0,"turns":9.0},{"damage":1.0,"enemies":"Snake Plant","floor":22.0,"turns":7.0},{"damage":0,"enemies":"Slavers","floor":23,"turns":1}],"seed_played":"7144301554640962272","potions_obtained":[{"floor":7.0,"key":"SteroidPotion"},{"floor":12.0,"key":"Energy Potion"},{"floor":14.0,"key":"Strength Potion"},{"floor":22.0,"key":"PowerPotion"}],"is_trial":false,"path_per_floor":["M","?","M","$","M","R","M","E","T","R","?","M","E","M","R","B",null,"M","?","M","M","M","E"],"character_chosen":"THE_SILENT","items_purchased":["Escape Plan"],"campfire_rested":2,"item_purchase_floors":[4],"current_hp_per_floor":[68,68,66,66,66,66,46,27,27,48,48,44,10,6,27,3,70,58,58,38,4,3,3],"gold":588,"neow_bonus":"THREE_RARE_CARDS","is_prod":false,"is_daily":false,"chose_seed":false,"campfire_upgraded":1,"win_rate":0,"timestamp":1559443996,"path_taken":["M","?","M","$","M","R","?","E","T","R","?","M","E","?","R","BOSS","M","?","M","M","?","E"],"build_version":"2019-01-23","purchased_purges":1,"victory":false,"max_hp_per_floor":[70,70,70,70,70,70,70,70,70,70,70,70,70,70,70,70,70,70,70,70,70,70,70],"card_choices":[{"not_picked":["Unload","After Image"],"picked":"Grand Finale","floor":0.0},{"not_picked":["Accuracy","Deflect"],"picked":"Quick Slash","floor":1.0},{"not_picked":["Blur","Finisher"],"picked":"Crippling Poison","floor":3.0},{"not_picked":["Underhanded Strike","Flying Knee"],"picked":"PiercingWail","floor":5.0},{"not_picked":["Eviscerate","Flying Knee"],"picked":"Dodge and Roll","floor":7.0},{"not_picked":["Expertise","PiercingWail"],"picked":"Dagger Spray","floor":8.0},{"not_picked":["Predator","Expertise"],"picked":"Cloak And Dagger","floor":12.0},{"not_picked":["Masterful Stab","Distraction"],"picked":"Sucker Punch","floor":12.0},{"not_picked":["Slice","PiercingWail","Unload"],"picked":"SKIP","floor":13.0},{"not_picked":["Quick Slash","Prepared"],"picked":"Acrobatics","floor":14.0},{"not_picked":["Flechettes","Choke"],"picked":"Well Laid Plans","floor":14.0},{"not_picked":["Grand Finale","Venomology"],"picked":"Malaise","floor":16.0},{"not_picked":["Sucker Punch","Blade Dance"],"picked":"Dodge and Roll+1","floor":18.0},{"not_picked":["Slice","Bane"],"picked":"Caltrops+1","floor":18.0},{"not_picked":["Sucker Punch","Dodge and Roll+1"],"picked":"Backstab","floor":20.0},{"not_picked":["Wraith Form v2","Choke"],"picked":"Prepared","floor":20.0},{"not_picked":["Skewer+1","Leg Sweep"],"picked":"Noxious Fumes","floor":21.0},{"not_picked":["Dagger Spray+1","Blade Dance"],"picked":"PiercingWail","floor":21.0},{"not_picked":["All Out Attack","Deadly Poison+1"],"picked":"Leg Sweep","floor":22.0},{"not_picked":["Flying Knee","Acrobatics+1"],"picked":"Backflip+1","floor":22.0}],"player_experience":259172,"relics_obtained":[{"floor":2.0,"key":"Ornamental Fan"},{"floor":8.0,"key":"Prayer Wheel"},{"floor":9.0,"key":"Old Coin"},{"floor":11.0,"key":"Calipers"},{"floor":13.0,"key":"Happy Flower"}],"event_choices":[{"damage_healed":0.0,"max_hp_gain":0.0,"max_hp_loss":0.0,"gold_gain":0.0,"event_name":"Wheel of Change","player_choice":"Relic","floor":2.0,"gold_loss":0.0,"damage_taken":0.0},{"damage_healed":0.0,"max_hp_gain":0.0,"max_hp_loss":0.0,"gold_gain":0.0,"event_name":"Wheel of Change","player_choice":"Relic","floor":11.0,"gold_loss":0.0,"damage_taken":0.0},{"damage_healed":0.0,"max_hp_gain":0.0,"max_hp_loss":0.0,"gold_gain":0.0,"event_name":"N\u0027loth","player_choice":"Traded Relic","floor":19.0,"relics_lost":["Happy Flower"],"gold_loss":0.0,"damage_taken":0.0,"relics_obtained":["Nloth\u0027s Gift"]}],"is_beta":false,"boss_relics":[{"not_picked":["Calling Bell","Busted Crown"],"picked":"Empty Cage"}],"items_purged_floors":[4],"is_endless":false,"potions_floor_spawned":[7,12,14,22],"killed_by":"Slavers","ascension_level":4}