{"gold_per_floor":[116,116,96,114,134,57,57,67,93,105,117,117,131,158,158,158],"floor_reached":16,"playtime":630,"items_purged":[],"score":208,"play_id":"17b55cc4-ef3b-4f55-a5fe-1237fda5bedc","local_time":"20190528015116","is_ascension_mode":true,"campfire_choices":[{"floor":7,"key":"REST"},{"floor":12,"key":"REST"},{"floor":15,"key":"REST"}],"neow_cost":"NONE","seed_source_timestamp":142256673287126,"circlet_count":0,"master_deck":["AscendersBane","Strike_B","Strike_B","Strike_B","Strike_B","Defend_B","Defend_B","Defend_B","Defend_B+1","Zap","Dualcast+1","Loop","Defragment","Reinforced Body","Glacier","Loop","Loop"],"relics":["Cracked Core","NeowsBlessing","Potion Belt","Happy Flower"],"potions_floor_usage":[10,10,16],"damage_taken":[{"damage":0,"enemies":"2 Louse","floor":1,"turns":1},{"damage":0,"enemies":"Cultist","floor":4,"turns":1},{"damage":0,"enemies":"Jaw Worm","floor":5,"turns":1},{"damage":9,"enemies":"Large Slime","floor":8,"turns":5},{"damage":18,"enemies":"Gremlin Gang","floor":10,"turns":6},{"damage":11,"enemies":"Blue Slaver","floor":11,"turns":5},{"damage":6,"enemies":"Exordium Wildlife","floor":13,"turns":5},{"damage":29,"enemies":"3 Sentries","floor":14,"turns":10},{"damage":33,"enemies":"Hexaghost","floor":16,"turns":9}],"seed_played":"6434541673180892114","potions_obtained":[{"floor":1,"key":"Weak Potion"},{"floor":3,"key":"Weak Potion"},{"floor":4,"key":"Swift Potion"},{"floor":10,"key":"GamblersBrew"},{"floor":14,"key":"Ancient Potion"}],"is_trial":false,"path_per_floor":["M","?","?","M","M","$","R","M","T","M","M","R","M","E","R","B"],"character_chosen":"DEFECT","items_purchased":["Defragment"],"campfire_rested":3,"item_purchase_floors":[6],"current_hp_per_floor":[64,43,43,43,43,43,64,55,55,37,26,47,41,12,33,0],"gold":158,"neow_bonus":"THREE_ENEMY_KILL","is_prod":false,"is_daily":false,"chose_seed":false,"campfire_upgraded":0,"win_rate":0,"timestamp":1558997476,"path_taken":["M","?","?","M","?","?","R","?","T","M","M","R","M","E","R","BOSS"],"build_version":"2019-01-23","purchased_purges":0,"victory":false,"max_hp_per_floor":[71,71,71,71,71,71,71,71,71,71,71,71,71,71,71,71],"card_choices":[{"not_picked":["FTL","Barrage","Darkness"],"picked":"SKIP","floor":1},{"not_picked":["Streamline","Doom and Gloom"],"picked":"Loop","floor":4},{"not_picked":["Leap","Undo","Tempest"],"picked":"SKIP","floor":5},{"not_picked":["Compile Driver","BootSequence"],"picked":"Reinforced Body","floor":8},{"not_picked":["Stack","Redo"],"picked":"Glacier","floor":10},{"not_picked":["Go for the Eyes","Compile Driver"],"picked":"Loop","floor":11},{"not_picked":["Redo","Hyperbeam","Compile Driver"],"picked":"SKIP","floor":13},{"not_picked":["Genetic Algorithm","Beam Cell"],"picked":"Loop","floor":14}],"player_experience":1135914,"relics_obtained":[{"floor":9,"key":"Potion Belt"},{"floor":14,"key":"Happy Flower"}],"event_choices":[{"damage_healed":0,"gold_gain":0,"player_choice":"Entered Light","damage_taken":21,"max_hp_gain":0,"max_hp_loss":0,"event_name":"Shining Light","floor":2,"gold_loss":0,"cards_upgraded":["Dualcast","Defend_B"]},{"damage_healed":0,"gold_gain":0,"player_choice":"Bought 1 Potion","damage_taken":0,"max_hp_gain":0,"max_hp_loss":0,"event_name":"The Woman in Blue","floor":3,"gold_loss":0}],"is_beta":false,"boss_relics":[],"items_purged_floors":[],"is_endless":false,"potions_floor_spawned":[1,4,10,14],"killed_by":"Hexaghost","ascension_level":20}