{"gold_per_floor":[110,124,87,137,147,147,173,173,173,173,14,14,28,0,0,77,77,92,1,1,1,16,16,42,59,134,146,146,146,146,165,165,239,239,254,38,48,48,48,48,62,62,62,62,62,62,75,95,95,95],"floor_reached":50,"playtime":4931,"items_purged":["Regret"],"score":991,"play_id":"d408bdb8-8ff8-4e4f-9665-9c792cd4d904","local_time":"20190502200423","is_ascension_mode":true,"campfire_choices":[{"data":"Noxious Fumes","floor":6,"key":"SMITH"},{"floor":12,"key":"REST"},{"data":"Footwork","floor":15,"key":"SMITH"},{"floor":23,"key":"REST"},{"floor":28,"key":"REST"},{"floor":32,"key":"REST"},{"data":"Catalyst","floor":40,"key":"SMITH"},{"data":"Sadistic Nature","floor":42,"key":"SMITH"},{"data":"Sadistic Nature","floor":46,"key":"SMITH"},{"floor":49,"key":"REST"}],"neow_cost":"NONE","seed_source_timestamp":1170692324864,"circlet_count":0,"master_deck":["AscendersBane","Defend_G","Defend_G","Defend_G","Defend_G","Defend_G","Strike_G","Strike_G","Strike_G","Strike_G","Strike_G","Survivor","Neutralize","Noxious Fumes+1","Crippling Poison","Catalyst+1","Footwork+1","After Image","Malaise","Noxious Fumes+1","Finesse","Footwork+1","Distraction+1","Writhe","Burst","Sadistic Nature+1","Sadistic Nature+1"],"relics":["Velvet Choker","Question Card","Singing Bowl","Pantograph","Lizard Tail","Lantern","Paper Crane","Happy Flower","White Beast Statue","Girya"],"potions_floor_usage":[22,24,33,50,50],"damage_taken":[{"damage":6,"enemies":"Cultist","floor":1,"turns":5},{"damage":6,"enemies":"Small Slimes","floor":2,"turns":4},{"damage":0,"enemies":"2 Louse","floor":5,"turns":3},{"damage":18,"enemies":"3 Sentries","floor":7,"turns":6},{"damage":15,"enemies":"Gremlin Gang","floor":13,"turns":3},{"damage":1,"enemies":"Looter","floor":14,"turns":4},{"damage":30,"enemies":"Hexaghost","floor":16,"turns":12},{"damage":13,"enemies":"Shell Parasite","floor":18,"turns":9},{"damage":8,"enemies":"3 Byrds","floor":22,"turns":6},{"damage":55,"enemies":"Gremlin Leader","floor":24,"turns":7},{"damage":31,"enemies":"3 Cultists","floor":25,"turns":6},{"damage":3,"enemies":"Snake Plant","floor":27,"turns":8},{"damage":33,"enemies":"Shelled Parasite and Fungi","floor":31,"turns":7},{"damage":36,"enemies":"Collector","floor":33,"turns":9},{"damage":20,"enemies":"Orb Walker","floor":35,"turns":6},{"damage":26,"enemies":"3 Darklings","floor":37,"turns":6},{"damage":26,"enemies":"Spire Growth","floor":41,"turns":6},{"damage":15,"enemies":"Maw","floor":47,"turns":8},{"damage":18,"enemies":"4 Shapes","floor":48,"turns":6},{"damage":76,"enemies":"Donu and Deca","floor":50,"turns":7}],"seed_played":"5981831804488560159","potions_obtained":[{"floor":13,"key":"Fire Potion"},{"floor":16,"key":"Strength Potion"},{"floor":18,"key":"Dexterity Potion"},{"floor":22,"key":"AttackPotion"},{"floor":35,"key":"Dexterity Potion"},{"floor":37,"key":"FearPotion"},{"floor":47,"key":"SkillPotion"}],"is_trial":false,"path_per_floor":["M","M","?","?","M","R","E","$","T","?","$","R","M","M","R","B",null,"M","$","?","?","M","R","E","M","T","M","R","$","?","M","R","B",null,"M","$","M","?","$","R","M","R","T","?","?","R","M","M","R","B"],"character_chosen":"THE_SILENT","items_purchased":["Footwork","Finesse","Sadistic Nature"],"campfire_rested":5,"item_purchase_floors":[11,19,36],"current_hp_per_floor":[53,47,47,47,47,47,29,29,29,29,29,48,35,34,34,29,58,45,45,45,45,39,60,7,15,15,14,36,36,36,5,27,16,61,43,43,19,66,66,66,42,42,42,42,42,42,29,13,34,0],"gold":95,"neow_bonus":"BOSS_RELIC","is_prod":false,"is_daily":false,"chose_seed":false,"campfire_upgraded":5,"win_rate":0,"timestamp":1556816663,"path_taken":["M","?","?","?","?","R","E","$","T","?","?","R","?","M","R","BOSS","M","$","?","?","?","R","E","?","T","M","R","$","?","M","R","BOSS","M","$","M","?","$","R","M","R","T","?","?","R","M","M","R","BOSS"],"build_version":"2019-01-23","purchased_purges":1,"victory":false,"max_hp_per_floor":[66,66,66,66,66,66,66,66,66,66,66,66,68,68,68,68,68,68,68,68,68,70,70,72,72,72,74,74,74,74,76,76,76,76,78,78,80,66,66,66,68,68,68,68,68,68,70,72,72,72],"card_choices":[{"not_picked":["Poisoned Stab","Underhanded Strike","Bane"],"picked":"SKIP","floor":1},{"not_picked":["Backflip","Outmaneuver"],"picked":"Noxious Fumes","floor":2},{"not_picked":["Blade Dance","Quick Slash"],"picked":"Crippling Poison","floor":5},{"not_picked":["Accuracy","Endless Agony","Catalyst"],"picked":"SKIP","floor":7},{"not_picked":["Accuracy","Endless Agony"],"picked":"Catalyst","floor":7},{"not_picked":["Outmaneuver","Quick Slash","Dagger Throw","Flying Knee"],"picked":"Singing Bowl","floor":13},{"not_picked":["Deadly Poison","Quick Slash","Outmaneuver"],"picked":"After Image","floor":14},{"not_picked":["Grand Finale","Tools of the Trade","Doppelganger"],"picked":"Malaise","floor":16},{"not_picked":["Acrobatics","Deadly Poison","Infinite Blades"],"picked":"Noxious Fumes+1","floor":18},{"not_picked":["Acrobatics","Prepared","Skewer","Cloak And Dagger"],"picked":"Singing Bowl","floor":22},{"not_picked":["Bane","Finisher","Flying Knee+1","Slice"],"picked":"Singing Bowl","floor":24},{"not_picked":["Finisher","Poisoned Stab","Deadly Poison"],"picked":"Distraction+1","floor":25},{"not_picked":["Heel Hook","Poisoned Stab","Storm of Steel","All Out Attack"],"picked":"Singing Bowl","floor":27},{"not_picked":["Dagger Spray","Reflex","Underhanded Strike","Backstab"],"picked":"Singing Bowl","floor":31},{"not_picked":["Corpse Explosion","After Image","Doppelganger"],"picked":"Burst","floor":33},{"not_picked":["Poisoned Stab","Underhanded Strike+1","Deadly Poison","Distraction+1"],"picked":"Singing Bowl","floor":35},{"not_picked":["Expertise","Infinite Blades","Underhanded Strike","Skewer"],"picked":"Singing Bowl","floor":37},{"not_picked":["Prepared","Underhanded Strike","Dash","Backstab"],"picked":"Singing Bowl","floor":41},{"not_picked":["Enlightenment","Dramatic Entrance","Apotheosis"],"picked":"Sadistic Nature","floor":44},{"not_picked":["Flechettes","Slice","Cloak And Dagger","Expertise"],"picked":"Singing Bowl","floor":47},{"not_picked":["Reflex","Acrobatics","Cloak And Dagger+1","Sucker Punch"],"picked":"Singing Bowl","floor":48}],"player_experience":1084263,"relics_obtained":[{"floor":7,"key":"Question Card"},{"floor":9,"key":"Singing Bowl"},{"floor":24,"key":"Lantern"},{"floor":26,"key":"Paper Crane"},{"floor":43,"key":"Girya"}],"event_choices":[{"damage_healed":0,"gold_gain":0,"player_choice":"Left Gold","damage_taken":0,"max_hp_gain":0,"max_hp_loss":0,"event_name":"World of Goop","floor":3,"gold_loss":37},{"damage_healed":0,"gold_gain":50,"player_choice":"Pray","damage_taken":0,"max_hp_gain":0,"max_hp_loss":0,"event_name":"Golden Shrine","floor":4,"gold_loss":0},{"damage_healed":0,"gold_gain":0,"player_choice":"Box","damage_taken":0,"relics_obtained":["Pantograph"],"max_hp_gain":0,"max_hp_loss":0,"event_name":"Big Fish","floor":10,"gold_loss":0,"cards_obtained":["Regret"]},{"damage_healed":0,"gold_gain":0,"player_choice":"Ignored","damage_taken":0,"max_hp_gain":0,"max_hp_loss":0,"event_name":"Ghosts","floor":20,"gold_loss":0},{"damage_healed":0,"gold_gain":0,"player_choice":"Copied","damage_taken":0,"max_hp_gain":0,"max_hp_loss":0,"event_name":"Duplicator","floor":21,"gold_loss":0,"cards_obtained":["Footwork"]},{"damage_healed":0,"gold_gain":0,"player_choice":"Opened","damage_taken":0,"relics_obtained":["Happy Flower"],"max_hp_gain":0,"max_hp_loss":0,"event_name":"The Mausoleum","floor":30,"gold_loss":0,"cards_obtained":["Writhe"]},{"damage_healed":66,"gold_gain":0,"player_choice":"Heal","damage_taken":0,"max_hp_gain":0,"max_hp_loss":14,"event_name":"The Moai Head","floor":38,"gold_loss":0},{"damage_healed":0,"gold_gain":0,"player_choice":"Memory 1","damage_taken":0,"max_hp_gain":0,"max_hp_loss":0,"event_name":"SensoryStone","floor":44,"gold_loss":0},{"damage_healed":0,"gold_gain":0,"player_choice":"Ignored","damage_taken":0,"max_hp_gain":0,"max_hp_loss":0,"event_name":"Mysterious Sphere","floor":45,"gold_loss":0}],"is_beta":false,"boss_relics":[{"not_picked":["Calling Bell","HoveringKite"],"picked":"Lizard Tail"},{"not_picked":["Fusion Hammer","Pandora\u0027s Box"],"picked":"White Beast Statue"}],"items_purged_floors":[11],"is_endless":false,"potions_floor_spawned":[13,16,18,22,35,37,41,47,48],"killed_by":"Donu and Deca","ascension_level":20}