{"gold_per_floor":[116,116,116,178,239,239,249,322,322,14,29,58,58,69,69,147,147,163,227,227],"floor_reached":20,"playtime":839,"items_purged":["Regret"],"score":343,"play_id":"8a34d289-f51d-40a7-a0ac-e7f450044b51","local_time":"20190321175221","is_ascension_mode":true,"campfire_choices":[{"data":"Zap","floor":6,"key":"SMITH"},{"data":"White Noise","floor":13,"key":"SMITH"},{"floor":15,"key":"REST"}],"neow_cost":"NONE","seed_source_timestamp":15738294767406,"circlet_count":0,"master_deck":["AscendersBane","Strike_B","Strike_B","Strike_B","Strike_B","Defend_B","Defend_B","Defend_B","Defend_B","Zap+1","Dualcast","White Noise+1","Auto Shields","Cold Snap","Ball Lightning","Conserve Battery+1","Echo Form","Core Surge","Consume+1","Sunder"],"relics":["Cracked Core","NeowsBlessing","DataDisk","SsserpentHead","Blood Vial","Mercury Hourglass","Toxic Egg 2","Bag of Marbles","Nuclear Battery"],"potions_floor_usage":[12,18],"damage_taken":[{"damage":0,"enemies":"Small Slimes","floor":1,"turns":1},{"damage":0,"enemies":"Cultist","floor":4,"turns":1},{"damage":0,"enemies":"Jaw Worm","floor":5,"turns":1},{"damage":15,"enemies":"Exordium Wildlife","floor":7,"turns":5},{"damage":7,"enemies":"Lots of Slimes","floor":11,"turns":3},{"damage":8,"enemies":"Gremlin Nob","floor":12,"turns":3},{"damage":1,"enemies":"2 Fungi Beasts","floor":14,"turns":2},{"damage":20,"enemies":"Hexaghost","floor":16,"turns":8},{"damage":29,"enemies":"3 Byrds","floor":18,"turns":3},{"damage":15,"enemies":"Chosen","floor":19,"turns":4},{"damage":28,"enemies":"Snake Plant","floor":20,"turns":2}],"seed_played":"2894879832504122195","potions_obtained":[{"floor":1,"key":"FearPotion"},{"floor":4,"key":"SpeedPotion"},{"floor":16,"key":"Explosive Potion"}],"is_trial":false,"path_per_floor":["M","?","?","M","M","R","M","T","T","$","M","E","R","M","R","B",null,"M","M","M"],"character_chosen":"DEFECT","items_purchased":["Toxic Egg 2"],"campfire_rested":1,"item_purchase_floors":[10],"current_hp_per_floor":[64,64,64,64,64,64,49,49,49,49,44,38,38,39,60,42,64,37,24,0],"gold":227,"neow_bonus":"THREE_ENEMY_KILL","is_prod":false,"is_daily":false,"chose_seed":false,"campfire_upgraded":2,"win_rate":0,"timestamp":1553179941,"path_taken":["M","?","?","?","?","R","M","?","T","?","M","E","R","M","R","BOSS","M","?","M"],"build_version":"2019-01-23","purchased_purges":1,"victory":false,"max_hp_per_floor":[71,71,71,71,71,71,71,71,71,71,71,71,71,71,71,71,71,71,71,71],"card_choices":[{"not_picked":["Coolheaded","Doom and Gloom"],"picked":"White Noise","floor":1},{"not_picked":["Gash","Streamline"],"picked":"Auto Shields","floor":4},{"not_picked":["Skim","Streamline"],"picked":"Cold Snap","floor":5},{"not_picked":["Streamline","Hologram","Go for the Eyes"],"picked":"SKIP","floor":7},{"not_picked":["Streamline","Sweeping Beam"],"picked":"Ball Lightning","floor":11},{"not_picked":["Compile Driver","Stack+1"],"picked":"Conserve Battery+1","floor":12},{"not_picked":["Stack+1","Melter"],"picked":"Echo Form","floor":14},{"not_picked":["Machine Learning","Creative AI"],"picked":"Core Surge","floor":16},{"not_picked":["Steam+1","Sweeping Beam"],"picked":"Consume+1","floor":18},{"not_picked":["Darkness+1","Coolheaded+1"],"picked":"Sunder","floor":19}],"player_experience":1030203,"relics_obtained":[{"floor":8,"key":"Blood Vial"},{"floor":9,"key":"Mercury Hourglass"},{"floor":12,"key":"Bag of Marbles"}],"event_choices":[{"damage_healed":0,"gold_gain":0,"player_choice":"Box","damage_taken":0,"relics_obtained":["DataDisk"],"max_hp_gain":0,"max_hp_loss":0,"event_name":"Big Fish","floor":2,"gold_loss":0,"cards_obtained":["Regret"]},{"damage_healed":0,"gold_gain":0,"player_choice":"Trade","damage_taken":0,"relics_obtained":["SsserpentHead"],"max_hp_gain":0,"max_hp_loss":0,"event_name":"FaceTrader","floor":3,"gold_loss":0}],"is_beta":false,"boss_relics":[{"not_picked":["Black Star","Runic Dome"],"picked":"Nuclear Battery"}],"items_purged_floors":[10],"is_endless":false,"potions_floor_spawned":[1,4,16],"killed_by":"Snake Plant","ascension_level":19}