{"gold_per_floor":[112,130,305,305,59,59,89,164,164,164,180,180,197,231,231,334,334,351,362,199,199,211,211],"floor_reached":23,"playtime":729,"items_purged":["Pain"],"score":289,"play_id":"876cc817-7a7b-4bef-a878-31f66f45676f","local_time":"20190420102921","is_ascension_mode":true,"campfire_choices":[{"data":"Neutralize","floor":6,"key":"SMITH"},{"floor":12,"key":"REST"},{"floor":15,"key":"REST"}],"neow_cost":"TEN_PERCENT_HP_LOSS","seed_source_timestamp":138269861637347,"circlet_count":0,"master_deck":["Defend_G","Defend_G","Defend_G","Defend_G","Defend_G","Strike_G","Strike_G","Strike_G","Strike_G","Strike_G","Survivor","Neutralize+1","Dagger Throw","Prepared","Catalyst","Escape Plan","Adrenaline","PiercingWail","Glass Knife","Noxious Fumes","Noxious Fumes","PiercingWail","Writhe","Deadly Poison"],"relics":["Ring of the Snake","StoneCalendar","Gremlin Horn","Pen Nib","Kunai","WarpedTongs","Boot","Black Star","Blood Vial"],"potions_floor_usage":[23,23,23],"damage_taken":[{"damage":5,"enemies":"Small Slimes","floor":1,"turns":5},{"damage":0,"enemies":"Cultist","floor":2,"turns":4},{"damage":27,"enemies":"3 Sentries","floor":7,"turns":7},{"damage":2,"enemies":"Jaw Worm","floor":11,"turns":4},{"damage":3,"enemies":"2 Fungi Beasts","floor":13,"turns":4},{"damage":11,"enemies":"Lagavulin","floor":14,"turns":6},{"damage":29,"enemies":"Slime Boss","floor":16,"turns":9},{"damage":19,"enemies":"Shell Parasite","floor":18,"turns":7},{"damage":19,"enemies":"Spheric Guardian","floor":19,"turns":4},{"damage":7,"enemies":"Snake Plant","floor":22,"turns":5},{"damage":10,"enemies":"Slavers","floor":23,"turns":2}],"seed_played":"-176720541466224616","potions_obtained":[{"floor":2,"key":"Energy Potion"},{"floor":11,"key":"Dexterity Potion"},{"floor":14,"key":"Block Potion"}],"is_trial":false,"path_per_floor":["M","M","?","?","$","R","E","?","T","?","M","R","M","E","R","B",null,"M","M","$","?","M","E"],"character_chosen":"THE_SILENT","items_purchased":["Gremlin Horn","Noxious Fumes","PiercingWail"],"campfire_rested":2,"item_purchase_floors":[5,20,20],"current_hp_per_floor":[58,58,58,58,58,58,31,20,20,20,18,36,33,22,40,11,50,31,12,12,12,7,0],"gold":211,"neow_bonus":"ONE_RARE_RELIC","is_prod":false,"is_daily":false,"chose_seed":false,"campfire_upgraded":1,"win_rate":0,"timestamp":1555774161,"path_taken":["M","M","?","?","$","R","E","?","T","?","M","R","?","E","R","BOSS","M","M","$","?","M","E"],"build_version":"2019-01-23","purchased_purges":1,"victory":false,"max_hp_per_floor":[63,63,63,63,63,63,63,63,63,63,63,63,63,63,63,63,63,63,63,63,63,63,63],"card_choices":[{"not_picked":["Quick Slash","Infinite Blades"],"picked":"Dagger Throw","floor":1},{"not_picked":["Cloak And Dagger","Poisoned Stab"],"picked":"Prepared","floor":2},{"not_picked":["Bouncing Flask","Quick Slash"],"picked":"Catalyst","floor":7},{"not_picked":["Underhanded Strike","Eviscerate"],"picked":"Escape Plan","floor":11},{"not_picked":["Dagger Throw","PiercingWail"],"picked":"Adrenaline","floor":13},{"not_picked":["Distraction","Well Laid Plans"],"picked":"PiercingWail","floor":14},{"not_picked":["Wraith Form v2","Storm of Steel"],"picked":"Glass Knife","floor":16},{"not_picked":["Flying Knee","Cloak And Dagger","Dagger Throw"],"picked":"SKIP","floor":18},{"not_picked":["Flying Knee","Cloak And Dagger","Dagger Throw"],"picked":"SKIP","floor":18},{"not_picked":["Well Laid Plans","Flying Knee"],"picked":"Noxious Fumes","floor":19},{"not_picked":["Flying Knee","Slice"],"picked":"Deadly Poison","floor":22}],"player_experience":461093,"relics_obtained":[{"floor":7,"key":"Pen Nib"},{"floor":9,"key":"Kunai"},{"floor":14,"key":"Boot"}],"event_choices":[{"damage_healed":0,"gold_gain":175,"player_choice":"AGREE","damage_taken":0,"max_hp_gain":0,"max_hp_loss":0,"event_name":"Liars Game","floor":3,"gold_loss":0,"cards_obtained":["Doubt"]},{"cards_removed":["Doubt"],"damage_healed":0,"gold_gain":0,"player_choice":"Forget","damage_taken":0,"max_hp_gain":0,"max_hp_loss":0,"event_name":"Living Wall","floor":4,"gold_loss":0},{"damage_healed":0,"gold_gain":75,"player_choice":"Gather Gold","damage_taken":11,"max_hp_gain":0,"max_hp_loss":0,"event_name":"World of Goop","floor":8,"gold_loss":0},{"damage_healed":0,"gold_gain":0,"player_choice":"Rummage","damage_taken":0,"relics_obtained":["WarpedTongs"],"max_hp_gain":0,"max_hp_loss":0,"event_name":"Accursed Blacksmith","floor":10,"gold_loss":0,"cards_obtained":["Pain"]},{"damage_healed":0,"gold_gain":0,"player_choice":"Opened","damage_taken":0,"relics_obtained":["Blood Vial"],"max_hp_gain":0,"max_hp_loss":0,"event_name":"The Mausoleum","floor":21,"gold_loss":0,"cards_obtained":["Writhe"]}],"is_beta":false,"boss_relics":[{"not_picked":["Ring of the Serpent","Busted Crown"],"picked":"Black Star"}],"items_purged_floors":[20],"is_endless":false,"potions_floor_spawned":[2,11,14,18],"killed_by":"Slavers","ascension_level":9}