{"gold_per_floor":[111,121,139,152,107,107,118,118,118,153,176,176,192,205,205,205],"floor_reached":16,"playtime":1736,"items_purged":[],"score":104,"play_id":"67c3904f-9771-48d8-bb13-a8c76ba93622","local_time":"20190426192305","is_ascension_mode":false,"campfire_choices":[{"floor":6,"key":"REST"},{"floor":8,"key":"REST"},{"floor":15,"key":"REST"}],"neow_cost":"NONE","seed_source_timestamp":709331705121400,"circlet_count":0,"master_deck":["Defend_G","Defend_G","Defend_G","Defend_G","Defend_G","Strike_G","Strike_G","Strike_G","Strike_G","Strike_G","Survivor","Neutralize","Backflip","Eviscerate","Deflect","Dagger Throw","Reflex","Flying Knee","Die Die Die","All Out Attack","PiercingWail","Forethought","Outmaneuver","Masterful Stab"],"relics":["Ring of the Snake","NeowsBlessing","Orichalcum","Strawberry","Odd Mushroom"],"potions_floor_usage":[11,16,16,16],"damage_taken":[{"damage":0,"enemies":"Small Slimes","floor":1,"turns":1},{"damage":0,"enemies":"Jaw Worm","floor":2,"turns":1},{"damage":0,"enemies":"Cultist","floor":3,"turns":1},{"damage":49,"enemies":"3 Louse","floor":4,"turns":8},{"damage":0,"enemies":"Looter","floor":5,"turns":5},{"damage":3,"enemies":"Exordium Thugs","floor":7,"turns":6},{"damage":18,"enemies":"Gremlin Nob","floor":10,"turns":5},{"damage":0,"enemies":"The Mushroom Lair","floor":11,"turns":4},{"damage":13,"enemies":"Blue Slaver","floor":13,"turns":3},{"damage":1,"enemies":"Red Slaver","floor":14,"turns":3},{"damage":58,"enemies":"The Guardian","floor":16,"turns":12}],"seed_played":"-2112893052076884086","potions_obtained":[{"floor":3,"key":"LiquidBronze"},{"floor":4,"key":"Energy Potion"},{"floor":7,"key":"SteroidPotion"},{"floor":10,"key":"EntropicBrew"}],"is_trial":false,"path_per_floor":["M","M","M","M","M","R","M","R","T","E","?","?","M","M","R","B"],"character_chosen":"THE_SILENT","items_purchased":[],"campfire_rested":3,"item_purchase_floors":[],"current_hp_per_floor":[70,70,70,21,21,42,39,60,60,49,49,49,36,35,58,0],"gold":205,"neow_bonus":"THREE_ENEMY_KILL","is_prod":false,"is_daily":false,"chose_seed":false,"campfire_upgraded":0,"win_rate":0.0,"timestamp":1556324585,"path_taken":["M","M","M","M","M","R","M","R","T","E","?","?","M","?","R","BOSS"],"build_version":"2019-01-23","purchased_purges":0,"victory":false,"max_hp_per_floor":[70,70,70,70,70,70,70,70,70,77,77,77,77,77,77,77],"card_choices":[{"not_picked":["Slice","Noxious Fumes"],"picked":"Backflip","floor":1},{"not_picked":["Backflip","Blade Dance"],"picked":"Eviscerate","floor":2},{"not_picked":["Dodge and Roll","Eviscerate"],"picked":"Deflect","floor":3},{"not_picked":["Backflip","Sucker Punch"],"picked":"Dagger Throw","floor":4},{"not_picked":["Wraith Form v2","Predator"],"picked":"Reflex","floor":5},{"not_picked":["Crippling Poison","Outmaneuver"],"picked":"Flying Knee","floor":7},{"not_picked":["Glass Knife","Sucker Punch"],"picked":"Die Die Die","floor":10},{"not_picked":["Flying Knee","Flechettes"],"picked":"All Out Attack","floor":11},{"not_picked":["PiercingWail","Leg Sweep"],"picked":"Outmaneuver","floor":13},{"not_picked":["Blade Dance","Outmaneuver"],"picked":"Masterful Stab","floor":14}],"player_experience":1001,"relics_obtained":[{"floor":9,"key":"Orichalcum"},{"floor":10,"key":"Strawberry"},{"floor":11,"key":"Odd Mushroom"}],"event_choices":[{"damage_healed":0,"gold_gain":0,"player_choice":"Fought Mushrooms","damage_taken":0,"max_hp_gain":0,"max_hp_loss":0,"event_name":"Mushrooms","floor":11,"gold_loss":0},{"damage_healed":0,"gold_gain":0,"player_choice":"2 cards matched","damage_taken":0,"max_hp_gain":0,"max_hp_loss":0,"event_name":"Match and Keep!","floor":12,"gold_loss":0,"cards_obtained":["PiercingWail","Forethought"]}],"is_beta":false,"boss_relics":[],"items_purged_floors":[],"is_endless":false,"potions_floor_spawned":[3,4,7,10],"killed_by":"The Guardian","ascension_level":0}