{"gold_per_floor":[119,119,119,144,159,159,203,203,203,238,238,238,163,181,181,311,311,334,355,355,355],"floor_reached":21,"playtime":1374,"items_purged":[],"score":196,"play_id":"1b34ecaf-5887-44d3-9d2a-cea3c4d5f017","local_time":"20190429143739","is_ascension_mode":true,"campfire_choices":[{"data":"Crippling Poison","floor":6,"key":"SMITH"},{"data":"Dagger Spray","floor":8,"key":"SMITH"},{"floor":12,"key":"REST"},{"floor":15,"key":"REST"}],"neow_cost":"NONE","seed_source_timestamp":951791271865500,"circlet_count":0,"master_deck":["Defend_G","Defend_G","Defend_G+1","Defend_G","Defend_G","Strike_G","Strike_G","Strike_G","Strike_G+1","Strike_G","Survivor","Neutralize","Blade Dance","Dagger Spray+1","Crippling Poison+1","Well Laid Plans","Bane","Blade Dance","Grand Finale","Decay","Parasite","Regret","Quick Slash","Poisoned Stab"],"relics":["Ring of the Snake","Anchor","Golden Idol","Mummified Hand","Lantern","StoneCalendar","Nunchaku","Calling Bell","Potion Belt","Pantograph","Turnip","Bottled Flame"],"potions_floor_usage":[7,16,21,21],"damage_taken":[{"damage":0,"enemies":"Cultist","floor":1,"turns":4},{"damage":0,"enemies":"Small Slimes","floor":4,"turns":5},{"damage":0,"enemies":"Jaw Worm","floor":5,"turns":4},{"damage":24,"enemies":"Lagavulin","floor":7,"turns":9},{"damage":27,"enemies":"Gremlin Nob","floor":10,"turns":5},{"damage":0,"enemies":"Blue Slaver","floor":14,"turns":3},{"damage":35,"enemies":"Hexaghost","floor":16,"turns":9},{"damage":27,"enemies":"Chosen","floor":18,"turns":6},{"damage":38,"enemies":"Spheric Guardian","floor":19,"turns":6},{"damage":6,"enemies":"Centurion and Healer","floor":21,"turns":2}],"seed_played":"3673271368437449189","potions_obtained":[{"floor":4,"key":"Block Potion"},{"floor":14,"key":"GhostInAJar"},{"floor":16,"key":"FearPotion"},{"floor":19,"key":"Fire Potion"}],"is_trial":false,"path_per_floor":["M","?","?","M","M","R","E","R","T","E","?","R","?","M","R","B",null,"M","M","T","M"],"character_chosen":"THE_SILENT","items_purchased":[],"campfire_rested":2,"item_purchase_floors":[],"current_hp_per_floor":[70,75,69,69,69,69,45,45,45,18,4,24,24,24,44,9,69,42,4,4,0],"gold":355,"neow_bonus":"RANDOM_COMMON_RELIC","is_prod":false,"is_daily":false,"chose_seed":false,"campfire_upgraded":2,"win_rate":0,"timestamp":1556566659,"path_taken":["M","?","?","M","?","R","E","R","T","E","?","R","?","M","R","BOSS","M","M","?","M"],"build_version":"2019-01-23","purchased_purges":0,"victory":false,"max_hp_per_floor":[70,75,69,69,69,69,69,69,69,69,69,69,69,69,69,69,69,69,69,69,69],"card_choices":[{"not_picked":["Riddle With Holes","Finisher"],"picked":"Blade Dance","floor":1},{"not_picked":["Quick Slash","After Image"],"picked":"Dagger Spray","floor":4},{"not_picked":["Riddle With Holes","Prepared"],"picked":"Crippling Poison","floor":5},{"not_picked":["Dagger Throw","Bane"],"picked":"Well Laid Plans","floor":7},{"not_picked":["Endless Agony","Deflect"],"picked":"Bane","floor":10},{"not_picked":["Bouncing Flask","Acrobatics"],"picked":"Blade Dance","floor":14},{"not_picked":["Malaise","After Image"],"picked":"Grand Finale","floor":16},{"not_picked":["All Out Attack+1","Deadly Poison"],"picked":"Quick Slash","floor":18},{"not_picked":["Flechettes","Outmaneuver"],"picked":"Poisoned Stab","floor":19}],"player_experience":61882,"relics_obtained":[{"floor":7,"key":"Mummified Hand"},{"floor":9,"key":"Lantern"},{"floor":10,"key":"StoneCalendar"},{"floor":17,"key":"Potion Belt"},{"floor":17,"key":"Pantograph"},{"floor":17,"key":"Turnip"},{"floor":20,"key":"Bottled Flame"}],"event_choices":[{"damage_healed":0,"gold_gain":0,"player_choice":"Donut","damage_taken":0,"max_hp_gain":5,"max_hp_loss":0,"event_name":"Big Fish","floor":2,"gold_loss":0},{"damage_healed":0,"gold_gain":0,"player_choice":"Lose Max HP","damage_taken":0,"relics_obtained":["Golden Idol"],"max_hp_gain":0,"max_hp_loss":6,"event_name":"Golden Idol","floor":3,"gold_loss":0},{"damage_healed":0,"gold_gain":0,"player_choice":"Entered Light","damage_taken":14,"max_hp_gain":0,"max_hp_loss":0,"event_name":"Shining Light","floor":11,"gold_loss":0,"cards_upgraded":["Defend_G","Strike_G"]},{"damage_healed":0,"gold_gain":0,"player_choice":"Paid Gold","damage_taken":0,"relics_obtained":["Nunchaku"],"max_hp_gain":0,"max_hp_loss":0,"event_name":"WeMeetAgain","floor":13,"gold_loss":75}],"is_beta":false,"boss_relics":[{"not_picked":["Runic Dome","Philosopher\u0027s Stone"],"picked":"Calling Bell"}],"items_purged_floors":[],"is_endless":false,"potions_floor_spawned":[4,14,16,19],"killed_by":"Centurion and Healer","ascension_level":1}