{"gold_per_floor":[210,210,149,26,42,69,81,81,107,123,156,168,168,201,201,300,300,316,72,84,84,135,164,164,181,181,181,192,69,82,107,107,206,206,223,237,40,58,58,58,88,88,88,88,134,161,0,15,15,15],"floor_reached":50,"playtime":4445,"items_purged":[],"score":608,"play_id":"8d34000c-78f6-4e32-8663-338950ea7d40","local_time":"20190427232440","is_ascension_mode":false,"campfire_choices":[{"floor":13.0,"key":"REST"},{"floor":15.0,"key":"REST"},{"floor":24.0,"key":"REST"},{"floor":32.0,"key":"REST"},{"data":"Infinite Blades","floor":40.0,"key":"SMITH"},{"floor":42.0,"key":"REST"},{"floor":44.0,"key":"REST"},{"floor":49,"key":"REST"}],"neow_cost":"NONE","seed_source_timestamp":0,"circlet_count":0,"master_deck":["Defend_G","Defend_G","Defend_G","Defend_G","Strike_G","Strike_G","Strike_G","Survivor","Neutralize","Dodge and Roll","Well Laid Plans","Dagger Spray","Caltrops","Backstab","Footwork","Choke","Dagger Throw","Backflip","Die Die Die","Skewer","Backstab","Glass Knife","Quick Slash+1","Phantasmal Killer+1","Night Terror+1","Quick Slash+1","RitualDagger","Blade Dance+1","Infinite Blades+1","Accuracy+1","Blade Dance","Well Laid Plans","Dagger Spray+1","Accuracy","Die Die Die+1","Masterful Stab+1","Choke+1","Madness","Madness","Blade Dance+1","Blur+1","Infinite Blades","Infinite Blades+1","Finisher+1","Dodge and Roll+1","Poisoned Stab+1"],"special_seed":0,"relics":["Ring of the Snake","Bag of Marbles","Bag of Preparation","Dream Catcher","Question Card","Anchor","Astrolabe","Kunai","Lantern","Unceasing Top","Molten Egg 2","NlothsMask","Juzu Bracelet","Sozu","Sling","Blood Vial","Girya","FossilizedHelix","Red Mask"],"potions_floor_usage":[],"damage_taken":[{"damage":2.0,"enemies":"Small Slimes","floor":1.0,"turns":4.0},{"damage":1.0,"enemies":"Jaw Worm","floor":5.0,"turns":4.0},{"damage":39.0,"enemies":"Lagavulin","floor":6.0,"turns":12.0},{"damage":0.0,"enemies":"Cultist","floor":7.0,"turns":3.0},{"damage":1.0,"enemies":"Blue Slaver","floor":10.0,"turns":3.0},{"damage":0.0,"enemies":"Gremlin Nob","floor":11.0,"turns":2.0},{"damage":3.0,"enemies":"Exordium Thugs","floor":12.0,"turns":4.0},{"damage":12.0,"enemies":"3 Sentries","floor":14.0,"turns":5.0},{"damage":24.0,"enemies":"Hexaghost","floor":16.0,"turns":11.0},{"damage":2.0,"enemies":"Chosen","floor":18.0,"turns":4.0},{"damage":4.0,"enemies":"Spheric Guardian","floor":20.0,"turns":3.0},{"damage":32.0,"enemies":"Book of Stabbing","floor":23.0,"turns":6.0},{"damage":0.0,"enemies":"Snake Plant","floor":25.0,"turns":2.0},{"damage":1.0,"enemies":"3 Cultists","floor":28.0,"turns":4.0},{"damage":0.0,"enemies":"Chosen and Byrds","floor":30.0,"turns":2.0},{"damage":14.0,"enemies":"Gremlin Leader","floor":31.0,"turns":5.0},{"damage":34.0,"enemies":"Champ","floor":33.0,"turns":11.0},{"damage":18.0,"enemies":"3 Darklings","floor":35.0,"turns":4.0},{"damage":0.0,"enemies":"Orb Walker","floor":36.0,"turns":2.0},{"damage":0.0,"enemies":"3 Darklings","floor":38.0,"turns":2.0},{"damage":42.0,"enemies":"Giant Head","floor":41.0,"turns":7.0},{"damage":0.0,"enemies":"2 Orb Walkers","floor":45.0,"turns":3.0},{"damage":42.0,"enemies":"Reptomancer","floor":46.0,"turns":4.0},{"damage":0.0,"enemies":"Writhing Mass","floor":48.0,"turns":3.0},{"damage":32,"enemies":"Awakened One","floor":50,"turns":3}],"seed_played":"-3524579674255264549","potions_obtained":[{"floor":5.0,"key":"LiquidBronze"},{"floor":6.0,"key":"AttackPotion"},{"floor":8.0,"key":"SkillPotion"},{"floor":8.0,"key":"Block Potion"},{"floor":14.0,"key":"Dexterity Potion"},{"floor":16.0,"key":"EssenceOfSteel"},{"floor":18.0,"key":"Weak Potion"},{"floor":28.0,"key":"Fire Potion"},{"floor":31.0,"key":"AttackPotion"}],"is_trial":false,"path_per_floor":["M","?","?","$","M","E","M","?","T","M","E","M","R","E","R","B",null,"M","$","M","?","T","E","R","M","T","?","M","$","M","E","R","B",null,"M","M","$","M","?","R","E","R","T","R","?","E","?","M","R","B"],"character_chosen":"THE_SILENT","items_purchased":["Well Laid Plans","Dagger Spray","Kunai","Blade Dance","Well Laid Plans","Sling"],"campfire_rested":7,"item_purchase_floors":[4,4,19,29,29,37],"current_hp_per_floor":[68,68,68,68,67,28,28,28,28,27,27,24,45,33,54,30,70,68,68,64,58,58,26,47,47,47,47,46,46,46,32,53,19,70,52,52,52,52,43,43,1,22,22,43,45,5,5,7,28,0],"gold":15,"neow_bonus":"HUNDRED_GOLD","is_prod":false,"is_daily":false,"chose_seed":false,"campfire_upgraded":1,"win_rate":0.0,"timestamp":1556425480,"path_taken":["M","?","?","$","M","E","?","?","T","M","E","M","R","E","R","BOSS","M","$","M","?","?","E","R","M","T","?","M","$","M","E","R","BOSS","M","M","$","M","?","R","E","R","T","R","?","E","?","M","R","BOSS"],"build_version":"2019-01-23","purchased_purges":0,"victory":false,"max_hp_per_floor":[70,70,70,70,70,70,70,70,70,70,70,70,70,70,70,70,70,70,70,70,70,70,70,70,70,70,70,70,70,70,70,70,70,70,70,70,70,70,70,70,70,70,70,70,70,70,70,70,70,70],"card_choices":[{"not_picked":["Underhanded Strike","Dash"],"picked":"Dodge and Roll","floor":1.0},{"not_picked":["Riddle With Holes","Escape Plan"],"picked":"Caltrops","floor":5.0},{"not_picked":["Slice","Well Laid Plans"],"picked":"Backstab","floor":6.0},{"not_picked":["Infinite Blades","Deflect"],"picked":"Footwork","floor":7.0},{"not_picked":["Slice","Eviscerate"],"picked":"Choke","floor":10.0},{"not_picked":["Flechettes","Quick Slash"],"picked":"Dagger Throw","floor":11.0},{"not_picked":["Underhanded Strike","PiercingWail","Masterful Stab"],"picked":"Backflip","floor":12.0},{"not_picked":["Deflect","Calculated Gamble","Eviscerate"],"picked":"Die Die Die","floor":13.0},{"not_picked":["Blade Dance","Slice","Deflect"],"picked":"Skewer","floor":14.0},{"not_picked":["Choke","Outmaneuver","Skewer"],"picked":"Backstab","floor":15.0},{"not_picked":["Wraith Form v2","After Image","Envenom"],"picked":"Glass Knife","floor":16.0},{"not_picked":["Blur","Predator","Eviscerate+1"],"picked":"Quick Slash+1","floor":18.0},{"not_picked":["Reflex+1","Sucker Punch","Accuracy","Outmaneuver+1"],"picked":"SKIP","floor":20.0},{"not_picked":["Dash","Flying Knee","Riddle With Holes"],"picked":"Blade Dance+1","floor":23.0},{"not_picked":["Slice","Backflip","Dagger Spray"],"picked":"Infinite Blades","floor":24.0},{"not_picked":["Crippling Poison","Dagger Throw","Outmaneuver+1","Backflip"],"picked":"SKIP","floor":25.0},{"not_picked":["Underhanded Strike+1","Backflip","Dagger Throw+1"],"picked":"Accuracy+1","floor":28.0},{"not_picked":["Tactician+1","Deflect","PiercingWail"],"picked":"Dagger Spray+1","floor":30.0},{"not_picked":["Night Terror","Prepared","Heel Hook+1"],"picked":"Accuracy","floor":31.0},{"not_picked":["Doppelganger","Envenom","Burst"],"picked":"Die Die Die+1","floor":33.0},{"not_picked":["Bane+1","Expertise+1","Predator+1","Deflect+1"],"picked":"SKIP","floor":35.0},{"not_picked":["Underhanded Strike+1","Flechettes+1","Slice+1"],"picked":"Masterful Stab+1","floor":36.0},{"not_picked":["Poisoned Stab+1","Dash+1","Dodge and Roll+1"],"picked":"Choke+1","floor":38.0},{"not_picked":["PiercingWail+1","Acrobatics","Outmaneuver"],"picked":"Blade Dance+1","floor":41.0},{"not_picked":["Dagger Spray+1","Deadly Poison+1","Bane+1"],"picked":"Blur+1","floor":42.0},{"not_picked":["Blur","Doppelganger","PiercingWail+1"],"picked":"Infinite Blades","floor":44.0},{"not_picked":["Outmaneuver+1","Deadly Poison+1","Predator+1"],"picked":"Infinite Blades+1","floor":45.0},{"not_picked":["Underhanded Strike+1","Night Terror","Backflip"],"picked":"Finisher+1","floor":46.0},{"not_picked":["Deflect","Masterful Stab+1","Acrobatics+1"],"picked":"Dodge and Roll+1","floor":48.0},{"not_picked":["Crippling Poison+1","Deadly Poison","Caltrops"],"picked":"Poisoned Stab+1","floor":49}],"player_experience":16887,"relics_obtained":[{"floor":6.0,"key":"Bag of Preparation"},{"floor":9.0,"key":"Dream Catcher"},{"floor":11.0,"key":"Question Card"},{"floor":14.0,"key":"Anchor"},{"floor":22.0,"key":"Lantern"},{"floor":23.0,"key":"Unceasing Top"},{"floor":26.0,"key":"Molten Egg 2"},{"floor":31.0,"key":"Juzu Bracelet"},{"floor":41.0,"key":"Blood Vial"},{"floor":45.0,"key":"Girya"},{"floor":46.0,"key":"FossilizedHelix"}],"event_choices":[{"damage_healed":0.0,"max_hp_gain":0.0,"max_hp_loss":0.0,"gold_gain":0.0,"event_name":"Shining Light","player_choice":"Ignored","floor":2.0,"gold_loss":0.0,"damage_taken":0.0},{"damage_healed":0.0,"max_hp_gain":0.0,"max_hp_loss":0.0,"gold_gain":0.0,"event_name":"WeMeetAgain","player_choice":"Paid Gold","floor":3.0,"gold_loss":61.0,"damage_taken":0.0,"relics_obtained":["Bag of Marbles"]},{"damage_healed":0.0,"max_hp_gain":0.0,"max_hp_loss":0.0,"gold_gain":0.0,"event_name":"Lab","player_choice":"Got Potions","floor":8.0,"gold_loss":0.0,"damage_taken":0.0},{"damage_healed":0.0,"max_hp_gain":0.0,"max_hp_loss":0.0,"gold_gain":0.0,"event_name":"Nest","player_choice":"Joined the Cult","floor":21.0,"gold_loss":0.0,"damage_taken":6.0,"cards_obtained":["RitualDagger"]},{"damage_healed":0.0,"max_hp_gain":0.0,"max_hp_loss":0.0,"gold_gain":0.0,"event_name":"FaceTrader","player_choice":"Trade","floor":27.0,"gold_loss":0.0,"damage_taken":0.0,"relics_obtained":["NlothsMask"]},{"damage_healed":0.0,"max_hp_gain":0.0,"max_hp_loss":0.0,"gold_gain":0.0,"event_name":"Winding Halls","player_choice":"Embrace Madness","floor":39.0,"gold_loss":0.0,"damage_taken":9.0,"cards_obtained":["Madness","Madness"]},{"damage_healed":0.0,"max_hp_gain":0.0,"max_hp_loss":0.0,"gold_gain":0.0,"event_name":"Mysterious Sphere","player_choice":"Fight","floor":45.0,"gold_loss":0.0,"damage_taken":0.0},{"damage_healed":0.0,"max_hp_gain":0.0,"max_hp_loss":0.0,"gold_gain":0.0,"event_name":"Tomb of Lord Red Mask","player_choice":"Paid","floor":47.0,"gold_loss":161.0,"damage_taken":0.0,"relics_obtained":["Red Mask"]}],"is_beta":false,"boss_relics":[{"not_picked":["Calling Bell","Cursed Key"],"picked":"Astrolabe"},{"not_picked":["Tiny House","Coffee Dripper"],"picked":"Sozu"}],"items_purged_floors":[],"is_endless":false,"potions_floor_spawned":[5,6,14,16,18,28,31,36,38,45],"killed_by":"Awakened One","ascension_level":0}