{"gold_per_floor":[118,118,118,118,118,150,150,184,221,233,260,289,318,347,359,475,487,517,460,472,571,571,571,605,605,605,605],"floor_reached":27,"playtime":973,"items_purged":[],"score":289,"play_id":"72d8be53-d426-47d2-8035-09c5f5ec5722","local_time":"20190402185226","is_ascension_mode":false,"campfire_choices":[{"data":"Footwork","floor":10,"key":"SMITH"},{"data":"Skewer","floor":15,"key":"SMITH"},{"data":"Neutralize","floor":23,"key":"SMITH"},{"floor":25,"key":"REST"}],"neow_cost":"NONE","seed_source_timestamp":11250483271228,"circlet_count":0,"master_deck":["Defend_G+1","Defend_G+1","Defend_G+1","Defend_G+1","Defend_G+1","Strike_G+1","Strike_G+1","Survivor+1","Neutralize+1","Footwork+1","PiercingWail","Cloak And Dagger","Dagger Throw","Skewer+1","Poisoned Stab","Cloak And Dagger","Venomology","Bullet Time+1","Storm of Steel+1","Envenom+1","Escape Plan","Well Laid Plans","Catalyst","Caltrops"],"relics":["Ring of the Snake","NeowsBlessing","Smiling Mask","Calipers","WingedGreaves","MawBank","Anchor","Astrolabe","Bottled Lightning","Turnip"],"potions_floor_usage":[24,24,27,27,27],"damage_taken":[{"damage":0,"enemies":"2 Louse","floor":1,"turns":1},{"damage":0,"enemies":"Gremlin Nob","floor":6,"turns":1},{"damage":0,"enemies":"Lagavulin","floor":8,"turns":2},{"damage":2,"enemies":"Jaw Worm","floor":11,"turns":6},{"damage":0,"enemies":"Cultist","floor":12,"turns":4},{"damage":0,"enemies":"Looter","floor":13,"turns":4},{"damage":6,"enemies":"2 Fungi Beasts","floor":14,"turns":4},{"damage":38,"enemies":"The Guardian","floor":16,"turns":16},{"damage":11,"enemies":"Shell Parasite","floor":18,"turns":18},{"damage":36,"enemies":"3 Byrds","floor":20,"turns":7},{"damage":21,"enemies":"Book of Stabbing","floor":24,"turns":8},{"damage":32,"enemies":"Gremlin Leader","floor":27,"turns":6}],"seed_played":"890471583887718860","potions_obtained":[{"floor":1,"key":"SpeedPotion"},{"floor":13,"key":"FairyPotion"},{"floor":14,"key":"SneckoOil"},{"floor":16,"key":"Strength Potion"}],"is_trial":false,"path_per_floor":["M","?","?","$","?","E","$","E","T","R","M","M","M","M","R","B",null,"M","$","M","?","?","R","E","R","T","E"],"character_chosen":"THE_SILENT","items_purchased":["Well Laid Plans"],"campfire_rested":1,"item_purchase_floors":[19],"current_hp_per_floor":[70,56,44,44,44,44,44,44,44,44,42,42,42,36,36,7,70,59,59,23,23,23,23,2,23,23,0],"gold":605,"neow_bonus":"THREE_ENEMY_KILL","is_prod":false,"is_daily":false,"chose_seed":false,"campfire_upgraded":3,"win_rate":0,"timestamp":1554249146,"path_taken":["M","?","?","?","?","E","$","E","T","R","M","M","M","M","R","BOSS","M","$","M","?","?","R","E","R","T","E"],"build_version":"2019-01-23","purchased_purges":0,"victory":false,"max_hp_per_floor":[70,70,70,70,70,70,70,70,70,70,70,70,70,70,70,70,70,70,70,70,70,70,70,70,70,70,70],"card_choices":[{"not_picked":["Dodge and Roll","Reflex"],"picked":"Footwork","floor":1},{"not_picked":["Reflex","Bane"],"picked":"PiercingWail","floor":6},{"not_picked":["Bouncing Flask","A Thousand Cuts"],"picked":"Cloak And Dagger","floor":8},{"not_picked":["Concentrate","Dash"],"picked":"Dagger Throw","floor":11},{"not_picked":["Riddle With Holes","Predator"],"picked":"Skewer","floor":12},{"not_picked":["Slice","Dagger Spray"],"picked":"Poisoned Stab","floor":13},{"not_picked":["Poisoned Stab","Bane"],"picked":"Cloak And Dagger","floor":14},{"not_picked":["Doppelganger","Storm of Steel"],"picked":"Venomology","floor":16},{"not_picked":["Bouncing Flask","Sucker Punch"],"picked":"Escape Plan","floor":18},{"not_picked":["Dagger Spray","Underhanded Strike"],"picked":"Catalyst","floor":20},{"not_picked":["Expertise+1","Deflect"],"picked":"Caltrops","floor":24}],"player_experience":371488,"relics_obtained":[{"floor":6,"key":"WingedGreaves"},{"floor":8,"key":"MawBank"},{"floor":9,"key":"Anchor"},{"floor":24,"key":"Bottled Lightning"},{"floor":26,"key":"Turnip"}],"event_choices":[{"damage_healed":0,"gold_gain":0,"player_choice":"Entered Light","damage_taken":14,"max_hp_gain":0,"max_hp_loss":0,"event_name":"Shining Light","floor":2,"gold_loss":0,"cards_upgraded":["Survivor","Defend_G"]},{"damage_healed":0,"gold_gain":0,"player_choice":"Success","damage_taken":12,"relics_obtained":["Smiling Mask"],"max_hp_gain":0,"max_hp_loss":0,"event_name":"Scrap Ooze","floor":3,"gold_loss":0},{"damage_healed":0,"gold_gain":0,"player_choice":"Gave Potion","damage_taken":0,"relics_obtained":["Calipers"],"max_hp_gain":0,"max_hp_loss":0,"event_name":"WeMeetAgain","floor":5,"gold_loss":0},{"damage_healed":0,"gold_gain":99,"player_choice":"Stole From Cult","damage_taken":0,"max_hp_gain":0,"max_hp_loss":0,"event_name":"Nest","floor":21,"gold_loss":0},{"damage_healed":0,"gold_gain":0,"player_choice":"Simplicity","damage_taken":0,"max_hp_gain":0,"max_hp_loss":0,"event_name":"Back to Basics","floor":22,"gold_loss":0,"cards_upgraded":["Defend_G","Defend_G","Defend_G","Defend_G","Strike_G","Strike_G"]}],"is_beta":false,"boss_relics":[{"not_picked":["Philosopher\u0027s Stone","Runic Dome"],"picked":"Astrolabe"}],"items_purged_floors":[],"is_endless":false,"potions_floor_spawned":[1,13,14,16,20],"killed_by":"Gremlin Leader","ascension_level":0}