{"gold_per_floor":[99,99,76,76,76,76,76,76,76,76,76,76,76,76,76,76,76,46,46,46,46,46,46,46,46,46,46,46,46,46,46,46,46,46,46,46,46,46,46,46,46,46,46,20,20,20,20,20,20,20],"floor_reached":51,"playtime":2484,"items_purged":[],"score":810,"play_id":"2ed11a92-7e6c-492d-a845-01eb1a020761","local_time":"20190427182950","is_ascension_mode":false,"campfire_choices":[{"data":"Neutralize","floor":6,"key":"SMITH"},{"data":"Cloak And Dagger","floor":11,"key":"SMITH"},{"data":"Caltrops","floor":15,"key":"SMITH"},{"floor":23,"key":"REST"},{"data":"Noxious Fumes","floor":32,"key":"SMITH"},{"data":"Bouncing Flask","floor":41,"key":"SMITH"},{"data":"Footwork","floor":49,"key":"SMITH"}],"neow_cost":"NONE","seed_source_timestamp":265938820703815,"circlet_count":0,"master_deck":["Defend_G+1","Defend_G+1","Defend_G+1","Defend_G+1","Defend_G+1","Strike_G+1","Strike_G+1","Strike_G+1","Strike_G+1","Strike_G+1","Survivor","Neutralize+1","Sucker Punch","Acrobatics","Slice","Heel Hook","Caltrops+1","Cloak And Dagger+1","Deflect","Slice","Die Die Die","Dodge and Roll","Calculated Gamble","Noxious Fumes+1","Venomology","Backflip","Deadly Poison","Noxious Fumes+1","After Image","Prepared","Cloak And Dagger","Blade Dance","Writhe","Bouncing Flask+1","Well Laid Plans+1","Slice","Noxious Fumes+1","Footwork+1"],"relics":["Ectoplasm","SsserpentHead","Ninja Scroll","Bag of Marbles","Snake Skull","WristBlade","Gambling Chip","Paper Crane","Eternal Feather","Torii","Tough Bandages","Potion Belt","Centennial Puzzle","Meat on the Bone"],"potions_floor_usage":[8,16,28,30,33,35,36,36,37,38,40,47,47,50],"damage_taken":[{"damage":0,"enemies":"Jaw Worm","floor":1,"turns":5},{"damage":4,"enemies":"Cultist","floor":4,"turns":4},{"damage":0,"enemies":"Small Slimes","floor":7,"turns":4},{"damage":5,"enemies":"3 Sentries","floor":8,"turns":7},{"damage":10,"enemies":"Gremlin Nob","floor":10,"turns":3},{"damage":0,"enemies":"Blue Slaver","floor":12,"turns":2},{"damage":1,"enemies":"3 Louse","floor":13,"turns":3},{"damage":0,"enemies":"Large Slime","floor":14,"turns":4},{"damage":30,"enemies":"Slime Boss","floor":16,"turns":15},{"damage":1,"enemies":"2 Thieves","floor":18,"turns":3},{"damage":0,"enemies":"3 Byrds","floor":19,"turns":3},{"damage":0,"enemies":"Book of Stabbing","floor":24,"turns":6},{"damage":1,"enemies":"Sentry and Sphere","floor":25,"turns":4},{"damage":10,"enemies":"Cultist and Chosen","floor":28,"turns":2},{"damage":0,"enemies":"Centurion and Healer","floor":30,"turns":4},{"damage":33,"enemies":"Collector","floor":33,"turns":7},{"damage":0,"enemies":"3 Darklings","floor":35,"turns":5},{"damage":32,"enemies":"2 Orb Walkers","floor":36,"turns":6},{"damage":8,"enemies":"3 Shapes","floor":37,"turns":6},{"damage":0,"enemies":"Mind Bloom Boss Battle","floor":38,"turns":5},{"damage":9,"enemies":"Reptomancer","floor":40,"turns":6},{"damage":20,"enemies":"Sphere and 2 Shapes","floor":42,"turns":5},{"damage":0,"enemies":"3 Darklings","floor":46,"turns":5},{"damage":22,"enemies":"Nemesis","floor":47,"turns":7},{"damage":39,"enemies":"Donu and Deca","floor":50,"turns":10}],"seed_played":"-8056833696078107699","potions_obtained":[{"floor":4,"key":"Block Potion"},{"floor":7,"key":"PowerPotion"},{"floor":12,"key":"Regen Potion"},{"floor":24,"key":"SpeedPotion"},{"floor":25,"key":"AttackPotion"},{"floor":28,"key":"Fire Potion"},{"floor":30,"key":"Energy Potion"},{"floor":36,"key":"Fire Potion"},{"floor":42,"key":"Dexterity Potion"},{"floor":47,"key":"EssenceOfSteel"}],"is_trial":false,"path_per_floor":["M","?","$","M","?","R","M","E","T","E","R","M","M","M","R","B",null,"M","M","?","?","?","R","E","M","T","?","M","?","M","?","R","B",null,"M","?","M","?","?","E","R","M","T","$","?","M","E","T","R","B",null],"character_chosen":"THE_SILENT","items_purchased":["Acrobatics","Slice"],"campfire_rested":1,"item_purchase_floors":[3,44],"current_hp_per_floor":[70,70,70,66,55,55,55,50,50,40,40,40,39,39,39,9,70,69,69,69,69,56,75,75,74,74,74,64,64,64,64,64,31,75,75,43,35,44,63,54,75,55,55,55,55,55,33,33,54,27],"gold":20,"neow_bonus":"BOSS_RELIC","is_prod":false,"is_daily":false,"chose_seed":false,"campfire_upgraded":6,"win_rate":0,"timestamp":1556407790,"path_taken":["M","?","?","?","?","R","M","E","T","E","R","M","M","M","R","BOSS","M","M","?","?","?","R","E","M","T","?","?","?","M","?","R","BOSS","M","?","M","?","?","E","R","M","T","?","?","?","E","?","R","BOSS"],"build_version":"2019-01-23","purchased_purges":0,"victory":true,"max_hp_per_floor":[70,70,70,70,70,70,70,70,70,70,70,70,70,70,70,70,70,70,70,70,70,75,75,75,75,75,75,75,75,75,75,75,75,75,75,75,75,75,75,75,75,75,75,75,75,75,75,75,75,75],"card_choices":[{"not_picked":["Flying Knee","Accuracy"],"picked":"Sucker Punch","floor":1},{"not_picked":["Dagger Throw","Accuracy"],"picked":"Slice","floor":4},{"not_picked":["After Image","Flying Knee"],"picked":"Heel Hook","floor":7},{"not_picked":["Backflip","Underhanded Strike"],"picked":"Caltrops","floor":8},{"not_picked":["Poisoned Stab","Prepared"],"picked":"Cloak And Dagger","floor":10},{"not_picked":["Acrobatics","Sucker Punch"],"picked":"Deflect","floor":12},{"not_picked":["Quick Slash","Grand Finale"],"picked":"Backflip","floor":13},{"not_picked":["Backflip","Prepared"],"picked":"Slice","floor":14},{"not_picked":["Tools of the Trade","Malaise"],"picked":"Die Die Die","floor":16},{"not_picked":["Underhanded Strike","Acrobatics+1"],"picked":"Dodge and Roll","floor":18},{"not_picked":["Acrobatics","Outmaneuver"],"picked":"Calculated Gamble","floor":19},{"not_picked":["Riddle With Holes","Sucker Punch"],"picked":"Noxious Fumes+1","floor":24},{"not_picked":["Skewer","Setup"],"picked":"Venomology","floor":25},{"not_picked":["Dodge and Roll","Dagger Throw"],"picked":"Backflip","floor":28},{"not_picked":["Backflip","Bane"],"picked":"Deadly Poison","floor":30},{"not_picked":["Wraith Form v2","Bullet Time"],"picked":"After Image","floor":33},{"not_picked":["Poisoned Stab","Bane+1"],"picked":"Prepared","floor":35},{"not_picked":["Heel Hook","Underhanded Strike+1"],"picked":"Cloak And Dagger","floor":36},{"not_picked":["Bane","Prepared+1"],"picked":"Blade Dance","floor":37},{"not_picked":["Tactician","Concentrate"],"picked":"Bouncing Flask","floor":40},{"not_picked":["PiercingWail","Flying Knee+1"],"picked":"Well Laid Plans+1","floor":42},{"not_picked":["Underhanded Strike","Blade Dance"],"picked":"Noxious Fumes+1","floor":46},{"not_picked":["Deflect+1","Dagger Spray"],"picked":"Footwork","floor":47}],"player_experience":516385,"relics_obtained":[{"floor":8,"key":"Ninja Scroll"},{"floor":9,"key":"Bag of Marbles"},{"floor":10,"key":"Snake Skull"},{"floor":24,"key":"Gambling Chip"},{"floor":26,"key":"Paper Crane"},{"floor":36,"key":"Torii"},{"floor":38,"key":"Tough Bandages"},{"floor":40,"key":"Potion Belt"},{"floor":47,"key":"Centennial Puzzle"},{"floor":48,"key":"Meat on the Bone"}],"event_choices":[{"damage_healed":0,"gold_gain":0,"player_choice":"Trade","damage_taken":0,"relics_obtained":["SsserpentHead"],"max_hp_gain":0,"max_hp_loss":0,"event_name":"FaceTrader","floor":2,"gold_loss":0},{"damage_healed":0,"gold_gain":75,"player_choice":"Gather Gold","damage_taken":11,"max_hp_gain":0,"max_hp_loss":0,"event_name":"World of Goop","floor":5,"gold_loss":0},{"damage_healed":0,"gold_gain":99,"player_choice":"Stole From Cult","damage_taken":0,"max_hp_gain":0,"max_hp_loss":0,"event_name":"Nest","floor":20,"gold_loss":0},{"damage_healed":0,"gold_gain":0,"player_choice":"Simplicity","damage_taken":0,"max_hp_gain":0,"max_hp_loss":0,"event_name":"Back to Basics","floor":21,"gold_loss":0,"cards_upgraded":["Defend_G","Defend_G","Defend_G","Defend_G","Defend_G","Strike_G","Strike_G","Strike_G","Strike_G","Strike_G"]},{"damage_healed":0,"gold_gain":0,"player_choice":"Shed Blood","damage_taken":18,"max_hp_gain":5,"max_hp_loss":0,"event_name":"Forgotten Altar","floor":22,"gold_loss":0},{"damage_healed":0,"gold_gain":0,"player_choice":"Ignored","damage_taken":0,"max_hp_gain":0,"max_hp_loss":0,"event_name":"Ghosts","floor":27,"gold_loss":0},{"damage_healed":0,"gold_gain":0,"player_choice":"Ignored","damage_taken":0,"max_hp_gain":0,"max_hp_loss":0,"event_name":"Vampires","floor":29,"gold_loss":0},{"damage_healed":0,"gold_gain":0,"player_choice":"Read","damage_taken":0,"max_hp_gain":0,"max_hp_loss":0,"event_name":"The Library","floor":31,"gold_loss":0,"cards_obtained":["Noxious Fumes"]},{"damage_healed":0,"gold_gain":0,"player_choice":"Fight","damage_taken":0,"max_hp_gain":0,"max_hp_loss":0,"event_name":"Mysterious Sphere","floor":36,"gold_loss":0},{"damage_healed":0,"gold_gain":0,"player_choice":"Fight","damage_taken":0,"max_hp_gain":0,"max_hp_loss":0,"event_name":"MindBloom","floor":38,"gold_loss":0},{"damage_healed":19,"gold_gain":0,"player_choice":"Writhe","damage_taken":0,"max_hp_gain":0,"max_hp_loss":0,"event_name":"Winding Halls","floor":39,"gold_loss":0,"cards_obtained":["Writhe"]},{"cards_removed":["Backflip"],"damage_healed":0,"gold_gain":0,"player_choice":"Removed Skill","damage_taken":0,"max_hp_gain":0,"max_hp_loss":0,"event_name":"Falling","floor":45,"gold_loss":0}],"is_beta":false,"boss_relics":[{"not_picked":["Astrolabe","Runic Pyramid"],"picked":"WristBlade"},{"not_picked":["Tiny House","Busted Crown"],"picked":"Eternal Feather"}],"items_purged_floors":[],"is_endless":false,"potions_floor_spawned":[4,7,12,24,25,28,30,36,42,47],"ascension_level":0}