{"gold_per_floor":[112,42,58,58,23,23,23,63,141,185,208,208,223,3,3,128,128,152,165,179,192,212,212,212],"floor_reached":24,"playtime":1021,"items_purged":[],"score":302,"play_id":"f5e96bdc-5d19-4d64-b30f-17f301034c0c","local_time":"20190420143233","is_ascension_mode":true,"campfire_choices":[{"data":"Crippling Poison","floor":6,"key":"SMITH"},{"floor":12,"key":"REST"},{"floor":15,"key":"REST"},{"data":"Envenom","floor":23,"key":"SMITH"}],"neow_cost":"CURSE","seed_source_timestamp":152569624787923,"circlet_count":0,"master_deck":["Defend_G","Defend_G","Defend_G","Defend_G","Defend_G","Strike_G","Strike_G","Strike_G","Strike_G","Strike_G","Survivor","Neutralize","Doubt","A Thousand Cuts","Footwork","Crippling Poison+1","Heel Hook","Heel Hook","Bouncing Flask","PiercingWail","Dagger Spray","Well Laid Plans","After Image","Backflip+1","Dodge and Roll+1","Footwork","Envenom+1"],"relics":["Ring of the Serpent","Golden Idol","PreservedInsect","Potion Belt","Mercury Hourglass","Bird Faced Urn","Bag of Preparation"],"potions_floor_usage":[20,20,24],"damage_taken":[{"damage":6,"enemies":"Small Slimes","floor":1,"turns":4},{"damage":6,"enemies":"2 Louse","floor":3,"turns":3},{"damage":18,"enemies":"3 Sentries","floor":8,"turns":8},{"damage":28,"enemies":"Gremlin Nob","floor":10,"turns":4},{"damage":3,"enemies":"Cultist","floor":11,"turns":4},{"damage":0,"enemies":"3 Louse","floor":13,"turns":2},{"damage":37,"enemies":"The Guardian","floor":16,"turns":10},{"damage":19,"enemies":"2 Thieves","floor":18,"turns":5},{"damage":2,"enemies":"Shell Parasite","floor":19,"turns":8},{"damage":9,"enemies":"Snake Plant","floor":20,"turns":6},{"damage":3,"enemies":"Snecko","floor":21,"turns":6},{"damage":23,"enemies":"Chosen and Byrds","floor":22,"turns":8},{"damage":44,"enemies":"Gremlin Leader","floor":24,"turns":2}],"seed_played":"-7946015766555291458","potions_obtained":[{"floor":1,"key":"Swift Potion"},{"floor":13,"key":"Block Potion"},{"floor":16,"key":"Swift Potion"},{"floor":19,"key":"Swift Potion"}],"is_trial":false,"path_per_floor":["M","$","M","?","?","R","?","E","T","E","M","R","M","$","R","B",null,"M","M","M","M","M","R","E"],"character_chosen":"THE_SILENT","items_purchased":["Crippling Poison","Well Laid Plans","Bag of Preparation"],"campfire_rested":2,"item_purchase_floors":[2,14,14],"current_hp_per_floor":[57,57,51,34,51,51,51,33,33,5,6,27,29,29,50,19,57,46,52,51,56,41,41,0],"gold":212,"neow_bonus":"THREE_RARE_CARDS","is_prod":false,"is_daily":false,"chose_seed":false,"campfire_upgraded":2,"win_rate":0,"timestamp":1555788753,"path_taken":["M","$","M","?","?","R","?","E","T","E","?","R","M","$","R","BOSS","M","M","M","M","M","R","E"],"build_version":"2019-01-23","purchased_purges":0,"victory":false,"max_hp_per_floor":[70,70,70,70,70,70,70,70,70,70,70,70,70,70,70,70,70,70,70,70,70,70,70,70],"card_choices":[{"not_picked":["Phantasmal Killer","Unload"],"picked":"A Thousand Cuts","floor":0},{"not_picked":["Dagger Throw","PiercingWail"],"picked":"Footwork","floor":1},{"not_picked":["Expertise","Bane"],"picked":"Heel Hook","floor":3},{"not_picked":["Deflect","Distraction"],"picked":"Heel Hook","floor":8},{"not_picked":["Slice","Bane"],"picked":"Bouncing Flask","floor":10},{"not_picked":["Sucker Punch","Poisoned Stab"],"picked":"PiercingWail","floor":11},{"not_picked":["Cloak And Dagger","Blade Dance"],"picked":"Dagger Spray","floor":13},{"not_picked":["Wraith Form v2","Doppelganger"],"picked":"After Image","floor":16},{"not_picked":["Dagger Spray","Quick Slash"],"picked":"Backflip+1","floor":18},{"not_picked":["Underhanded Strike","Calculated Gamble","Reflex"],"picked":"SKIP","floor":19},{"not_picked":["Bane","Flying Knee"],"picked":"Dodge and Roll+1","floor":20},{"not_picked":["Reflex","Concentrate"],"picked":"Footwork","floor":21},{"not_picked":["PiercingWail","Dagger Throw+1"],"picked":"Envenom","floor":22}],"player_experience":467939,"relics_obtained":[{"floor":8,"key":"Potion Belt"},{"floor":9,"key":"Mercury Hourglass"},{"floor":10,"key":"Bird Faced Urn"}],"event_choices":[{"damage_healed":0,"gold_gain":0,"player_choice":"Take Damage","damage_taken":17,"relics_obtained":["Golden Idol"],"max_hp_gain":0,"max_hp_loss":0,"event_name":"Golden Idol","floor":4,"gold_loss":0},{"damage_healed":17,"gold_gain":0,"player_choice":"Healed","damage_taken":0,"max_hp_gain":0,"max_hp_loss":0,"event_name":"The Cleric","floor":5,"gold_loss":35},{"damage_healed":0,"gold_gain":0,"player_choice":"Gave Potion","damage_taken":0,"relics_obtained":["PreservedInsect"],"max_hp_gain":0,"max_hp_loss":0,"event_name":"WeMeetAgain","floor":7,"gold_loss":0}],"is_beta":false,"boss_relics":[{"not_picked":["Lizard Tail","Runic Pyramid"],"picked":"Ring of the Serpent"}],"items_purged_floors":[],"is_endless":false,"potions_floor_spawned":[1,13,16,19],"killed_by":"Gremlin Leader","ascension_level":9}