{"gold_per_floor":[119,119,144,164,178,178,193,193,193,233,233,283,317,341,341,436,436,452,121,140,26,49,88,88,88,88,88,106,106],"floor_reached":29,"playtime":1628,"items_purged":[],"score":546,"play_id":"a30cc4f4-4efb-4222-9786-a067a5aa4b5a","local_time":"20190321200905","is_ascension_mode":true,"campfire_choices":[{"data":"Zap","floor":6.0,"key":"SMITH"},{"data":"Dualcast","floor":8.0,"key":"SMITH"},{"data":"Self Repair","floor":11.0,"key":"SMITH"},{"floor":15.0,"key":"REST"},{"floor":24,"key":"REST"},{"data":"Glacier","floor":27,"key":"SMITH"}],"neow_cost":"TEN_PERCENT_HP_LOSS","seed_source_timestamp":0,"circlet_count":0,"master_deck":["AscendersBane","Strike_B","Strike_B","Strike_B","Strike_B","Defend_B","Defend_B","Defend_B","Defend_B","Zap+1","Dualcast+1","BootSequence","Glacier+1","FTL","Self Repair+1","Conserve Battery","Core Surge","Cold Snap","Glacier","Genetic Algorithm+1"],"special_seed":0,"relics":["Cracked Core","Thread and Needle","Golden Idol","Mercury Hourglass","Potion Belt","Philosopher\u0027s Stone","Ice Cream","Bronze Scales","Art of War"],"potions_floor_usage":[23,23,23,23,23,23,29],"damage_taken":[{"damage":0.0,"enemies":"Cultist","floor":1.0,"turns":4.0},{"damage":0.0,"enemies":"2 Louse","floor":3.0,"turns":2.0},{"damage":0.0,"enemies":"Small Slimes","floor":4.0,"turns":3.0},{"damage":0.0,"enemies":"3 Louse","floor":5.0,"turns":4.0},{"damage":1.0,"enemies":"Exordium Wildlife","floor":7.0,"turns":3.0},{"damage":11.0,"enemies":"Gremlin Nob","floor":10.0,"turns":4.0},{"damage":0.0,"enemies":"3 Sentries","floor":13.0,"turns":4.0},{"damage":0.0,"enemies":"2 Fungi Beasts","floor":14.0,"turns":3.0},{"damage":42.0,"enemies":"The Guardian","floor":16.0,"turns":16.0},{"damage":12.0,"enemies":"Spheric Guardian","floor":18.0,"turns":4.0},{"damage":32.0,"enemies":"3 Byrds","floor":20.0,"turns":4.0},{"damage":1.0,"enemies":"Shelled Parasite and Fungi","floor":22.0,"turns":8.0},{"damage":16,"enemies":"Book of Stabbing","floor":23,"turns":5},{"damage":12,"enemies":"Snake Plant","floor":28,"turns":5},{"damage":85,"enemies":"Gremlin Leader","floor":29,"turns":11}],"seed_played":"-2210996874977645770","potions_obtained":[{"floor":1.0,"key":"Strength Potion"},{"floor":3.0,"key":"Fruit Juice"},{"floor":4.0,"key":"EssenceOfSteel"},{"floor":10.0,"key":"AttackPotion"},{"floor":16.0,"key":"AttackPotion"},{"floor":18.0,"key":"GamblersBrew"},{"floor":28,"key":"Regen Potion"}],"is_trial":false,"path_per_floor":["M","?","M","M","M","R","M","R","T","E","R","?","E","M","R","B",null,"M","$","M","$","M","E","R","?","T","R","M","E"],"character_chosen":"DEFECT","items_purchased":["Ice Cream","EntropicBrew"],"campfire_rested":2,"item_purchase_floors":[19,21],"current_hp_per_floor":[64,42,47,47,47,47,46,46,46,35,35,35,45,45,65,33,60,58,58,36,36,45,39,59,59,59,59,57,0],"gold":106,"neow_bonus":"ONE_RARE_RELIC","is_prod":false,"is_daily":false,"chose_seed":false,"campfire_upgraded":4,"win_rate":0,"timestamp":1553188145,"path_taken":["M","?","M","M","M","R","M","R","T","E","R","?","E","?","R","BOSS","M","$","M","$","M","E","R","?","T","R","M","E"],"build_version":"2019-01-23","purchased_purges":0,"victory":false,"max_hp_per_floor":[64,64,69,69,69,69,69,69,69,69,69,69,69,69,69,69,69,69,69,69,69,69,69,69,69,69,69,69,69],"card_choices":[{"not_picked":["Ball Lightning","Barrage"],"picked":"BootSequence","floor":1.0},{"not_picked":["Melter","Conserve Battery"],"picked":"Glacier","floor":3.0},{"not_picked":["Sweeping Beam","Steam","Turbo"],"picked":"SKIP","floor":4.0},{"not_picked":["Sweeping Beam","Hello World"],"picked":"FTL","floor":5.0},{"not_picked":["Stack","Redo","Leap"],"picked":"SKIP","floor":7.0},{"not_picked":["Cold Snap","Rip and Tear"],"picked":"Self Repair","floor":10.0},{"not_picked":["Skim","Steam Power"],"picked":"Conserve Battery","floor":13.0},{"not_picked":["Barrage","Sweeping Beam","Heatsinks"],"picked":"SKIP","floor":14.0},{"not_picked":["Rainbow","Buffer"],"picked":"Core Surge","floor":16.0},{"not_picked":["Sweeping Beam","Fusion"],"picked":"Cold Snap","floor":18.0},{"not_picked":["Steam","Cold Snap","Barrage"],"picked":"SKIP","floor":20.0},{"not_picked":["Barrage","Chill"],"picked":"Glacier","floor":22.0},{"not_picked":["Aggregate","Leap"],"picked":"Genetic Algorithm+1","floor":23},{"not_picked":["Cold Snap","Stack","Lockon+1"],"picked":"SKIP","floor":28}],"player_experience":1034451,"relics_obtained":[{"floor":9.0,"key":"Mercury Hourglass"},{"floor":10.0,"key":"Potion Belt"},{"floor":23,"key":"Bronze Scales"},{"floor":26,"key":"Art of War"}],"event_choices":[{"damage_healed":0.0,"max_hp_gain":0.0,"max_hp_loss":0.0,"gold_gain":0.0,"event_name":"Golden Idol","player_choice":"Take Damage","floor":2.0,"gold_loss":0.0,"damage_taken":22.0,"relics_obtained":["Golden Idol"]},{"damage_healed":0.0,"max_hp_gain":0.0,"max_hp_loss":0.0,"gold_gain":50.0,"event_name":"Golden Shrine","player_choice":"Pray","floor":12.0,"gold_loss":0.0,"damage_taken":0.0},{"damage_healed":0,"gold_gain":0,"player_choice":"Ignored","damage_taken":0,"max_hp_gain":0,"max_hp_loss":0,"event_name":"N\u0027loth","floor":25,"gold_loss":0}],"is_beta":false,"boss_relics":[{"not_picked":["Coffee Dripper","Eternal Feather"],"picked":"Philosopher\u0027s Stone"}],"items_purged_floors":[],"is_endless":false,"potions_floor_spawned":[1,3,4,10,16,18,28],"killed_by":"Gremlin Leader","ascension_level":19}