{"gold_per_floor":[115,115,127,127,141,141,156,174,174,194,205,205,221,233,233,233],"floor_reached":16,"playtime":728,"items_purged":[],"score":191,"play_id":"2cc1d100-0de5-48f6-b92d-6ef8c7fdaaef","local_time":"20190410201756","is_ascension_mode":true,"campfire_choices":[{"data":"Zap","floor":6.0,"key":"SMITH"},{"floor":12.0,"key":"REST"},{"data":"Fission","floor":15.0,"key":"SMITH"}],"neow_cost":"TEN_PERCENT_HP_LOSS","seed_source_timestamp":0,"circlet_count":0,"master_deck":["AscendersBane","Strike_B","Defend_B","Defend_B","Defend_B","Defend_B","Zap+1","Dualcast","Conserve Battery","Tempest","Lockon","Fission+1","Ball Lightning"],"special_seed":0,"relics":["Cracked Core","Mummified Hand"],"potions_floor_usage":[16],"damage_taken":[{"damage":1.0,"enemies":"Small Slimes","floor":1.0,"turns":4.0},{"damage":0.0,"enemies":"Jaw Worm","floor":3.0,"turns":4.0},{"damage":6.0,"enemies":"Cultist","floor":5.0,"turns":3.0},{"damage":20.0,"enemies":"Lots of Slimes","floor":7.0,"turns":5.0},{"damage":0.0,"enemies":"Exordium Thugs","floor":8.0,"turns":3.0},{"damage":8.0,"enemies":"3 Louse","floor":10.0,"turns":3.0},{"damage":9.0,"enemies":"Exordium Wildlife","floor":11.0,"turns":3.0},{"damage":0.0,"enemies":"2 Fungi Beasts","floor":13.0,"turns":3.0},{"damage":2.0,"enemies":"Looter","floor":14.0,"turns":3.0},{"damage":34,"enemies":"Hexaghost","floor":16,"turns":9}],"seed_played":"2877725917009991407","potions_obtained":[{"floor":1.0,"key":"FearPotion"},{"floor":8.0,"key":"Ancient Potion"},{"floor":10.0,"key":"Dexterity Potion"}],"is_trial":false,"path_per_floor":["M","?","M","?","M","R","M","M","T","M","M","R","M","M","R","B"],"character_chosen":"DEFECT","items_purchased":[],"campfire_rested":1,"item_purchase_floors":[],"current_hp_per_floor":[63,56,56,56,50,50,30,30,30,22,13,32,32,30,30,0],"gold":233,"neow_bonus":"REMOVE_TWO","is_prod":false,"is_daily":false,"chose_seed":false,"campfire_upgraded":2,"win_rate":0,"timestamp":1554916676,"path_taken":["M","?","M","?","M","R","M","M","T","?","?","R","M","M","R","BOSS"],"build_version":"2019-01-23","purchased_purges":0,"victory":false,"max_hp_per_floor":[64,64,64,64,64,64,64,64,64,64,64,64,64,64,64,64],"card_choices":[{"not_picked":["Blizzard","Barrage"],"picked":"Conserve Battery","floor":1.0},{"not_picked":["Sweeping Beam","Steam"],"picked":"Tempest","floor":3.0},{"not_picked":["Static Discharge","Tempest"],"picked":"Lockon","floor":5.0},{"not_picked":["Ball Lightning","Conserve Battery"],"picked":"Fission","floor":7.0},{"not_picked":["Force Field","Compile Driver","Aggregate"],"picked":"SKIP","floor":8.0},{"not_picked":["Beam Cell","Conserve Battery","Genetic Algorithm"],"picked":"SKIP","floor":10.0},{"not_picked":["Compile Driver","Coolheaded"],"picked":"Ball Lightning","floor":11.0},{"not_picked":["Sweeping Beam","Lockon","Meteor Strike"],"picked":"SKIP","floor":13.0},{"not_picked":["Force Field","Sweeping Beam","Ball Lightning"],"picked":"SKIP","floor":14.0}],"player_experience":1038597,"relics_obtained":[{"floor":9.0,"key":"Mummified Hand"}],"event_choices":[{"cards_removed":["Strike_B"],"damage_healed":0.0,"max_hp_gain":0.0,"max_hp_loss":0.0,"gold_gain":0.0,"event_name":"Golden Wing","player_choice":"Card Removal","floor":2.0,"gold_loss":0.0,"damage_taken":7.0},{"damage_healed":0.0,"max_hp_gain":0.0,"max_hp_loss":0.0,"gold_gain":0.0,"event_name":"Match and Keep!","player_choice":"0 cards matched","floor":4.0,"gold_loss":0.0,"damage_taken":0.0,"cards_obtained":[]}],"is_beta":false,"boss_relics":[],"items_purged_floors":[],"is_endless":false,"potions_floor_spawned":[1,8,10,14],"killed_by":"Hexaghost","ascension_level":19}