{"gold_per_floor":[115,126,126,69,93,93,109,126,126,126],"floor_reached":10,"playtime":316,"items_purged":[],"score":113,"play_id":"c0d38eef-1ba0-481b-b574-f4c9df0b8623","local_time":"20190411172409","is_ascension_mode":true,"campfire_choices":[{"data":"Zap","floor":6.0,"key":"SMITH"}],"neow_cost":"NONE","seed_source_timestamp":0,"circlet_count":0,"master_deck":["AscendersBane","Strike_B","Strike_B","Strike_B","Defend_B","Defend_B","Defend_B","Defend_B","Zap+1","Dualcast","Self Repair","Chill","Self Repair"],"special_seed":0,"relics":["Black Star","Smiling Mask","Matryoshka"],"potions_floor_usage":[8,10],"damage_taken":[{"damage":8.0,"enemies":"2 Louse","floor":1.0,"turns":3.0},{"damage":16.0,"enemies":"Jaw Worm","floor":2.0,"turns":5.0},{"damage":2.0,"enemies":"Cultist","floor":7.0,"turns":4.0},{"damage":21,"enemies":"Large Slime","floor":8,"turns":7},{"damage":49,"enemies":"Gremlin Nob","floor":10,"turns":4}],"seed_played":"-5516505836752231975","potions_obtained":[{"floor":1.0,"key":"FearPotion"},{"floor":2.0,"key":"Ancient Potion"}],"is_trial":false,"path_per_floor":["M","M","?","?","T","R","M","M","T","E"],"character_chosen":"DEFECT","items_purchased":[],"campfire_rested":0,"item_purchase_floors":[],"current_hp_per_floor":[56,47,40,40,40,40,45,31,31,0],"gold":126,"neow_bonus":"BOSS_RELIC","is_prod":false,"is_daily":false,"chose_seed":false,"campfire_upgraded":1,"win_rate":0,"timestamp":1554992649,"path_taken":["M","M","?","?","?","R","?","M","T","E"],"build_version":"2019-01-23","purchased_purges":0,"victory":false,"max_hp_per_floor":[71,71,71,71,71,71,71,71,71,71],"card_choices":[{"not_picked":["Doom and Gloom","Gash"],"picked":"Self Repair","floor":1.0},{"not_picked":["Compile Driver","Streamline","Reprogram"],"picked":"SKIP","floor":2.0},{"not_picked":["Streamline","Skim"],"picked":"Chill","floor":7.0},{"not_picked":["Conserve Battery","Chaos"],"picked":"Self Repair","floor":8}],"player_experience":1040936,"relics_obtained":[{"floor":5.0,"key":"Smiling Mask"},{"floor":9,"key":"Matryoshka"}],"event_choices":[{"cards_removed":["Strike_B"],"damage_healed":0.0,"max_hp_gain":0.0,"max_hp_loss":0.0,"gold_gain":0.0,"event_name":"Golden Wing","player_choice":"Card Removal","floor":3.0,"gold_loss":0.0,"damage_taken":7.0},{"damage_healed":0.0,"max_hp_gain":0.0,"max_hp_loss":0.0,"gold_gain":0.0,"event_name":"World of Goop","player_choice":"Left Gold","floor":4.0,"gold_loss":57.0,"damage_taken":0.0}],"is_beta":false,"boss_relics":[],"items_purged_floors":[],"is_endless":false,"potions_floor_spawned":[1,2],"killed_by":"Gremlin Nob","ascension_level":19}