{"gold_per_floor":[113,129,141,96,107,107,132,145,145,145,180,198,198,218,218,218],"floor_reached":16,"playtime":748,"items_purged":[],"score":165,"play_id":"1d54236e-d376-4317-8c69-4c0e3919bf11","local_time":"20190424150109","is_ascension_mode":true,"campfire_choices":[{"data":"Neutralize","floor":6,"key":"SMITH"},{"data":"Wraith Form v2","floor":10,"key":"SMITH"},{"data":"PiercingWail","floor":13,"key":"SMITH"},{"data":"Deadly Poison","floor":15,"key":"SMITH"}],"neow_cost":"NONE","seed_source_timestamp":500162241310392,"circlet_count":0,"master_deck":["Defend_G+1","Defend_G","Defend_G","Defend_G","Defend_G","Strike_G","Strike_G","Strike_G","Strike_G","Strike_G","Survivor","Neutralize+1","PiercingWail+1","Deflect+1","Dash","All Out Attack","Wraith Form v2+1","All Out Attack","PiercingWail","Backflip","Deadly Poison+1"],"relics":["Ring of the Snake","Orichalcum","Potion Belt","Bottled Tornado","War Paint"],"potions_floor_usage":[11,11,16,16],"damage_taken":[{"damage":1,"enemies":"2 Louse","floor":1,"turns":3},{"damage":11,"enemies":"Jaw Worm","floor":2,"turns":9},{"damage":0,"enemies":"Small Slimes","floor":3,"turns":5},{"damage":1,"enemies":"Looter","floor":4,"turns":5},{"damage":2,"enemies":"2 Fungi Beasts","floor":5,"turns":6},{"damage":24,"enemies":"Gremlin Nob","floor":7,"turns":5},{"damage":0,"enemies":"3 Louse","floor":8,"turns":4},{"damage":5,"enemies":"Lagavulin","floor":11,"turns":8},{"damage":0,"enemies":"Red Slaver","floor":12,"turns":4},{"damage":0,"enemies":"2 Fungi Beasts","floor":14,"turns":4},{"damage":42,"enemies":"Slime Boss","floor":16,"turns":16}],"seed_played":"-1754723737707389762","potions_obtained":[{"floor":3,"key":"Swift Potion"},{"floor":5,"key":"Regen Potion"},{"floor":7,"key":"AttackPotion"},{"floor":8,"key":"SneckoOil"},{"floor":12,"key":"Regen Potion"},{"floor":14,"key":"Dexterity Potion"}],"is_trial":false,"path_per_floor":["M","M","M","M","M","R","E","M","T","R","E","M","R","M","R","B"],"character_chosen":"THE_SILENT","items_purchased":[],"campfire_rested":0,"item_purchase_floors":[],"current_hp_per_floor":[62,51,51,50,48,48,24,24,24,24,34,34,34,34,34,0],"gold":218,"neow_bonus":"RANDOM_COMMON_RELIC","is_prod":false,"is_daily":false,"chose_seed":false,"campfire_upgraded":4,"win_rate":0,"timestamp":1556136069,"path_taken":["M","M","M","M","M","R","E","M","T","R","E","M","R","M","R","BOSS"],"build_version":"2019-01-23","purchased_purges":0,"victory":false,"max_hp_per_floor":[70,70,70,70,70,70,70,70,70,70,70,70,70,70,70,70],"card_choices":[{"not_picked":["Quick Slash","Poisoned Stab"],"picked":"PiercingWail","floor":1},{"not_picked":["Underhanded Strike","Sucker Punch"],"picked":"Deflect","floor":2},{"not_picked":["Choke","Predator","Tactician"],"picked":"SKIP","floor":3},{"not_picked":["Poisoned Stab","Bane"],"picked":"Dash","floor":4},{"not_picked":["Bane","Underhanded Strike"],"picked":"All Out Attack","floor":5},{"not_picked":["Underhanded Strike","Choke"],"picked":"Wraith Form v2","floor":7},{"not_picked":["Poisoned Stab","Dodge and Roll"],"picked":"All Out Attack","floor":8},{"not_picked":["Leg Sweep","Dodge and Roll"],"picked":"PiercingWail","floor":11},{"not_picked":["Heel Hook","Expertise"],"picked":"Backflip","floor":12},{"not_picked":["Acrobatics","Concentrate"],"picked":"Deadly Poison","floor":14}],"player_experience":484639,"relics_obtained":[{"floor":7,"key":"Potion Belt"},{"floor":9,"key":"Bottled Tornado"},{"floor":11,"key":"War Paint"}],"event_choices":[],"is_beta":false,"boss_relics":[],"items_purged_floors":[],"is_endless":false,"potions_floor_spawned":[3,5,7,8,12,14],"killed_by":"Slime Boss","ascension_level":9}