{"gold_per_floor":[114,189,118,118,137,170,170,188,242,242,242,88,99,118,118,217,217,230,230,230,630,268,268,211,236,236,221,236,247,264,275,275,370,370,384,384,397,82,101,101,62,62,87,116,132,150,165,196,196,196],"floor_reached":50,"playtime":2500,"items_purged":[],"score":1005,"play_id":"0b70fdcd-72e2-4484-8549-3c9b5f80ef19","local_time":"20190420113832","is_ascension_mode":true,"campfire_choices":[{"data":"Neutralize","floor":7,"key":"SMITH"},{"data":"Noxious Fumes","floor":10,"key":"SMITH"},{"floor":15,"key":"REST"},{"floor":23,"key":"REST"},{"floor":32,"key":"REST"},{"data":"Footwork","floor":40,"key":"SMITH"},{"floor":42,"key":"REST"},{"floor":49,"key":"RECALL"}],"neow_cost":"NONE","seed_source_timestamp":140650442839264,"circlet_count":0,"master_deck":["Defend_G","Defend_G","Defend_G","Defend_G+1","Defend_G+1","Strike_G","Survivor","Neutralize+1","Backflip","Well Laid Plans","Cloak And Dagger","Backflip","Noxious Fumes+1","Blind+1","Distraction+1","Escape Plan+1","Crippling Poison+1","Dodge and Roll+1","Die Die Die","Riddle With Holes+1","Flying Knee+1","Well Laid Plans+1","Prepared+1","Dodge and Roll+1","Deadly Poison+1","Setup+1","Deflect+1","Die Die Die","PiercingWail+1","Bane","Noxious Fumes","PiercingWail+1","Deadly Poison+1","Corpse Explosion+1","Venomology+1","Dodge and Roll+1","Dagger Spray+1","Footwork+1","Backflip+1","Footwork+1","Cloak And Dagger+1","Footwork+1","Footwork+1","Noxious Fumes","Bouncing Flask+1","Heel Hook","PiercingWail+1","Distraction+1","Deadly Poison+1","Tactician+1","Bouncing Flask+1","Bullet Time+1","Bouncing Flask+1"],"relics":["Ring of the Snake","NeowsBlessing","Dream Catcher","Centennial Puzzle","Toxic Egg 2","Astrolabe","Question Card","Old Coin","Bottled Lightning","FossilizedHelix","Omamori","War Paint","Orrery","Gremlin Horn","Ancient Tea Set","Prayer Wheel","Blue Candle"],"potions_floor_usage":[21,29,33,34,39,39,44,44,47,48,50,50,50],"damage_taken":[{"damage":0,"enemies":"Jaw Worm","floor":1,"turns":1},{"damage":0,"enemies":"Small Slimes","floor":5,"turns":1},{"damage":0,"enemies":"3 Sentries","floor":6,"turns":1},{"damage":2,"enemies":"Cultist","floor":8,"turns":4},{"damage":11,"enemies":"Lots of Slimes","floor":13,"turns":5},{"damage":0,"enemies":"Large Slime","floor":14,"turns":7},{"damage":19,"enemies":"The Guardian","floor":16,"turns":11},{"damage":14,"enemies":"Spheric Guardian","floor":18,"turns":5},{"damage":11,"enemies":"Colosseum Slavers","floor":21,"turns":4},{"damage":17,"enemies":"Colosseum Nobs","floor":21,"turns":5},{"damage":18,"enemies":"Slavers","floor":25,"turns":6},{"damage":24,"enemies":"2 Thieves","floor":27,"turns":4},{"damage":0,"enemies":"Centurion and Healer","floor":28,"turns":4},{"damage":4,"enemies":"Shelled Parasite and Fungi","floor":29,"turns":4},{"damage":0,"enemies":"3 Cultists","floor":30,"turns":5},{"damage":0,"enemies":"Snecko","floor":31,"turns":6},{"damage":0,"enemies":"Automaton","floor":33,"turns":11},{"damage":10,"enemies":"3 Darklings","floor":35,"turns":4},{"damage":0,"enemies":"Orb Walker","floor":37,"turns":6},{"damage":0,"enemies":"3 Darklings","floor":39,"turns":4},{"damage":10,"enemies":"Giant Head","floor":44,"turns":14},{"damage":10,"enemies":"Jaw Worm Horde","floor":45,"turns":4},{"damage":0,"enemies":"Sphere and 2 Shapes","floor":46,"turns":6},{"damage":20,"enemies":"Spire Growth","floor":47,"turns":7},{"damage":26,"enemies":"Reptomancer","floor":48,"turns":7},{"damage":19,"enemies":"Awakened One","floor":50,"turns":4}],"seed_played":"4734078061184241264","potions_obtained":[{"floor":1,"key":"Swift Potion"},{"floor":14,"key":"Block Potion"},{"floor":16,"key":"FairyPotion"},{"floor":28,"key":"PowerPotion"},{"floor":29,"key":"FearPotion"},{"floor":30,"key":"Ancient Potion"},{"floor":33,"key":"Fruit Juice"},{"floor":37,"key":"Regen Potion"},{"floor":44,"key":"EssenceOfSteel"},{"floor":46,"key":"Energy Potion"},{"floor":48,"key":"Dexterity Potion"}],"is_trial":false,"path_per_floor":["M","?","$","?","M","E","R","M","T","R","T","$","M","M","R","B",null,"M","?","T","?","$","R","?","E","T","M","M","M","M","M","R","B",null,"M","?","M","$","M","R","$","R","T","E","M","M","M","E","R","B"],"character_chosen":"THE_SILENT","items_purchased":["Well Laid Plans","Blind+1","Distraction+1","FossilizedHelix","Deadly Poison+1","Gremlin Horn","Footwork","Noxious Fumes"],"campfire_rested":4,"item_purchase_floors":[3,12,12,22,22,38,38,41],"current_hp_per_floor":[63,52,52,52,52,52,52,50,50,50,50,50,39,39,60,41,63,49,49,49,21,21,42,42,24,24,7,7,3,3,3,24,24,64,54,54,54,54,66,66,66,75,75,65,55,55,35,9,9,0],"gold":196,"neow_bonus":"THREE_ENEMY_KILL","is_prod":false,"is_daily":false,"chose_seed":false,"campfire_upgraded":3,"win_rate":0,"timestamp":1555778312,"path_taken":["M","?","$","?","M","E","R","M","T","R","?","$","M","M","R","BOSS","M","?","?","?","$","R","?","E","T","?","M","M","M","?","R","BOSS","M","?","M","$","M","R","$","R","T","E","?","M","M","E","R","BOSS"],"build_version":"2019-01-23","purchased_purges":0,"victory":false,"max_hp_per_floor":[70,70,70,70,70,70,70,70,70,70,70,70,70,70,70,70,70,70,70,70,70,70,70,70,70,70,70,70,70,70,70,70,70,75,75,75,75,75,75,75,75,75,75,75,75,75,75,75,75,75],"card_choices":[{"not_picked":["Reflex","Dodge and Roll"],"picked":"Backflip","floor":1},{"not_picked":["Tactician","Outmaneuver"],"picked":"Cloak And Dagger","floor":5},{"not_picked":["Bane","Quick Slash"],"picked":"Backflip","floor":6},{"not_picked":["PiercingWail","Prepared"],"picked":"Noxious Fumes","floor":8},{"not_picked":["Dodge and Roll+1","All Out Attack"],"picked":"Escape Plan+1","floor":13},{"not_picked":["Well Laid Plans","Underhanded Strike"],"picked":"Crippling Poison+1","floor":14},{"not_picked":["Acrobatics+1","Underhanded Strike"],"picked":"Dodge and Roll+1","floor":15},{"not_picked":["Grand Finale","Malaise+1"],"picked":"Die Die Die","floor":16},{"not_picked":["Reflex+1","Eviscerate"],"picked":"Prepared+1","floor":18},{"not_picked":["Endless Agony","Blade Dance+1","Flechettes+1"],"picked":"Dodge and Roll+1","floor":21},{"not_picked":["Sucker Punch","Underhanded Strike+1","Calculated Gamble+1"],"picked":"Setup+1","floor":23},{"not_picked":["Leg Sweep+1","Underhanded Strike","Dagger Spray"],"picked":"Deflect+1","floor":25},{"not_picked":["Underhanded Strike","Endless Agony","Dodge and Roll+1"],"picked":"Die Die Die","floor":27},{"not_picked":["Sucker Punch","Prepared+1","Bane+1"],"picked":"PiercingWail+1","floor":28},{"not_picked":["Blade Dance+1","Expertise+1","Underhanded Strike"],"picked":"Bane","floor":29},{"not_picked":["Leg Sweep+1","Distraction+1","Deadly Poison+1"],"picked":"Noxious Fumes","floor":30},{"not_picked":["Dagger Throw","Sucker Punch+1","Leg Sweep+1"],"picked":"PiercingWail+1","floor":31},{"not_picked":["Acrobatics+1","Escape Plan+1","Poisoned Stab"],"picked":"Deadly Poison+1","floor":32},{"not_picked":["Storm of Steel+1","Glass Knife","Envenom"],"picked":"Corpse Explosion+1","floor":33},{"not_picked":["Blade Dance+1","Poisoned Stab","Bane"],"picked":"Venomology+1","floor":34},{"not_picked":["Riddle With Holes","Backflip+1","Reflex+1"],"picked":"Dodge and Roll+1","floor":34},{"not_picked":["Flechettes+1","Backflip+1","Outmaneuver+1"],"picked":"Dagger Spray+1","floor":34},{"not_picked":["Quick Slash+1","Well Laid Plans","Dodge and Roll+1"],"picked":"Footwork","floor":34},{"not_picked":["Prepared+1","Slice","Underhanded Strike+1"],"picked":"Backflip+1","floor":34},{"not_picked":["After Image","Deadly Poison+1","Flying Knee"],"picked":"Footwork+1","floor":35},{"not_picked":["Eviscerate+1","Dagger Spray+1","Dagger Throw"],"picked":"Cloak And Dagger+1","floor":37},{"not_picked":["All Out Attack","Expertise+1","Backflip+1"],"picked":"Footwork+1","floor":39},{"not_picked":["Blur+1","Predator+1","Poisoned Stab"],"picked":"Bouncing Flask+1","floor":42},{"not_picked":["Outmaneuver+1","Accuracy+1","Leg Sweep+1"],"picked":"Heel Hook","floor":44},{"not_picked":["Prepared+1","Dash","Reflex+1"],"picked":"PiercingWail+1","floor":45},{"not_picked":["Endless Agony+1","Terror+1","Dash"],"picked":"Distraction+1","floor":45},{"not_picked":["Dagger Throw","Bane","Quick Slash"],"picked":"Deadly Poison+1","floor":46},{"not_picked":["Dagger Spray","Reflex+1","Dagger Throw+1"],"picked":"Tactician+1","floor":46},{"not_picked":["Backflip+1","Escape Plan+1","Prepared+1"],"picked":"Bouncing Flask+1","floor":47},{"not_picked":["Slice+1","Quick Slash","Dodge and Roll+1"],"picked":"Bullet Time+1","floor":47},{"not_picked":["Leg Sweep+1","Flechettes","Slice+1"],"picked":"Bouncing Flask+1","floor":48}],"player_experience":463441,"relics_obtained":[{"floor":6,"key":"Dream Catcher"},{"floor":9,"key":"Centennial Puzzle"},{"floor":11,"key":"Toxic Egg 2"},{"floor":20,"key":"Question Card"},{"floor":21,"key":"Old Coin"},{"floor":21,"key":"Bottled Lightning"},{"floor":25,"key":"War Paint"},{"floor":43,"key":"Ancient Tea Set"},{"floor":44,"key":"Prayer Wheel"},{"floor":48,"key":"Blue Candle"}],"event_choices":[{"damage_healed":0,"gold_gain":75,"player_choice":"Gather Gold","damage_taken":11,"max_hp_gain":0,"max_hp_loss":0,"event_name":"World of Goop","floor":2,"gold_loss":0},{"cards_removed":["Strike_G"],"damage_healed":0,"gold_gain":0,"player_choice":"Forget","damage_taken":0,"max_hp_gain":0,"max_hp_loss":0,"event_name":"Living Wall","floor":4,"gold_loss":0},{"damage_healed":0,"gold_gain":0,"player_choice":"Ignored","damage_taken":0,"max_hp_gain":0,"max_hp_loss":0,"event_name":"Ghosts","floor":19,"gold_loss":0},{"damage_healed":0,"gold_gain":0,"player_choice":"Fight","damage_taken":0,"max_hp_gain":0,"max_hp_loss":0,"event_name":"Colosseum","floor":21,"gold_loss":0},{"damage_healed":0,"gold_gain":0,"player_choice":"Fought Nobs","damage_taken":0,"max_hp_gain":0,"max_hp_loss":0,"event_name":"Colosseum","floor":21,"gold_loss":0},{"damage_healed":0,"gold_gain":0,"player_choice":"Paid Gold","damage_taken":0,"relics_obtained":["Omamori"],"max_hp_gain":0,"max_hp_loss":0,"event_name":"WeMeetAgain","floor":24,"gold_loss":57},{"damage_healed":0,"gold_gain":0,"player_choice":"Forge","damage_taken":0,"max_hp_gain":0,"max_hp_loss":0,"event_name":"Accursed Blacksmith","floor":36,"gold_loss":0,"cards_upgraded":["Footwork"]}],"is_beta":false,"boss_relics":[{"not_picked":["WristBlade","Lizard Tail"],"picked":"Astrolabe"},{"not_picked":["White Beast Statue","Coffee Dripper"],"picked":"Orrery"}],"items_purged_floors":[],"is_endless":false,"potions_floor_spawned":[1,14,16,21,28,29,30,33,37,44,46,48],"killed_by":"Awakened One","ascension_level":9}