{"gold_per_floor":[113,113,388,399,223,223,281,60,60,70,70,120,103,130,130,234,234,251,251,267,287,125,125,154,154,209,209,225,106,123,87,87,87],"floor_reached":33,"playtime":2142,"items_purged":["Regret"],"score":369,"play_id":"202c0f7e-7361-4b6d-a1ec-053bd36f5bc3","local_time":"20190303203845","is_ascension_mode":true,"campfire_choices":[{"data":"Neutralize","floor":6,"key":"SMITH"},{"data":"Cloak And Dagger","floor":11,"key":"SMITH"},{"floor":15,"key":"REST"},{"floor":23,"key":"REST"},{"floor":25,"key":"REST"},{"data":"Footwork","floor":27,"key":"SMITH"},{"floor":32,"key":"REST"}],"neow_cost":"TEN_PERCENT_HP_LOSS","seed_source_timestamp":256665929308257,"circlet_count":0,"master_deck":["Defend_G","Defend_G","Defend_G","Defend_G","Defend_G","Strike_G","Strike_G","Strike_G","Strike_G","Strike_G","Survivor","Neutralize+1","Leg Sweep","Caltrops","Cloak And Dagger+1","Footwork+1","Bouncing Flask","Blur","Cloak And Dagger","Deflect","Masterful Stab","Corpse Explosion","Distraction+1","Pain","Slice","Cloak And Dagger","Noxious Fumes","Acrobatics+1","Escape Plan","Blade Dance","Backstab","Adrenaline"],"relics":["Ring of the Snake","WingedGreaves","Tiny Chest","Membership Card","Art of War","Orichalcum","Meat on the Bone","HoveringKite","WarpedTongs","Shuriken","Anchor","Dream Catcher","Ornamental Fan"],"potions_floor_usage":[7,16,20],"damage_taken":[{"damage":1,"enemies":"Jaw Worm","floor":1,"turns":5},{"damage":4,"enemies":"Small Slimes","floor":4,"turns":6},{"damage":15,"enemies":"3 Sentries","floor":7,"turns":9},{"damage":0,"enemies":"Cultist","floor":10,"turns":4},{"damage":1,"enemies":"Exordium Thugs","floor":13,"turns":6},{"damage":9,"enemies":"Lagavulin","floor":14,"turns":7},{"damage":41,"enemies":"Slime Boss","floor":16,"turns":17},{"damage":13,"enemies":"Shell Parasite","floor":18,"turns":7},{"damage":21,"enemies":"2 Thieves","floor":20,"turns":4},{"damage":10,"enemies":"Snecko","floor":21,"turns":10},{"damage":25,"enemies":"Book of Stabbing","floor":24,"turns":8},{"damage":38,"enemies":"Sentry and Sphere","floor":28,"turns":6},{"damage":4,"enemies":"Centurion and Healer","floor":30,"turns":4},{"damage":66,"enemies":"Champ","floor":33,"turns":13}],"seed_played":"8681711275698969654","potions_obtained":[{"floor":1,"key":"AttackPotion"},{"floor":7,"key":"SpeedPotion"},{"floor":13,"key":"GhostInAJar"},{"floor":16,"key":"FearPotion"},{"floor":18,"key":"Block Potion"},{"floor":21,"key":"Ancient Potion"}],"is_trial":false,"path_per_floor":["M","?","?","M","$","R","E","$","T","M","R","T","M","E","R","B",null,"M","?","M","M","$","R","E","R","T","R","M","$","M","$","R","B"],"character_chosen":"THE_SILENT","items_purchased":["Cloak And Dagger","Footwork","Membership Card","Blur","Shuriken","Noxious Fumes","Ornamental Fan","Backstab"],"campfire_rested":4,"item_purchase_floors":[5,5,8,8,22,22,29,31],"current_hp_per_floor":[62,62,62,58,58,58,43,43,43,43,43,43,42,33,51,22,53,40,40,31,33,33,51,38,56,56,56,30,30,38,38,56,0],"gold":87,"neow_bonus":"ONE_RARE_RELIC","is_prod":false,"is_daily":false,"chose_seed":false,"campfire_upgraded":3,"win_rate":0,"timestamp":1551667125,"path_taken":["M","?","?","M","$","R","E","$","T","?","R","?","M","E","R","BOSS","M","?","M","M","$","R","E","R","T","R","M","$","?","?","R","BOSS"],"build_version":"2019-01-23","purchased_purges":1,"victory":false,"max_hp_per_floor":[63,63,63,63,63,63,63,63,63,63,63,63,63,63,63,63,63,63,63,63,63,63,63,63,63,63,63,63,63,63,63,63,63],"card_choices":[{"not_picked":["Prepared","Outmaneuver"],"picked":"Leg Sweep","floor":1},{"not_picked":["Underhanded Strike","Slice"],"picked":"Caltrops","floor":4},{"not_picked":["Dagger Spray","Flying Knee"],"picked":"Bouncing Flask","floor":7},{"not_picked":["Well Laid Plans","Dodge and Roll"],"picked":"Cloak And Dagger","floor":10},{"not_picked":["Dagger Spray","Setup"],"picked":"Deflect","floor":13},{"not_picked":["Dash","Concentrate"],"picked":"Masterful Stab","floor":14},{"not_picked":["Adrenaline","After Image"],"picked":"Corpse Explosion","floor":16},{"not_picked":["Bane","Infinite Blades"],"picked":"Distraction+1","floor":18},{"not_picked":["PiercingWail","Dagger Spray"],"picked":"Slice","floor":20},{"not_picked":["Dodge and Roll","Underhanded Strike"],"picked":"Cloak And Dagger","floor":21},{"not_picked":["PiercingWail","Prepared"],"picked":"Acrobatics+1","floor":24},{"not_picked":["Setup","Underhanded Strike"],"picked":"Escape Plan","floor":28},{"not_picked":["Underhanded Strike+1","PiercingWail"],"picked":"Blade Dance","floor":30},{"not_picked":["Infinite Blades","Quick Slash"],"picked":"Adrenaline","floor":32}],"player_experience":245764,"relics_obtained":[{"floor":7,"key":"Tiny Chest"},{"floor":9,"key":"Art of War"},{"floor":12,"key":"Orichalcum"},{"floor":14,"key":"Meat on the Bone"},{"floor":24,"key":"Anchor"},{"floor":26,"key":"Dream Catcher"}],"event_choices":[{"damage_healed":0,"gold_gain":0,"player_choice":"Leave","damage_taken":0,"max_hp_gain":0,"max_hp_loss":0,"event_name":"The Cleric","floor":2,"gold_loss":0},{"damage_healed":0,"gold_gain":275,"player_choice":"Desecrate","damage_taken":0,"max_hp_gain":0,"max_hp_loss":0,"event_name":"Golden Shrine","floor":3,"gold_loss":0,"cards_obtained":["Regret"]},{"damage_healed":0,"gold_gain":0,"player_choice":"Rummage","damage_taken":0,"relics_obtained":["WarpedTongs"],"max_hp_gain":0,"max_hp_loss":0,"event_name":"Accursed Blacksmith","floor":19,"gold_loss":0,"cards_obtained":["Pain"]}],"is_beta":false,"boss_relics":[{"not_picked":["Busted Crown","Cursed Key"],"picked":"HoveringKite"}],"items_purged_floors":[5],"is_endless":false,"potions_floor_spawned":[1,7,13,16,18,21],"killed_by":"Champ","ascension_level":7}