{"gold_per_floor":[117,117,117,130,230,255,255,284,339,351,395,422,434,459,471,483],"floor_reached":16,"playtime":790,"items_purged":[],"score":250,"play_id":"327a2e64-1288-4f3e-879d-ff81a739987a","local_time":"20181117151922","is_ascension_mode":true,"campfire_choices":[{"data":"Flex","floor":7.0,"key":"SMITH"},{"data":"Armaments","floor":10.0,"key":"SMITH"},{"floor":13.0,"key":"REST"},{"data":"Bash","floor":15.0,"key":"SMITH"}],"neow_cost":"NONE","seed_source_timestamp":0,"circlet_count":0,"master_deck":["AscendersBane","Strike_R","Strike_R","Strike_R","Defend_R","Defend_R","Defend_R","Defend_R","Bash+1","Flex+1","Pommel Strike","Armaments+1","Shrug It Off"],"special_seed":0,"relics":["Burning Blood","NeowsBlessing","Bag of Preparation","Art of War","MawBank","Turnip"],"potions_floor_usage":[16],"damage_taken":[{"damage":0.0,"enemies":"Small Slimes","floor":1.0,"turns":1.0},{"damage":0.0,"enemies":"Jaw Worm","floor":4.0,"turns":1.0},{"damage":0.0,"enemies":"Gremlin Nob","floor":6.0,"turns":1.0},{"damage":30.0,"enemies":"3 Sentries","floor":8.0,"turns":9.0},{"damage":37.0,"enemies":"Lagavulin","floor":11.0,"turns":7.0},{"damage":1.0,"enemies":"2 Louse","floor":12.0,"turns":3.0},{"damage":13.0,"enemies":"Lots of Slimes","floor":14.0,"turns":5.0},{"damage":43,"enemies":"Slime Boss","floor":16,"turns":11}],"seed_played":"-6002413519267813654","potions_obtained":[{"floor":1.0,"key":"Poison Potion"},{"floor":8.0,"key":"FearPotion"},{"floor":11.0,"key":"Fire Potion"}],"is_trial":false,"path_per_floor":["M","?","?","M","?","E","R","E","T","R","E","M","R","M","R","B"],"character_chosen":"IRONCLAD","items_purchased":[],"campfire_rested":1,"item_purchase_floors":[],"current_hp_per_floor":[74,74,67,73,73,75,75,51,51,51,20,25,47,40,40,0],"gold":483,"neow_bonus":"THREE_ENEMY_KILL","is_prod":false,"is_daily":false,"chose_seed":false,"campfire_upgraded":3,"win_rate":0,"timestamp":1542457162,"path_taken":["M","?","?","?","?","E","R","E","T","R","E","M","R","M","R","BOSS"],"build_version":"2018-11-15","purchased_purges":0,"victory":false,"max_hp_per_floor":[75,75,75,75,75,75,75,75,75,75,75,75,75,75,75,75],"card_choices":[{"not_picked":["Ghostly Armor","Cleave"],"picked":"Flex","floor":1.0},{"not_picked":["Bloodletting","Carnage"],"picked":"Pommel Strike","floor":4.0},{"not_picked":["Combust","Sword Boomerang","Reckless Charge"],"picked":"SKIP","floor":6.0},{"not_picked":["Disarm","Clothesline"],"picked":"Armaments","floor":8.0},{"not_picked":["Pommel Strike","Second Wind","Reckless Charge"],"picked":"SKIP","floor":11.0},{"not_picked":["Twin Strike","Immolate","Havoc"],"picked":"SKIP","floor":12.0},{"not_picked":["Bloodletting","Twin Strike"],"picked":"Shrug It Off","floor":14.0}],"player_experience":729663,"relics_obtained":[{"floor":6.0,"key":"Bag of Preparation"},{"floor":8.0,"key":"Art of War"},{"floor":9.0,"key":"MawBank"},{"floor":11.0,"key":"Turnip"}],"event_choices":[{"cards_removed":["Strike_R"],"damage_healed":0.0,"max_hp_gain":0.0,"max_hp_loss":0.0,"gold_gain":0.0,"event_name":"Living Wall","player_choice":"Forget","floor":2.0,"gold_loss":0.0,"damage_taken":0.0},{"cards_removed":["Strike_R"],"damage_healed":0.0,"max_hp_gain":0.0,"max_hp_loss":0.0,"gold_gain":0.0,"event_name":"Golden Wing","player_choice":"Card Removal","floor":3.0,"gold_loss":0.0,"damage_taken":7.0},{"damage_healed":0.0,"max_hp_gain":0.0,"max_hp_loss":0.0,"gold_gain":100.0,"event_name":"Wheel of Change","player_choice":"Gold","floor":5.0,"gold_loss":0.0,"damage_taken":0.0}],"is_beta":false,"boss_relics":[],"items_purged_floors":[],"is_endless":false,"potions_floor_spawned":[1,8,11,14],"killed_by":"Slime Boss","ascension_level":15}