{"gold_per_floor":[369,57,115,65,85,112,126,126,178,194,204,204,219,231,231,231],"floor_reached":16,"playtime":555,"items_purged":[],"score":104,"play_id":"829a66ef-0ec8-4e2e-bd16-2aa581800799","local_time":"20190330185009","is_ascension_mode":false,"campfire_choices":[{"floor":8,"key":"REST"},{"data":"Catalyst","floor":15,"key":"SMITH"}],"neow_cost":"CURSE","seed_source_timestamp":177224369216328,"circlet_count":0,"master_deck":["Defend_G","Defend_G","Defend_G","Defend_G","Defend_G","Strike_G","Strike_G","Strike_G","Strike_G","Survivor","Neutralize","Writhe","Backstab","Catalyst+1","Well Laid Plans","Poisoned Stab","Crippling Poison","Dodge and Roll","Escape Plan","Poisoned Stab"],"relics":["Ring of the Snake","FossilizedHelix","Ancient Tea Set","Orichalcum","CultistMask"],"potions_floor_usage":[14,16],"damage_taken":[{"damage":0,"enemies":"Jaw Worm","floor":1,"turns":6},{"damage":0,"enemies":"Small Slimes","floor":5,"turns":3},{"damage":62,"enemies":"Lagavulin","floor":6,"turns":13},{"damage":0,"enemies":"Cultist","floor":7,"turns":4},{"damage":0,"enemies":"Gremlin Gang","floor":10,"turns":6},{"damage":0,"enemies":"3 Louse","floor":11,"turns":3},{"damage":4,"enemies":"Large Slime","floor":13,"turns":7},{"damage":0,"enemies":"Gremlin Gang","floor":14,"turns":5},{"damage":27,"enemies":"Slime Boss","floor":16,"turns":10}],"seed_played":"5812722362533875451","potions_obtained":[{"floor":1,"key":"EssenceOfSteel"},{"floor":6,"key":"Ancient Potion"},{"floor":10,"key":"PowerPotion"}],"is_trial":false,"path_per_floor":["M","$","?","?","M","E","M","R","T","M","M","?","M","M","R","B"],"character_chosen":"THE_SILENT","items_purchased":["FossilizedHelix"],"campfire_rested":1,"item_purchase_floors":[2],"current_hp_per_floor":[70,70,70,70,70,8,8,29,29,29,29,29,25,25,25,0],"gold":231,"neow_bonus":"TWO_FIFTY_GOLD","is_prod":false,"is_daily":false,"chose_seed":false,"campfire_upgraded":1,"win_rate":0,"timestamp":1553989809,"path_taken":["M","$","?","?","M","E","M","R","T","M","M","?","M","?","R","BOSS"],"build_version":"2019-01-23","purchased_purges":0,"victory":false,"max_hp_per_floor":[70,70,70,70,70,70,70,70,70,70,70,70,70,70,70,70],"card_choices":[{"not_picked":["Flying Knee","Sucker Punch"],"picked":"Backstab","floor":1},{"not_picked":["Quick Slash","Riddle With Holes"],"picked":"Catalyst","floor":5},{"not_picked":["Deadly Poison","Cloak And Dagger"],"picked":"Well Laid Plans","floor":6},{"not_picked":["Bane","Underhanded Strike"],"picked":"Poisoned Stab","floor":7},{"not_picked":["Escape Plan","Wraith Form v2"],"picked":"Crippling Poison","floor":10},{"not_picked":["Backflip","Expertise"],"picked":"Dodge and Roll","floor":11},{"not_picked":["Acrobatics","Cloak And Dagger"],"picked":"Escape Plan","floor":13},{"not_picked":["Deflect","Slice"],"picked":"Poisoned Stab","floor":14}],"player_experience":348871,"relics_obtained":[{"floor":6,"key":"Ancient Tea Set"},{"floor":9,"key":"Orichalcum"}],"event_choices":[{"damage_healed":0,"gold_gain":58,"player_choice":"Gained Gold","damage_taken":0,"max_hp_gain":0,"max_hp_loss":0,"event_name":"Golden Wing","floor":3,"gold_loss":0},{"cards_removed":["Strike_G"],"damage_healed":0,"gold_gain":0,"player_choice":"Card Removal","damage_taken":0,"max_hp_gain":0,"max_hp_loss":0,"event_name":"The Cleric","floor":4,"gold_loss":50},{"damage_healed":0,"gold_gain":0,"player_choice":"Trade","damage_taken":0,"relics_obtained":["CultistMask"],"max_hp_gain":0,"max_hp_loss":0,"event_name":"FaceTrader","floor":12,"gold_loss":0}],"is_beta":false,"boss_relics":[],"items_purged_floors":[],"is_endless":false,"potions_floor_spawned":[1,6,10],"killed_by":"Slime Boss","ascension_level":0}