{"gold_per_floor":[117,117,131,131,131,172,195,195,195,195,220,555,574,649,649,748,748,767,767,767],"floor_reached":20,"playtime":2080,"items_purged":[],"score":429,"play_id":"df53570b-cea8-4ee6-8fc4-f26f92f4c474","local_time":"20181207230835","is_ascension_mode":true,"campfire_choices":[{"data":"Metallicize","floor":8,"key":"SMITH"},{"data":"True Grit","floor":10,"key":"SMITH"},{"data":"Shockwave","floor":15,"key":"SMITH"}],"neow_cost":"NONE","seed_source_timestamp":41944020462712,"circlet_count":0,"master_deck":["AscendersBane","Strike_R","Defend_R","Defend_R","Defend_R","Defend_R","Bash","Metallicize+1","Shrug It Off","Headbutt","True Grit+1","Shrug It Off","Shockwave+1","Offering","Feel No Pain+1","Spot Weakness+1","Hemokinesis+1","Metallicize"],"relics":["Burning Blood","NeowsBlessing","Golden Idol","Omamori","Potion Belt","Thread and Needle","Old Coin","Astrolabe"],"potions_floor_usage":[16,16,16,16,16,16,16],"damage_taken":[{"damage":0,"enemies":"Jaw Worm","floor":1,"turns":1},{"damage":0,"enemies":"Cultist","floor":3,"turns":1},{"damage":0,"enemies":"Gremlin Nob","floor":6,"turns":1},{"damage":5,"enemies":"2 Louse","floor":7,"turns":4},{"damage":1,"enemies":"Large Slime","floor":11,"turns":6},{"damage":0,"enemies":"3 Sentries","floor":12,"turns":16},{"damage":10,"enemies":"3 Louse","floor":13,"turns":6},{"damage":57,"enemies":"Hexaghost","floor":16,"turns":23},{"damage":33,"enemies":"Spheric Guardian","floor":18,"turns":8},{"damage":31,"enemies":"Colosseum Slavers","floor":19,"turns":7},{"damage":8,"enemies":"3 Byrds","floor":20,"turns":4}],"seed_played":"-6974659423661222595","potions_obtained":[{"floor":6,"key":"Energy Potion"},{"floor":7,"key":"SmokeBomb"},{"floor":12,"key":"EntropicBrew"},{"floor":13,"key":"Energy Potion"}],"is_trial":false,"path_per_floor":["M","?","M","?","T","E","M","R","T","R","M","E","M","?","R","B",null,"M","?","M"],"character_chosen":"IRONCLAD","items_purchased":[],"campfire_rested":0,"item_purchase_floors":[],"current_hp_per_floor":[74,67,73,47,47,53,54,54,54,54,59,65,61,50,50,14,60,33,8,0],"gold":767,"neow_bonus":"THREE_ENEMY_KILL","is_prod":false,"is_daily":false,"chose_seed":false,"campfire_upgraded":3,"win_rate":0,"timestamp":1544213315,"path_taken":["M","?","M","?","?","E","M","R","T","R","M","E","?","?","R","BOSS","M","?","M"],"build_version":"2018-12-06","purchased_purges":0,"victory":false,"max_hp_per_floor":[75,75,75,75,75,75,75,75,75,75,75,75,75,75,75,75,75,75,75,75],"card_choices":[{"not_picked":["Perfected Strike","Rampage"],"picked":"Metallicize","floor":1},{"not_picked":["Armaments","Thunderclap"],"picked":"Shrug It Off","floor":3},{"not_picked":["Hemokinesis","Blood for Blood"],"picked":"Headbutt","floor":6},{"not_picked":["Bloodletting","Feel No Pain"],"picked":"True Grit","floor":7},{"not_picked":["Clothesline","Headbutt"],"picked":"Shrug It Off","floor":11},{"not_picked":["Burning Pact","Anger","Iron Wave"],"picked":"SKIP","floor":12},{"not_picked":["Shrug It Off","Flex"],"picked":"Shockwave","floor":13},{"not_picked":["Limit Break","Dark Embrace"],"picked":"Offering","floor":16},{"not_picked":["Flame Barrier","Anger"],"picked":"Metallicize","floor":18}],"player_experience":823475,"relics_obtained":[{"floor":5,"key":"Omamori"},{"floor":6,"key":"Potion Belt"},{"floor":9,"key":"Thread and Needle"},{"floor":12,"key":"Old Coin"}],"event_choices":[{"cards_removed":["Strike_R"],"damage_healed":0,"gold_gain":0,"player_choice":"Card Removal","damage_taken":7,"max_hp_gain":0,"max_hp_loss":0,"event_name":"Golden Wing","floor":2,"gold_loss":0},{"damage_healed":0,"gold_gain":0,"player_choice":"Take Damage","damage_taken":26,"relics_obtained":["Golden Idol"],"max_hp_gain":0,"max_hp_loss":0,"event_name":"Golden Idol","floor":4,"gold_loss":0},{"damage_healed":0,"gold_gain":75,"player_choice":"Gather Gold","damage_taken":11,"max_hp_gain":0,"max_hp_loss":0,"event_name":"World of Goop","floor":14,"gold_loss":0},{"damage_healed":0,"gold_gain":0,"player_choice":"Fight","damage_taken":0,"max_hp_gain":0,"max_hp_loss":0,"event_name":"Colosseum","floor":19,"gold_loss":0},{"damage_healed":0,"gold_gain":0,"player_choice":"Fled From Nobs","damage_taken":0,"max_hp_gain":0,"max_hp_loss":0,"event_name":"Colosseum","floor":19,"gold_loss":0}],"is_beta":false,"boss_relics":[{"not_picked":["Coffee Dripper","Black Star"],"picked":"Astrolabe"}],"items_purged_floors":[],"is_endless":false,"potions_floor_spawned":[6,7,12,13],"killed_by":"3 Byrds","ascension_level":17}