{"gold_per_floor":[115,128,148,148,178,206,206,224,247,261,316,281,310,208,208,208],"floor_reached":16,"playtime":1530,"items_purged":["Strike_B"],"score":121,"play_id":"934be04a-25a5-42bd-b755-b9d24a78b06e","local_time":"20190508202648","is_ascension_mode":true,"campfire_choices":[{"data":"Zap","floor":7,"key":"SMITH"},{"data":"Genetic Algorithm","floor":15,"key":"SMITH"}],"neow_cost":"NONE","seed_source_timestamp":1750339736625100,"circlet_count":0,"master_deck":["Strike_B","Strike_B","Strike_B","Defend_B","Defend_B","Defend_B","Defend_B","Zap+1","Dualcast","Genetic Algorithm+1","Beam Cell","Cold Snap","Steam","Seek","Leap","Steam Power","Coolheaded"],"relics":["Cracked Core","Tiny Chest","Lantern","Smiling Mask","Omamori","Happy Flower"],"potions_floor_usage":[6,16,16],"damage_taken":[{"damage":8,"enemies":"Small Slimes","floor":1,"turns":4},{"damage":8,"enemies":"Jaw Worm","floor":2,"turns":4},{"damage":3,"enemies":"Cultist","floor":3,"turns":3},{"damage":37,"enemies":"3 Sentries","floor":6,"turns":14},{"damage":10,"enemies":"Large Slime","floor":8,"turns":3},{"damage":0,"enemies":"Looter","floor":10,"turns":3},{"damage":0,"enemies":"3 Sentries","floor":11,"turns":9},{"damage":25,"enemies":"Gremlin Nob","floor":13,"turns":5},{"damage":16,"enemies":"The Guardian","floor":16,"turns":16}],"seed_played":"821033583252855499","potions_obtained":[{"floor":1,"key":"Dexterity Potion"},{"floor":3,"key":"Poison Potion"},{"floor":6,"key":"Explosive Potion"}],"is_trial":false,"path_per_floor":["M","M","M","?","?","E","R","M","T","M","?","?","E","$","R","B"],"character_chosen":"DEFECT","items_purchased":["Coolheaded"],"campfire_rested":0,"item_purchase_floors":[14],"current_hp_per_floor":[74,66,63,68,61,24,24,14,14,14,14,35,10,10,10,0],"gold":208,"neow_bonus":"TEN_PERCENT_HP_BONUS","is_prod":false,"is_daily":false,"chose_seed":false,"campfire_upgraded":2,"win_rate":0,"timestamp":1557365208,"path_taken":["M","M","M","?","?","E","R","M","T","M","?","?","E","$","R","BOSS"],"build_version":"2019-01-23","purchased_purges":1,"victory":false,"max_hp_per_floor":[82,82,82,87,87,87,87,87,87,87,87,87,87,87,87,87],"card_choices":[{"not_picked":["Beam Cell","Double Energy"],"picked":"Genetic Algorithm","floor":1},{"not_picked":["Sweeping Beam","Redo"],"picked":"Beam Cell","floor":2},{"not_picked":["Aggregate","Double Energy"],"picked":"Cold Snap","floor":3},{"not_picked":["Beam Cell","Lockon","FTL"],"picked":"SKIP","floor":6},{"not_picked":["White Noise","Streamline"],"picked":"Steam","floor":8},{"not_picked":["Auto Shields","Steam"],"picked":"Seek","floor":10},{"not_picked":["Loop","Steam"],"picked":"Leap","floor":11},{"not_picked":["Redo","Beam Cell"],"picked":"Steam Power","floor":13}],"player_experience":154280,"relics_obtained":[{"floor":6,"key":"Lantern"},{"floor":9,"key":"Smiling Mask"},{"floor":11,"key":"Omamori"},{"floor":13,"key":"Happy Flower"}],"event_choices":[{"damage_healed":0,"gold_gain":0,"player_choice":"Donut","damage_taken":0,"max_hp_gain":5,"max_hp_loss":0,"event_name":"Big Fish","floor":4,"gold_loss":0},{"damage_healed":0,"gold_gain":0,"player_choice":"Success","damage_taken":7,"relics_obtained":["Tiny Chest"],"max_hp_gain":0,"max_hp_loss":0,"event_name":"Scrap Ooze","floor":5,"gold_loss":0},{"damage_healed":0,"gold_gain":0,"player_choice":"Searched \u00272\u0027 times","damage_taken":0,"max_hp_gain":0,"max_hp_loss":0,"event_name":"Dead Adventurer","floor":11,"gold_loss":0},{"damage_healed":21,"gold_gain":0,"player_choice":"Healed","damage_taken":0,"max_hp_gain":0,"max_hp_loss":0,"event_name":"The Cleric","floor":12,"gold_loss":35}],"is_beta":false,"boss_relics":[],"items_purged_floors":[14],"is_endless":false,"potions_floor_spawned":[1,3,6],"killed_by":"The Guardian","ascension_level":2}