{"gold_per_floor":[19,29,29,40,40,40,69,69,69,80,93,93,104,436,436,534,534,545,545,560,296,313,313,348,362,385,385,400,400],"floor_reached":29,"playtime":2067,"items_purged":["Shame"],"score":332,"play_id":"50f2260a-45f9-4849-a3d9-36b790da4463","local_time":"20190428183937","is_ascension_mode":false,"campfire_choices":[{"data":"Lockon","floor":6,"key":"SMITH"},{"data":"Chill","floor":8,"key":"SMITH"},{"data":"Zap","floor":15,"key":"SMITH"},{"data":"Blizzard","floor":23,"key":"SMITH"},{"data":"All For One","floor":27,"key":"SMITH"}],"neow_cost":"NO_GOLD","seed_source_timestamp":879212092635100,"circlet_count":0,"master_deck":["Strike_B","Strike_B","Strike_B","Strike_B","Defend_B","Defend_B+1","Defend_B+1","Defend_B","Zap+1","Dualcast+1","Lockon+1","Leap","Beam Cell","Chill+1","Steam Power+1","Streamline+1","Hologram+1","Leap+1","All For One+1","Decay","Clumsy","Blizzard+1","Amplify+1","Steam+1"],"relics":["Cracked Core","Torii","Du-Vu Doll","Toxic Egg 2","Old Coin","Calling Bell","Bag of Marbles","Sundial","Ginger","MutagenicStrength","Oddly Smooth Stone","WingedGreaves","War Paint"],"potions_floor_usage":[7,14,22,22,24,24,24,24,25],"damage_taken":[{"damage":0,"enemies":"Jaw Worm","floor":1,"turns":3},{"damage":0,"enemies":"Cultist","floor":2,"turns":4},{"damage":0,"enemies":"2 Louse","floor":4,"turns":2},{"damage":2,"enemies":"3 Sentries","floor":7,"turns":9},{"damage":0,"enemies":"2 Fungi Beasts","floor":10,"turns":3},{"damage":1,"enemies":"Blue Slaver","floor":11,"turns":2},{"damage":0,"enemies":"Gremlin Gang","floor":13,"turns":6},{"damage":0,"enemies":"Gremlin Nob","floor":14,"turns":3},{"damage":0,"enemies":"Slime Boss","floor":16,"turns":5},{"damage":0,"enemies":"Spheric Guardian","floor":18,"turns":3},{"damage":0,"enemies":"Shell Parasite","floor":20,"turns":3},{"damage":8,"enemies":"Chosen and Byrds","floor":22,"turns":4},{"damage":1,"enemies":"Book of Stabbing","floor":24,"turns":5},{"damage":18,"enemies":"Centurion and Healer","floor":25,"turns":7},{"damage":27,"enemies":"Snake Plant","floor":28,"turns":3},{"damage":37,"enemies":"Gremlin Leader","floor":29,"turns":4}],"seed_played":"-6947463524093030026","potions_obtained":[{"floor":2,"key":"FocusPotion"},{"floor":3,"key":"EntropicBrew"},{"floor":4,"key":"EssenceOfSteel"},{"floor":10,"key":"Ancient Potion"},{"floor":14,"key":"SkillPotion"},{"floor":16,"key":"AttackPotion"},{"floor":22,"key":"Block Potion"},{"floor":24,"key":"Fruit Juice"}],"is_trial":false,"path_per_floor":["M","M","?","M","$","R","E","R","T","M","M","?","M","E","R","B",null,"M","?","M","$","M","R","E","M","T","R","M","E"],"character_chosen":"DEFECT","items_purchased":["Blizzard","Oddly Smooth Stone"],"campfire_rested":0,"item_purchase_floors":[21,21],"current_hp_per_floor":[75,75,75,75,75,75,73,73,73,73,72,57,57,57,57,57,75,75,75,75,75,67,67,66,53,53,53,26,0],"gold":400,"neow_bonus":"ONE_RARE_RELIC","is_prod":false,"is_daily":false,"chose_seed":false,"campfire_upgraded":5,"win_rate":0.0,"timestamp":1556494777,"path_taken":["M","M","?","?","$","R","E","R","T","M","M","?","M","E","R","BOSS","M","?","M","$","M","R","E","M","T","R","M","E"],"build_version":"2019-01-23","purchased_purges":1,"victory":false,"max_hp_per_floor":[75,75,75,75,75,75,75,75,75,75,75,75,75,75,75,75,75,75,75,75,75,75,75,75,80,80,80,80,80],"card_choices":[{"not_picked":["Sweeping Beam","Rebound"],"picked":"Lockon","floor":1},{"not_picked":["Darkness","Rebound"],"picked":"Leap","floor":2},{"not_picked":["Hologram","Consume"],"picked":"Beam Cell","floor":4},{"not_picked":["Scrape","Cold Snap"],"picked":"Chill","floor":7},{"not_picked":["Beam Cell","Aggregate+1"],"picked":"Steam Power+1","floor":10},{"not_picked":["Rebound","Storm"],"picked":"Streamline","floor":11},{"not_picked":["Self Repair","Gash"],"picked":"Hologram+1","floor":13},{"not_picked":["Barrage","Defragment"],"picked":"Leap+1","floor":14},{"not_picked":["Thunder Strike","Machine Learning"],"picked":"All For One","floor":16},{"not_picked":["Conserve Battery+1","Go for the Eyes","Cold Snap"],"picked":"SKIP","floor":18},{"not_picked":["Streamline","Conserve Battery+1","Glacier+1"],"picked":"SKIP","floor":20},{"not_picked":["Streamline+1","Melter"],"picked":"Amplify+1","floor":22},{"not_picked":["Hologram+1","Creative AI"],"picked":"Steam+1","floor":24},{"not_picked":["Compile Driver+1","Steam+1","Fusion+1"],"picked":"SKIP","floor":25},{"not_picked":["Barrage+1","Rebound+1","Beam Cell"],"picked":"SKIP","floor":28}],"player_experience":35759,"relics_obtained":[{"floor":7,"key":"Du-Vu Doll"},{"floor":9,"key":"Toxic Egg 2"},{"floor":14,"key":"Old Coin"},{"floor":17,"key":"Bag of Marbles"},{"floor":17,"key":"Sundial"},{"floor":17,"key":"Ginger"},{"floor":24,"key":"WingedGreaves"},{"floor":26,"key":"War Paint"}],"event_choices":[{"damage_healed":0,"gold_gain":0,"player_choice":"Got Potions","damage_taken":0,"max_hp_gain":0,"max_hp_loss":0,"event_name":"Lab","floor":3,"gold_loss":0},{"damage_healed":0,"gold_gain":0,"player_choice":"Entered Light","damage_taken":15,"max_hp_gain":0,"max_hp_loss":0,"event_name":"Shining Light","floor":12,"gold_loss":0,"cards_upgraded":["Streamline","Dualcast"]},{"damage_healed":0,"gold_gain":0,"player_choice":"Inject Mutagens","damage_taken":0,"relics_obtained":["MutagenicStrength"],"max_hp_gain":0,"max_hp_loss":0,"event_name":"Drug Dealer","floor":19,"gold_loss":0}],"is_beta":false,"boss_relics":[{"not_picked":["Tiny House","Coffee Dripper"],"picked":"Calling Bell"}],"items_purged_floors":[21],"is_endless":false,"potions_floor_spawned":[2,4,10,14,16,22,24],"killed_by":"Gremlin Leader","ascension_level":0}