{"gold_per_floor":[214,228,228,72,72,72,103,103,127,141,141,162,176,217,217,348,348,362,385,405,405,421,440,440,471,471,471,505,505,275,291,291,414,414,429,10,34,49,271,271,271,302,302,323,323,348,364,26,26,51,51,51,16,52,52],"floor_reached":56,"playtime":3492,"items_purged":["Strike_B","Strike_B","Strike_B"],"score":1524,"play_id":"d1c12a3f-b9da-430d-99eb-cab6912c00e5","local_time":"20190524134125","is_ascension_mode":true,"campfire_choices":[{"data":"Zap","floor":6.0,"key":"SMITH"},{"floor":11.0,"key":"REST"},{"data":"Leap","floor":15.0,"key":"SMITH"},{"floor":24.0,"key":"REST"},{"floor":27.0,"key":"REST"},{"floor":29.0,"key":"REST"},{"floor":32.0,"key":"REST"},{"floor":40,"key":"RECALL"},{"floor":45,"key":"REST"},{"floor":49,"key":"REST"},{"floor":52,"key":"REST"}],"neow_cost":"NONE","seed_source_timestamp":426315513737100,"circlet_count":0,"master_deck":["Strike_B+1","Defend_B","Defend_B","Defend_B","Defend_B+1","Zap+1","Dualcast","Cold Snap+1","Compile Driver","Ball Lightning","Buffer","Leap+1","Ball Lightning","Heatsinks","Steam","Machine Learning","Rebound","Conserve Battery+1","Go for the Eyes+1","Aggregate+1","Sunder+1","Storm+1","Loop","Capacitor","Creative AI","Self Repair","Compile Driver","Electrodynamics","Streamline+1","Heatsinks","Compile Driver+1","FTL+1","Apotheosis","Enlightenment","Magnetism","Coolheaded","Force Field+1","Stack","Reprogram","Mayhem","Go for the Eyes+1","Consume"],"special_seed":0,"relics":["Cracked Core","DataDisk","Golden Idol","Dream Catcher","Orichalcum","Mango","White Beast Statue","Bottled Flame","Cables","Red Mask","Oddly Smooth Stone","Fusion Hammer","Mummified Hand","Vajra","Torii"],"potions_floor_usage":[33,35,42,50,55,55,55],"damage_taken":[{"damage":0.0,"enemies":"Small Slimes","floor":1.0,"turns":3.0},{"damage":2.0,"enemies":"2 Louse","floor":2.0,"turns":2.0},{"damage":21.0,"enemies":"3 Sentries","floor":7.0,"turns":6.0},{"damage":2.0,"enemies":"Jaw Worm","floor":10.0,"turns":3.0},{"damage":1.0,"enemies":"Gremlin Gang","floor":12.0,"turns":4.0},{"damage":0.0,"enemies":"Lots of Slimes","floor":13.0,"turns":2.0},{"damage":7.0,"enemies":"Gremlin Nob","floor":14.0,"turns":4.0},{"damage":8.0,"enemies":"Hexaghost","floor":16.0,"turns":9.0},{"damage":15.0,"enemies":"Spheric Guardian","floor":18.0,"turns":4.0},{"damage":9.0,"enemies":"2 Thieves","floor":19.0,"turns":4.0},{"damage":19.0,"enemies":"Centurion and Healer","floor":20.0,"turns":3.0},{"damage":14.0,"enemies":"Snake Plant","floor":22.0,"turns":5.0},{"damage":9.0,"enemies":"Snecko","floor":23.0,"turns":4.0},{"damage":27.0,"enemies":"Book of Stabbing","floor":25.0,"turns":5.0},{"damage":8.0,"enemies":"Masked Bandits","floor":28.0,"turns":4.0},{"damage":6.0,"enemies":"Centurion and Healer","floor":31.0,"turns":6.0},{"damage":25,"enemies":"Champ","floor":33,"turns":10},{"damage":9,"enemies":"3 Darklings","floor":35,"turns":5},{"damage":3,"enemies":"Orb Walker","floor":37,"turns":2},{"damage":0,"enemies":"4 Shapes","floor":38,"turns":2},{"damage":0,"enemies":"Giant Head","floor":42,"turns":6},{"damage":24,"enemies":"Writhing Mass","floor":44,"turns":4},{"damage":0,"enemies":"Maw","floor":46,"turns":6},{"damage":0,"enemies":"Transient","floor":47,"turns":5},{"damage":39,"enemies":"Donu and Deca","floor":50,"turns":5},{"damage":0,"enemies":"Shield and Spear","floor":54,"turns":3},{"damage":80,"enemies":"The Heart","floor":55,"turns":8}],"seed_played":"2177559969109154699","potions_obtained":[{"floor":2.0,"key":"Strength Potion"},{"floor":10.0,"key":"Swift Potion"},{"floor":12.0,"key":"SpeedPotion"},{"floor":14.0,"key":"FearPotion"},{"floor":18.0,"key":"FearPotion"},{"floor":19.0,"key":"Strength Potion"},{"floor":20.0,"key":"Poison Potion"},{"floor":22.0,"key":"Swift Potion"},{"floor":23.0,"key":"GamblersBrew"},{"floor":25.0,"key":"SmokeBomb"},{"floor":28.0,"key":"SmokeBomb"},{"floor":31.0,"key":"LiquidBronze"},{"floor":33,"key":"Fire Potion"},{"floor":35,"key":"SpeedPotion"},{"floor":37,"key":"FocusPotion"},{"floor":38,"key":"Ancient Potion"},{"floor":42,"key":"LiquidBronze"},{"floor":44,"key":"Ancient Potion"},{"floor":54,"key":"SpeedPotion"}],"is_trial":false,"path_per_floor":["M","M","?","$","?","R","E","?","T","M","R","M","M","E","R","B",null,"M","M","M","?","M","M","R","E","T","R","?","R","$","M","R","B",null,"M","$","M","M","?","R","?","E","T","M","R","M","M","$","R","B",null,"R","$","E","B",null],"character_chosen":"DEFECT","items_purchased":["DataDisk","Oddly Smooth Stone","Mummified Hand","Heatsinks","Mayhem","PowerPotion","Consume"],"campfire_rested":8,"item_purchase_floors":[4,30,36,36,48,48,53],"current_hp_per_floor":[75,73,73,73,55,55,34,19,19,17,39,38,38,45,45,37,76,61,52,33,33,19,10,36,9,9,35,27,53,53,47,73,48,79,77,77,81,88,88,88,78,78,78,54,80,89,89,89,89,57,81,89,89,89,19],"gold":52,"neow_bonus":"HUNDRED_GOLD","is_prod":false,"is_daily":false,"chose_seed":false,"campfire_upgraded":2,"win_rate":0,"timestamp":1558723285,"path_taken":["M","M","?","$","?","R","E","?","T","M","R","M","M","E","R","BOSS","M","M","M","?","M","M","R","E","T","R","?","R","?","?","R","BOSS","M","$","?","M","?","R","?","E","T","M","R","M","M","?","R","BOSS","R","$","E","BOSS"],"build_version":"2019-01-23","purchased_purges":3,"victory":true,"max_hp_per_floor":[75,75,75,75,75,75,75,75,75,75,75,75,75,89,89,89,89,89,89,89,89,89,89,89,89,89,89,89,89,89,89,89,89,89,89,89,89,89,89,89,89,89,89,89,89,89,89,89,89,89,89,89,89,89,89],"card_choices":[{"not_picked":["Steam","Capacitor"],"picked":"Cold Snap","floor":1.0},{"not_picked":["Barrage","Gash"],"picked":"Compile Driver","floor":2.0},{"not_picked":["Double Energy","Conserve Battery"],"picked":"Ball Lightning","floor":7.0},{"not_picked":["Sunder","Steam Power"],"picked":"Buffer","floor":10.0},{"not_picked":["Redo","Reinforced Body"],"picked":"Leap","floor":11.0},{"not_picked":["Barrage","Compile Driver"],"picked":"Ball Lightning","floor":12.0},{"not_picked":["Ball Lightning","Rebound"],"picked":"Heatsinks","floor":13.0},{"not_picked":["Steam Power","Multi-Cast"],"picked":"Steam","floor":14.0},{"not_picked":["Reboot","Meteor Strike"],"picked":"Machine Learning","floor":16.0},{"not_picked":["Cold Snap","Recycle"],"picked":"Rebound","floor":18.0},{"not_picked":["Compile Driver","Beam Cell"],"picked":"Conserve Battery+1","floor":19.0},{"not_picked":["Compile Driver","Turbo+1"],"picked":"Go for the Eyes+1","floor":20.0},{"not_picked":["Blizzard","Cold Snap"],"picked":"Aggregate+1","floor":22.0},{"not_picked":["Force Field","Genetic Algorithm","Ball Lightning"],"picked":"SKIP","floor":23.0},{"not_picked":["Barrage","Leap"],"picked":"Sunder+1","floor":24.0},{"not_picked":["Capacitor+1","Ball Lightning"],"picked":"Storm+1","floor":25.0},{"not_picked":["Rebound","Turbo"],"picked":"Loop","floor":27.0},{"not_picked":["Ball Lightning","Barrage+1"],"picked":"Capacitor","floor":28.0},{"not_picked":["Gash","Go for the Eyes+1"],"picked":"Creative AI","floor":29.0},{"not_picked":["Heatsinks+1","Melter"],"picked":"Self Repair","floor":31.0},{"not_picked":["Auto Shields","Heatsinks"],"picked":"Compile Driver","floor":32.0},{"not_picked":["Seek","Fission"],"picked":"Electrodynamics","floor":33},{"not_picked":["Rebound+1","Compile Driver"],"picked":"Streamline+1","floor":35},{"not_picked":["Blizzard","Genetic Algorithm+1"],"picked":"Compile Driver+1","floor":37},{"not_picked":["Redo+1","Auto Shields+1"],"picked":"FTL+1","floor":38},{"not_picked":["Finesse","Swift Strike"],"picked":"Apotheosis","floor":41},{"not_picked":["Master of Strategy","Dark Shackles"],"picked":"Enlightenment","floor":41},{"not_picked":["Apotheosis","Panacea"],"picked":"Magnetism","floor":41},{"not_picked":["Leap","Aggregate"],"picked":"Coolheaded","floor":42},{"not_picked":["Barrage+1","Leap+1"],"picked":"Force Field+1","floor":44},{"not_picked":["Leap","Skim"],"picked":"Stack","floor":46},{"not_picked":["Cold Snap+1","Gash+1"],"picked":"Reprogram","floor":47},{"not_picked":["Aggregate","Double Energy+1"],"picked":"Go for the Eyes+1","floor":52},{"not_picked":["Cold Snap","Lockon","Steam+1"],"picked":"SKIP","floor":54}],"player_experience":228685,"relics_obtained":[{"floor":7.0,"key":"Dream Catcher"},{"floor":9.0,"key":"Orichalcum"},{"floor":14.0,"key":"Mango"},{"floor":25.0,"key":"Bottled Flame"},{"floor":26.0,"key":"Cables"},{"floor":28.0,"key":"Red Mask"},{"floor":42,"key":"Vajra"},{"floor":54,"key":"Torii"}],"event_choices":[{"damage_healed":0.0,"max_hp_gain":0.0,"max_hp_loss":0.0,"gold_gain":0.0,"event_name":"Living Wall","player_choice":"Grow","floor":3.0,"gold_loss":0.0,"damage_taken":0.0,"cards_upgraded":["Cold Snap"]},{"damage_healed":0.0,"max_hp_gain":0.0,"max_hp_loss":0.0,"gold_gain":0.0,"event_name":"Golden Idol","player_choice":"Take Damage","floor":5.0,"gold_loss":0.0,"damage_taken":18.0,"relics_obtained":["Golden Idol"]},{"damage_healed":0.0,"max_hp_gain":0.0,"max_hp_loss":0.0,"gold_gain":0.0,"event_name":"Shining Light","player_choice":"Entered Light","floor":8.0,"gold_loss":0.0,"damage_taken":15.0,"cards_upgraded":["Strike_B","Defend_B"]},{"damage_healed":0.0,"max_hp_gain":0.0,"max_hp_loss":0.0,"gold_gain":0.0,"event_name":"Ghosts","player_choice":"Ignored","floor":21.0,"gold_loss":0.0,"damage_taken":0.0},{"damage_healed":0.0,"max_hp_gain":0.0,"max_hp_loss":0.0,"gold_gain":0.0,"event_name":"Masked Bandits","player_choice":"Fought Bandits","floor":28.0,"gold_loss":0.0,"damage_taken":0.0},{"damage_healed":0,"gold_gain":222,"player_choice":"Wore Mask","damage_taken":0,"max_hp_gain":0,"max_hp_loss":0,"event_name":"Tomb of Lord Red Mask","floor":39,"gold_loss":0},{"damage_healed":0,"gold_gain":0,"player_choice":"Memory 3","damage_taken":10,"max_hp_gain":0,"max_hp_loss":0,"event_name":"SensoryStone","floor":41,"gold_loss":0}],"is_beta":false,"boss_relics":[{"not_picked":["Runic Pyramid","Orrery"],"picked":"White Beast Statue"},{"not_picked":["Black Star","FrozenCore"],"picked":"Fusion Hammer"}],"items_purged_floors":[30,36,48],"is_endless":false,"potions_floor_spawned":[2,10,12,14,18,19,20,22,23,25,28,31,33,35,37,38,42,44,46,47,54],"ascension_level":5}