{"gold_per_floor":[111,111,24,35,0,0,29,29,54,82,97,97,97,112,112,189,189,208,32,32,48,48,48,61,61,87,87],"floor_reached":27,"playtime":1109,"items_purged":[],"score":416,"play_id":"7c96f8b6-2229-4370-b143-04d21ec163f3","local_time":"20190206045107","is_ascension_mode":true,"campfire_choices":[{"data":"Dualcast","floor":6,"key":"SMITH"},{"floor":8,"key":"REST"},{"data":"Capacitor","floor":13,"key":"SMITH"},{"floor":15,"key":"REST"},{"floor":23,"key":"REST"},{"floor":25,"key":"REST"}],"neow_cost":"NONE","seed_source_timestamp":41241381500182,"circlet_count":0,"master_deck":["AscendersBane","Defend_B","Defend_B","Defend_B","Defend_B","Zap+1","Dualcast+1","BootSequence","Capacitor+1","Ball Lightning","White Noise","Cold Snap","Coolheaded","Thunder Strike","Machine Learning+1","Ball Lightning","Echo Form","Writhe","BootSequence","Coolheaded"],"relics":["Cracked Core","PreservedInsect","Bronze Scales","Pocketwatch","Astrolabe","Kunai","Potion Belt"],"potions_floor_usage":[7,14,24,27],"damage_taken":[{"damage":14,"enemies":"Small Slimes","floor":1,"turns":3},{"damage":2,"enemies":"Jaw Worm","floor":4,"turns":4},{"damage":29,"enemies":"Lagavulin","floor":7,"turns":7},{"damage":30,"enemies":"3 Sentries","floor":10,"turns":5},{"damage":0,"enemies":"2 Louse","floor":11,"turns":2},{"damage":4,"enemies":"Exordium Wildlife","floor":14,"turns":3},{"damage":37,"enemies":"Hexaghost","floor":16,"turns":8},{"damage":4,"enemies":"3 Byrds","floor":18,"turns":3},{"damage":27,"enemies":"Spheric Guardian","floor":21,"turns":4},{"damage":25,"enemies":"Centurion and Healer","floor":24,"turns":6},{"damage":69,"enemies":"Slavers","floor":27,"turns":4}],"seed_played":"-2525967547278044935","potions_obtained":[{"floor":1,"key":"Energy Potion"},{"floor":4,"key":"Fire Potion"},{"floor":11,"key":"AttackPotion"},{"floor":21,"key":"Regen Potion"}],"is_trial":false,"path_per_floor":["M","?","$","M","?","R","E","R","T","E","M","?","R","M","R","B",null,"M","$","?","M","?","R","M","R","T","E"],"character_chosen":"DEFECT","items_purchased":["Capacitor","Echo Form"],"campfire_rested":4,"item_purchase_floors":[3,19],"current_hp_per_floor":[50,43,43,41,58,58,29,50,50,20,20,43,43,39,60,23,59,55,55,55,28,28,49,24,45,45,0],"gold":87,"neow_bonus":"UPGRADE_CARD","is_prod":false,"is_daily":false,"chose_seed":false,"campfire_upgraded":2,"win_rate":0,"timestamp":1549417867,"path_taken":["M","?","$","M","?","R","E","R","T","E","M","?","R","M","R","BOSS","M","$","?","M","?","R","M","R","T","E"],"build_version":"2019-01-23","purchased_purges":0,"victory":false,"max_hp_per_floor":[71,71,71,71,71,71,71,71,71,71,71,71,71,71,71,71,71,71,71,71,71,71,71,71,71,71,71],"card_choices":[{"not_picked":["Melter","Steam"],"picked":"BootSequence","floor":1},{"not_picked":["Skim","Redo","Rip and Tear"],"picked":"SKIP","floor":4},{"not_picked":["Consume","Recycle"],"picked":"Ball Lightning","floor":7},{"not_picked":["Conserve Battery","Streamline"],"picked":"White Noise","floor":10},{"not_picked":["Steam","Rip and Tear"],"picked":"Cold Snap","floor":11},{"not_picked":["Gash","Rip and Tear"],"picked":"Coolheaded","floor":14},{"not_picked":["All For One","Seek"],"picked":"Thunder Strike","floor":16},{"not_picked":["Stack","Hologram"],"picked":"Ball Lightning","floor":18},{"not_picked":["Hologram","Steam","Gash+1"],"picked":"SKIP","floor":21},{"not_picked":["Gash","FTL","Sunder"],"picked":"SKIP","floor":24}],"player_experience":926441,"relics_obtained":[{"floor":7,"key":"PreservedInsect"},{"floor":9,"key":"Bronze Scales"},{"floor":10,"key":"Pocketwatch"},{"floor":26,"key":"Potion Belt"}],"event_choices":[{"cards_removed":["Strike_B"],"damage_healed":0,"gold_gain":0,"player_choice":"Card Removal","damage_taken":7,"max_hp_gain":0,"max_hp_loss":0,"event_name":"Golden Wing","floor":2,"gold_loss":0},{"damage_healed":17,"gold_gain":0,"player_choice":"Healed","damage_taken":0,"max_hp_gain":0,"max_hp_loss":0,"event_name":"The Cleric","floor":5,"gold_loss":35},{"damage_healed":23,"gold_gain":0,"player_choice":"Banana","damage_taken":0,"max_hp_gain":0,"max_hp_loss":0,"event_name":"Big Fish","floor":12,"gold_loss":0},{"damage_healed":0,"gold_gain":0,"player_choice":"Opened","damage_taken":0,"relics_obtained":["Kunai"],"max_hp_gain":0,"max_hp_loss":0,"event_name":"The Mausoleum","floor":20,"gold_loss":0,"cards_obtained":["Writhe"]},{"damage_healed":0,"gold_gain":0,"cards_transformed":["Reprogram","Stack"],"player_choice":"Became Test Subject","damage_taken":0,"max_hp_gain":0,"max_hp_loss":0,"event_name":"Drug Dealer","floor":22,"gold_loss":0,"cards_obtained":["BootSequence","Coolheaded"]}],"is_beta":false,"boss_relics":[{"not_picked":["Cursed Key","Eternal Feather"],"picked":"Astrolabe"}],"items_purged_floors":[],"is_endless":false,"potions_floor_spawned":[1,4,11,21],"killed_by":"Slavers","ascension_level":18}