{"gold_per_floor":[111,130,130,150,150,150,167,92,92,110,110,125,125,140,140,140],"floor_reached":16,"playtime":819,"items_purged":["Regret"],"score":183,"play_id":"a4630a17-edb9-4801-bb4e-91e8ab0ee530","local_time":"20190225055556","is_ascension_mode":true,"campfire_choices":[{"floor":6,"key":"REST"},{"floor":11,"key":"REST"},{"floor":15,"key":"REST"}],"neow_cost":"TEN_PERCENT_HP_LOSS","seed_source_timestamp":122450061436646,"circlet_count":0,"master_deck":["AscendersBane","Defend_G","Defend_G","Defend_G","Defend_G","Defend_G","Strike_G","Strike_G","Strike_G","Survivor","Neutralize","Dagger Throw","Backflip","Noxious Fumes"],"relics":["Ring of the Snake","Singing Bowl","Gambling Chip","Turnip"],"potions_floor_usage":[16,16],"damage_taken":[{"damage":7,"enemies":"Jaw Worm","floor":1,"turns":6},{"damage":4,"enemies":"Small Slimes","floor":2,"turns":5},{"damage":14,"enemies":"Cultist","floor":4,"turns":4},{"damage":23,"enemies":"Exordium Thugs","floor":7,"turns":6},{"damage":3,"enemies":"3 Louse","floor":10,"turns":5},{"damage":1,"enemies":"2 Fungi Beasts","floor":12,"turns":3},{"damage":15,"enemies":"Lots of Slimes","floor":14,"turns":6},{"damage":53,"enemies":"Hexaghost","floor":16,"turns":11}],"seed_played":"-3847340866696023572","potions_obtained":[{"floor":2,"key":"SteroidPotion"},{"floor":7,"key":"Poison Potion"}],"is_trial":false,"path_per_floor":["M","M","?","M","?","R","M","$","T","M","R","M","?","M","R","B"],"character_chosen":"THE_SILENT","items_purchased":[],"campfire_rested":3,"item_purchase_floors":[],"current_hp_per_floor":[52,48,48,36,31,49,28,28,28,27,46,47,47,32,52,0],"gold":140,"neow_bonus":"REMOVE_TWO","is_prod":false,"is_daily":false,"chose_seed":false,"campfire_upgraded":0,"win_rate":0,"timestamp":1551063356,"path_taken":["M","M","?","M","?","R","M","$","T","M","R","M","?","M","R","BOSS"],"build_version":"2019-01-23","purchased_purges":1,"victory":false,"max_hp_per_floor":[60,60,60,62,62,62,64,64,64,66,66,68,68,68,68,68],"card_choices":[{"not_picked":["PiercingWail","Poisoned Stab"],"picked":"Dagger Throw","floor":1},{"not_picked":["Deflect","Quick Slash"],"picked":"Backflip","floor":2},{"not_picked":["Unload","Dagger Spray","Masterful Stab"],"picked":"Singing Bowl","floor":4},{"not_picked":["Deadly Poison","Slice","Quick Slash"],"picked":"Singing Bowl","floor":7},{"not_picked":["Accuracy","Bane","Sucker Punch"],"picked":"Singing Bowl","floor":10},{"not_picked":["Sucker Punch","Poisoned Stab","Predator"],"picked":"Singing Bowl","floor":12},{"not_picked":["Deadly Poison","Leg Sweep"],"picked":"Noxious Fumes","floor":14}],"player_experience":994991,"relics_obtained":[{"floor":9,"key":"Turnip"}],"event_choices":[{"damage_healed":0,"gold_gain":0,"player_choice":"Box","damage_taken":0,"relics_obtained":["Singing Bowl"],"max_hp_gain":0,"max_hp_loss":0,"event_name":"Big Fish","floor":3,"gold_loss":0,"cards_obtained":["Regret"]},{"damage_healed":0,"gold_gain":0,"player_choice":"Success","damage_taken":5,"relics_obtained":["Gambling Chip"],"max_hp_gain":0,"max_hp_loss":0,"event_name":"Scrap Ooze","floor":5,"gold_loss":0},{"damage_healed":0,"gold_gain":0,"player_choice":"0 cards matched","damage_taken":0,"max_hp_gain":0,"max_hp_loss":0,"event_name":"Match and Keep!","floor":13,"gold_loss":0,"cards_obtained":[]}],"is_beta":false,"boss_relics":[],"items_purged_floors":[8],"is_endless":false,"potions_floor_spawned":[2,7,10,14],"killed_by":"Hexaghost","ascension_level":19}