{"gold_per_floor":[109,23,36,55,75,107,107,133,133,166,166,91,150,150,150,253,253,266,278,28,42,42,76,76,106,130,157,157,174,174,185,185,280,280,300,300,313,329,72,72,107,124,124,141,141,155,155,174,174,174],"floor_reached":51,"playtime":4699,"items_purged":["Strike_G","Defend_G"],"score":833,"play_id":"2adf5577-a8e7-4f90-8f8d-69a91bbc65fd","local_time":"20190609172245","is_ascension_mode":true,"campfire_choices":[{"floor":7.0,"key":"REST"},{"data":"Neutralize","floor":15.0,"key":"SMITH"},{"data":"A Thousand Cuts","floor":24.0,"key":"SMITH"},{"floor":30.0,"key":"REST"},{"data":"Night Terror","floor":32.0,"key":"SMITH"},{"data":"Catalyst","floor":40,"key":"SMITH"},{"floor":49,"key":"REST"}],"neow_cost":"NONE","seed_source_timestamp":0,"circlet_count":0,"master_deck":["Defend_G","Defend_G","Defend_G","Defend_G","Strike_G","Strike_G","Strike_G","Survivor","Neutralize+1","A Thousand Cuts+1","Footwork","Well Laid Plans","Deflect","Footwork","Dagger Throw","Noxious Fumes","Dash","Night Terror+1","Bouncing Flask+1","Blur","Poisoned Stab+1","Backflip","Sucker Punch+1","Adrenaline","Leg Sweep","Catalyst+1","Parasite","Dash+1","Acrobatics+1","Dodge and Roll","Predator+1","Noxious Fumes+1","Bandage Up"],"special_seed":0,"relics":["Ring of the Snake","Bag of Preparation","Ornamental Fan","Sundial","Pen Nib","Ancient Tea Set","Velvet Choker","Vajra","Mummified Hand","Question Card","Gambling Chip","Lizard Tail","Molten Egg 2","Shuriken","Ginger","Pantograph"],"potions_floor_usage":[50,50,50],"damage_taken":[{"damage":1.0,"enemies":"Cultist","floor":1.0,"turns":3.0},{"damage":0.0,"enemies":"2 Louse","floor":3.0,"turns":3.0},{"damage":0.0,"enemies":"Jaw Worm","floor":4.0,"turns":4.0},{"damage":4.0,"enemies":"Blue Slaver","floor":5.0,"turns":6.0},{"damage":37.0,"enemies":"Gremlin Nob","floor":6.0,"turns":7.0},{"damage":0.0,"enemies":"Lagavulin","floor":8.0,"turns":9.0},{"damage":20.0,"enemies":"3 Sentries","floor":10.0,"turns":7.0},{"damage":7.0,"enemies":"Lagavulin Event","floor":13.0,"turns":7.0},{"damage":6.0,"enemies":"The Guardian","floor":16.0,"turns":11.0},{"damage":2.0,"enemies":"Spheric Guardian","floor":18.0,"turns":5.0},{"damage":16.0,"enemies":"2 Thieves","floor":19.0,"turns":5.0},{"damage":3.0,"enemies":"Chosen and Byrds","floor":21.0,"turns":5.0},{"damage":9.0,"enemies":"Gremlin Leader","floor":23.0,"turns":6.0},{"damage":9.0,"enemies":"Slavers","floor":25.0,"turns":5.0},{"damage":7.0,"enemies":"Book of Stabbing","floor":27.0,"turns":5.0},{"damage":2.0,"enemies":"Sentry and Sphere","floor":29.0,"turns":3.0},{"damage":0.0,"enemies":"Cultist and Chosen","floor":31.0,"turns":4.0},{"damage":8.0,"enemies":"Automaton","floor":33.0,"turns":9.0},{"damage":0.0,"enemies":"Orb Walker","floor":35.0,"turns":2.0},{"damage":4.0,"enemies":"3 Shapes","floor":37.0,"turns":6.0},{"damage":23,"enemies":"Writhing Mass","floor":38,"turns":5},{"damage":31,"enemies":"Nemesis","floor":41,"turns":3},{"damage":4,"enemies":"Jaw Worm Horde","floor":42,"turns":4},{"damage":0,"enemies":"4 Shapes","floor":44,"turns":6},{"damage":0,"enemies":"Writhing Mass","floor":46,"turns":4},{"damage":1,"enemies":"3 Darklings","floor":48,"turns":5},{"damage":66,"enemies":"Time Eater","floor":50,"turns":10}],"seed_played":"8886912528429252783","potions_obtained":[{"floor":6.0,"key":"GhostInAJar"},{"floor":13.0,"key":"Explosive Potion"},{"floor":16.0,"key":"Poison Potion"},{"floor":27.0,"key":"LiquidBronze"},{"floor":35.0,"key":"FearPotion"},{"floor":46,"key":"SteroidPotion"}],"is_trial":false,"path_per_floor":["M","$","M","M","M","E","R","E","T","E","?","$","?","?","R","B",null,"M","M","$","M","$","E","R","E","T","E","?","M","R","M","R","B",null,"M","?","M","M","$","R","E","M","T","M","?","M","?","M","R","B",null],"character_chosen":"THE_SILENT","items_purchased":["Well Laid Plans","Fire Potion","Vajra","Shuriken"],"campfire_rested":3,"item_purchase_floors":[2,2,20,39],"current_hp_per_floor":[69,69,69,69,65,28,49,49,49,29,29,29,22,22,22,16,70,68,52,52,49,49,40,40,31,31,24,24,22,43,43,43,35,70,70,70,66,43,43,43,12,8,8,8,8,8,8,11,32,32],"gold":174,"neow_bonus":"ONE_RANDOM_RARE_CARD","is_prod":false,"is_daily":false,"chose_seed":false,"campfire_upgraded":4,"win_rate":1,"timestamp":1560115365,"path_taken":["M","$","?","M","M","E","R","E","T","E","?","?","?","?","R","BOSS","M","M","$","M","?","E","R","E","T","E","?","M","R","M","R","BOSS","M","?","M","M","$","R","E","?","T","M","?","M","?","M","R","BOSS"],"build_version":"2019-01-23","purchased_purges":2,"victory":true,"max_hp_per_floor":[70,70,70,70,70,70,70,70,70,70,70,70,70,70,70,70,70,70,70,70,70,70,70,70,70,70,70,70,70,70,70,70,70,70,70,70,70,70,70,70,70,70,70,70,70,70,70,70,70,70],"card_choices":[{"not_picked":["Flying Knee","Bane"],"picked":"Footwork","floor":1.0},{"not_picked":["Bane","Prepared"],"picked":"Deflect","floor":3.0},{"not_picked":["Skewer","Cloak And Dagger"],"picked":"Footwork","floor":4.0},{"not_picked":["Prepared","Quick Slash"],"picked":"Dagger Throw","floor":5.0},{"not_picked":["Blade Dance","Sucker Punch"],"picked":"Noxious Fumes","floor":6.0},{"not_picked":["Dagger Spray","Acrobatics"],"picked":"Dash","floor":8.0},{"not_picked":["Skewer","Deflect"],"picked":"Glass Knife","floor":10.0},{"not_picked":["Glass Knife","A Thousand Cuts"],"picked":"Night Terror","floor":16.0},{"not_picked":["Calculated Gamble","Dagger Spray","Underhanded Strike"],"picked":"SKIP","floor":18.0},{"not_picked":["Sucker Punch","Underhanded Strike"],"picked":"Bouncing Flask+1","floor":19.0},{"not_picked":["Leg Sweep","Poisoned Stab"],"picked":"Blur","floor":21.0},{"not_picked":["Tactician","Prepared+1"],"picked":"Poisoned Stab+1","floor":23.0},{"not_picked":["Well Laid Plans+1","Bouncing Flask"],"picked":"Backflip","floor":25.0},{"not_picked":["Quick Slash","Flechettes","Caltrops","Dash"],"picked":"SKIP","floor":27.0},{"not_picked":["Tactician","Dagger Spray","PiercingWail","Choke"],"picked":"SKIP","floor":29.0},{"not_picked":["Tactician","Dagger Spray","PiercingWail","Choke"],"picked":"SKIP","floor":29.0},{"not_picked":["Acrobatics","Blur","Distraction"],"picked":"Sucker Punch+1","floor":31.0},{"not_picked":["Die Die Die","Glass Knife","Doppelganger"],"picked":"Adrenaline","floor":33.0},{"not_picked":["Quick Slash","Terror+1","Outmaneuver"],"picked":"Leg Sweep","floor":35.0},{"not_picked":["Poisoned Stab+1","Blade Dance","Backflip"],"picked":"Catalyst","floor":37.0},{"not_picked":["Underhanded Strike+1","PiercingWail+1","Choke+1"],"picked":"Dash+1","floor":38},{"not_picked":["Envenom","Eviscerate+1","Quick Slash+1"],"picked":"Acrobatics+1","floor":41},{"not_picked":["Deflect","Backflip","PiercingWail"],"picked":"Dodge and Roll","floor":42},{"not_picked":["Dagger Throw+1","Finisher+1","Flying Knee+1"],"picked":"Predator+1","floor":44},{"not_picked":["Dagger Spray+1","Choke+1","Predator+1"],"picked":"Noxious Fumes+1","floor":46},{"not_picked":["Transmutation","PanicButton","Impatience"],"picked":"Bandage Up","floor":47},{"not_picked":["Flying Knee+1","Poisoned Stab+1","Caltrops","Predator+1"],"picked":"SKIP","floor":48}],"player_experience":22990,"relics_obtained":[{"floor":6.0,"key":"Bag of Preparation"},{"floor":8.0,"key":"Ornamental Fan"},{"floor":9.0,"key":"Sundial"},{"floor":10.0,"key":"Pen Nib"},{"floor":13.0,"key":"Ancient Tea Set"},{"floor":23.0,"key":"Mummified Hand"},{"floor":25.0,"key":"Question Card"},{"floor":27.0,"key":"Gambling Chip"},{"floor":41,"key":"Ginger"},{"floor":43,"key":"Pantograph"}],"event_choices":[{"damage_healed":0.0,"max_hp_gain":0.0,"max_hp_loss":0.0,"gold_gain":0.0,"event_name":"Shining Light","player_choice":"Ignored","floor":11.0,"gold_loss":0.0,"damage_taken":0.0},{"damage_healed":0.0,"max_hp_gain":0.0,"max_hp_loss":0.0,"gold_gain":30.0,"event_name":"Dead Adventurer","player_choice":"Searched \u00272\u0027 times","floor":13.0,"gold_loss":0.0,"damage_taken":0.0},{"cards_removed":["Strike_G"],"damage_healed":0.0,"max_hp_gain":0.0,"max_hp_loss":0.0,"gold_gain":0.0,"event_name":"Bonfire Elementals","player_choice":"Offered Basic","floor":14.0,"gold_loss":0.0,"damage_taken":0.0},{"damage_healed":0.0,"max_hp_gain":0.0,"max_hp_loss":0.0,"gold_gain":0.0,"event_name":"Ghosts","player_choice":"Ignored","floor":28.0,"gold_loss":0.0,"damage_taken":0.0},{"cards_removed":["Glass Knife"],"damage_healed":0.0,"max_hp_gain":0.0,"max_hp_loss":0.0,"gold_gain":0.0,"event_name":"WeMeetAgain","player_choice":"Gave Card","floor":36.0,"gold_loss":0.0,"damage_taken":0.0,"relics_obtained":["Molten Egg 2"]},{"damage_healed":0,"gold_gain":0,"player_choice":"Ignored","damage_taken":0,"max_hp_gain":0,"max_hp_loss":0,"event_name":"Mysterious Sphere","floor":45,"gold_loss":0},{"damage_healed":0,"gold_gain":0,"player_choice":"Memory 1","damage_taken":0,"max_hp_gain":0,"max_hp_loss":0,"event_name":"SensoryStone","floor":47,"gold_loss":0}],"is_beta":false,"boss_relics":[{"not_picked":["Orrery","Ring of the Serpent"],"picked":"Velvet Choker"},{"not_picked":["Fusion Hammer","Runic Dome"],"picked":"Lizard Tail"}],"items_purged_floors":[12,20],"is_endless":false,"potions_floor_spawned":[6,13,16,21,27,29,31,35,41,42,46],"ascension_level":2}