{"gold_per_floor":[111,14,14,28,44,76,87,120,120,120,87,101,101,115,115,213,213,230,241,253,265,275,305,317,6,6,21,52,65,65,94,94,191,191,207,42,60,72,86,111,111,136,159,159,159,178,178,0,0,0,0,0,0,25,25],"floor_reached":56,"playtime":6503,"items_purged":["Strike_G","Strike_G","Pain"],"score":1501,"play_id":"507c7be2-9467-4de4-86e6-2bc038da6093","local_time":"20190608222024","is_ascension_mode":true,"campfire_choices":[{"floor":13.0,"key":"REST"},{"floor":15.0,"key":"REST"},{"floor":24.0,"key":"REST"},{"floor":30.0,"key":"REST"},{"floor":32.0,"key":"REST"},{"data":"Envenom","floor":41,"key":"SMITH"},{"floor":44,"key":"REST"},{"floor":49,"key":"RECALL"},{"data":"Footwork","floor":52,"key":"SMITH"}],"neow_cost":"NONE","seed_source_timestamp":1750098084275900,"circlet_count":0,"master_deck":["Defend_G","Defend_G","Defend_G","Defend_G","Defend_G","Strike_G","Survivor","Neutralize","Blur","Deflect","Escape Plan","Riddle With Holes","Deflect","Blade Dance","Crippling Poison","Infinite Blades","Noxious Fumes","Sucker Punch","Acrobatics","Envenom+1","Dodge and Roll+1","Leg Sweep","Cloak And Dagger","Backstab","Concentrate","Well Laid Plans","Bouncing Flask+1","Adrenaline","Footwork+1","Backflip+1"],"special_seed":0,"relics":["Ring of the Serpent","NeowsBlessing","WarpedTongs","Paper Crane","Bottled Lightning","Shuriken","MawBank","Snake Skull","Singing Bowl","Gambling Chip","Bag of Preparation","Busted Crown","Potion Belt","Vajra","Red Mask","Turnip"],"potions_floor_usage":[55,55,55],"damage_taken":[{"damage":0.0,"enemies":"Jaw Worm","floor":1.0,"turns":1.0},{"damage":1.0,"enemies":"Cultist","floor":4.0,"turns":1.0},{"damage":2.0,"enemies":"Small Slimes","floor":5.0,"turns":1.0},{"damage":12.0,"enemies":"3 Sentries","floor":6.0,"turns":13.0},{"damage":2.0,"enemies":"Blue Slaver","floor":7.0,"turns":5.0},{"damage":23.0,"enemies":"Gremlin Nob","floor":8.0,"turns":4.0},{"damage":4.0,"enemies":"Exordium Thugs","floor":12.0,"turns":5.0},{"damage":1.0,"enemies":"Large Slime","floor":14.0,"turns":8.0},{"damage":6.0,"enemies":"Hexaghost","floor":16.0,"turns":10.0},{"damage":5.0,"enemies":"Spheric Guardian","floor":18.0,"turns":6.0},{"damage":9.0,"enemies":"3 Byrds","floor":19.0,"turns":6.0},{"damage":9.0,"enemies":"Centurion and Healer","floor":20.0,"turns":8.0},{"damage":3.0,"enemies":"Snake Plant","floor":21.0,"turns":9.0},{"damage":7.0,"enemies":"Chosen and Byrds","floor":22.0,"turns":8.0},{"damage":31.0,"enemies":"Book of Stabbing","floor":23.0,"turns":8.0},{"damage":9.0,"enemies":"3 Cultists","floor":27.0,"turns":6.0},{"damage":12.0,"enemies":"Gremlin Leader","floor":28.0,"turns":7.0},{"damage":8.0,"enemies":"Cultist and Chosen","floor":29.0,"turns":6.0},{"damage":28.0,"enemies":"Slavers","floor":31.0,"turns":6.0},{"damage":15,"enemies":"Champ","floor":33,"turns":7},{"damage":0,"enemies":"Orb Walker","floor":35,"turns":3},{"damage":0,"enemies":"3 Darklings","floor":37,"turns":6},{"damage":0,"enemies":"Maw","floor":38,"turns":7},{"damage":10,"enemies":"Spire Growth","floor":39,"turns":5},{"damage":1,"enemies":"Giant Head","floor":40,"turns":7},{"damage":15,"enemies":"Nemesis","floor":42,"turns":5},{"damage":0,"enemies":"Transient","floor":46,"turns":5},{"damage":6,"enemies":"Time Eater","floor":50,"turns":13},{"damage":26,"enemies":"Shield and Spear","floor":54,"turns":6},{"damage":28,"enemies":"The Heart","floor":55,"turns":10}],"seed_played":"2578098139788303535","potions_obtained":[{"floor":4.0,"key":"EntropicBrew"},{"floor":6.0,"key":"PowerPotion"},{"floor":12.0,"key":"Block Potion"},{"floor":16.0,"key":"GamblersBrew"},{"floor":18.0,"key":"Regen Potion"},{"floor":20.0,"key":"Block Potion"},{"floor":23.0,"key":"EssenceOfSteel"},{"floor":28.0,"key":"Ancient Potion"},{"floor":29.0,"key":"Ancient Potion"},{"floor":35,"key":"SteroidPotion"},{"floor":39,"key":"Ancient Potion"},{"floor":40,"key":"Dexterity Potion"}],"is_trial":false,"path_per_floor":["M","$","?","M","M","E","M","E","T","?","$","M","R","M","R","B",null,"M","M","M","M","M","E","R","$","T","M","E","M","R","E","R","B",null,"M","$","M","M","M","E","R","E","T","R","?","M","?","?","R","B",null,"R","$","E","B",null],"character_chosen":"THE_SILENT","items_purchased":["Deflect","Noxious Fumes","Snake Skull","Well Laid Plans","Footwork"],"campfire_rested":6,"item_purchase_floors":[2,11,25,25,36],"current_hp_per_floor":[70,70,70,69,67,55,53,30,30,30,30,26,47,46,67,61,68,63,54,45,57,50,19,40,40,40,33,23,15,37,11,33,18,62,64,64,66,68,60,61,61,46,46,71,71,73,75,75,75,69,85,85,85,61,33],"gold":25,"neow_bonus":"THREE_ENEMY_KILL","is_prod":false,"is_daily":false,"chose_seed":false,"campfire_upgraded":2,"win_rate":0,"timestamp":1560050424,"path_taken":["M","$","?","M","?","E","?","E","T","?","$","M","R","M","R","BOSS","M","?","M","M","M","E","R","$","T","M","E","M","R","E","R","BOSS","M","$","M","M","M","E","R","E","T","R","?","M","?","?","R","BOSS","R","$","E","BOSS"],"build_version":"2019-01-23","purchased_purges":3,"victory":true,"max_hp_per_floor":[70,70,70,70,70,70,70,70,70,70,70,70,70,70,70,70,70,70,70,70,70,70,70,70,70,70,72,74,74,74,76,76,76,76,78,78,80,82,84,86,86,86,86,86,86,88,90,90,90,90,90,90,90,92,92],"card_choices":[{"not_picked":["Underhanded Strike","Setup"],"picked":"Blur","floor":1.0},{"not_picked":["Dodge and Roll","Prepared"],"picked":"Escape Plan","floor":4.0},{"not_picked":["Deflect","Catalyst"],"picked":"Riddle With Holes","floor":5.0},{"not_picked":["Dagger Spray","Blade Dance"],"picked":"Deflect","floor":6.0},{"not_picked":["Outmaneuver","Dagger Spray"],"picked":"Blade Dance","floor":7.0},{"not_picked":["Dash","Skewer"],"picked":"Crippling Poison","floor":8.0},{"not_picked":["All Out Attack","Dodge and Roll"],"picked":"Sucker Punch","floor":12.0},{"not_picked":["Finisher","PiercingWail"],"picked":"Acrobatics","floor":14.0},{"not_picked":["A Thousand Cuts","Tools of the Trade"],"picked":"Envenom","floor":16.0},{"not_picked":["Eviscerate","Reflex"],"picked":"Dodge and Roll+1","floor":18.0},{"not_picked":["Quick Slash","Underhanded Strike"],"picked":"Leg Sweep","floor":19.0},{"not_picked":["Eviscerate","PiercingWail"],"picked":"Cloak And Dagger","floor":20.0},{"not_picked":["Outmaneuver","Dagger Throw","Deflect+1"],"picked":"SKIP","floor":21.0},{"not_picked":["Acrobatics+1","Cloak And Dagger"],"picked":"Backstab","floor":22.0},{"not_picked":["Unload","Storm of Steel"],"picked":"Concentrate","floor":23.0},{"not_picked":["Quick Slash","Distraction+1","Poisoned Stab"],"picked":"Singing Bowl","floor":27.0},{"not_picked":["Dagger Spray","Dash","Infinite Blades"],"picked":"Singing Bowl","floor":28.0},{"not_picked":["Dagger Spray","Infinite Blades"],"picked":"Bouncing Flask+1","floor":29.0},{"not_picked":["Poisoned Stab","Choke+1","Flying Knee+1"],"picked":"Singing Bowl","floor":31.0},{"not_picked":["Storm of Steel","Malaise"],"picked":"Adrenaline","floor":33},{"not_picked":["Prepared+1"],"picked":"Singing Bowl","floor":35},{"not_picked":["Caltrops"],"picked":"Singing Bowl","floor":37},{"not_picked":["Quick Slash"],"picked":"Singing Bowl","floor":38},{"not_picked":["Bane+1"],"picked":"Singing Bowl","floor":39},{"not_picked":["Glass Knife"],"picked":"Singing Bowl","floor":40},{"not_picked":[],"picked":"Backflip+1","floor":42},{"not_picked":["Heel Hook+1"],"picked":"Singing Bowl","floor":46},{"not_picked":["Jack Of All Trades"],"picked":"Singing Bowl","floor":47},{"not_picked":["Flying Knee"],"picked":"Singing Bowl","floor":54}],"player_experience":305342,"relics_obtained":[{"floor":6.0,"key":"Paper Crane"},{"floor":8.0,"key":"Bottled Lightning"},{"floor":9.0,"key":"Shuriken"},{"floor":23.0,"key":"MawBank"},{"floor":26.0,"key":"Singing Bowl"},{"floor":28.0,"key":"Gambling Chip"},{"floor":31.0,"key":"Bag of Preparation"},{"floor":40,"key":"Potion Belt"},{"floor":42,"key":"Vajra"},{"floor":54,"key":"Turnip"}],"event_choices":[{"damage_healed":0.0,"max_hp_gain":0.0,"max_hp_loss":0.0,"gold_gain":0.0,"event_name":"Accursed Blacksmith","player_choice":"Rummage","floor":3.0,"gold_loss":0.0,"damage_taken":0.0,"relics_obtained":["WarpedTongs"],"cards_obtained":["Pain"]},{"damage_healed":0.0,"max_hp_gain":0.0,"max_hp_loss":0.0,"gold_gain":0.0,"cards_transformed":["Strike_G"],"event_name":"Transmorgrifier","player_choice":"Transformed","floor":10.0,"gold_loss":0.0,"damage_taken":0.0,"cards_obtained":["Infinite Blades"]},{"cards_removed":["Strike_G"],"damage_healed":0,"gold_gain":0,"player_choice":"Removed Attack","damage_taken":0,"max_hp_gain":0,"max_hp_loss":0,"event_name":"Falling","floor":45,"gold_loss":0},{"damage_healed":0,"gold_gain":0,"player_choice":"Memory 1","damage_taken":0,"max_hp_gain":0,"max_hp_loss":0,"event_name":"SensoryStone","floor":47,"gold_loss":0},{"damage_healed":0,"gold_gain":0,"player_choice":"Paid","damage_taken":0,"relics_obtained":["Red Mask"],"max_hp_gain":0,"max_hp_loss":0,"event_name":"Tomb of Lord Red Mask","floor":48,"gold_loss":178}],"is_beta":false,"boss_relics":[{"not_picked":["Philosopher\u0027s Stone","Runic Dome"],"picked":"Ring of the Serpent"},{"not_picked":["White Beast Statue","Lizard Tail"],"picked":"Busted Crown"}],"items_purged_floors":[2,25,36],"is_endless":false,"potions_floor_spawned":[4,6,12,16,18,20,23,28,29,35,39,40],"ascension_level":5}