{"gold_per_floor":[109,109,125,137,156,182,182,209,286,386,64,98,111,61,61,161,161,174,174,192,202,202],"floor_reached":22,"playtime":1215,"items_purged":[],"score":243,"play_id":"150d78a2-b6dd-4702-a427-9ef95eb2c883","local_time":"20190504165807","is_ascension_mode":true,"campfire_choices":[{"floor":7,"key":"REST"},{"floor":15,"key":"REST"}],"neow_cost":"NONE","seed_source_timestamp":1392477206521500,"circlet_count":0,"master_deck":["Defend_G","Defend_G","Defend_G","Defend_G","Strike_G","Strike_G","Strike_G","Survivor","Neutralize","Bouncing Flask","Backflip","Sucker Punch","Catalyst+1","PiercingWail","Poisoned Stab","Well Laid Plans","Night Terror","PiercingWail","Noxious Fumes","Dodge and Roll","Unload+1","Poisoned Stab+1","Noxious Fumes+1","Quick Slash+1","Terror","Footwork"],"relics":["Ring of the Snake","Ancient Tea Set","Darkstone Periapt","Dead Branch","Ornamental Fan","Bag of Preparation","Anchor","Astrolabe"],"potions_floor_usage":[13],"damage_taken":[{"damage":0,"enemies":"Jaw Worm","floor":1,"turns":6},{"damage":0,"enemies":"Cultist","floor":3,"turns":3},{"damage":0,"enemies":"2 Louse","floor":4,"turns":4},{"damage":25,"enemies":"Exordium Thugs","floor":5,"turns":7},{"damage":29,"enemies":"3 Sentries","floor":6,"turns":11},{"damage":8,"enemies":"Lagavulin","floor":8,"turns":5},{"damage":17,"enemies":"Gremlin Nob","floor":12,"turns":4},{"damage":0,"enemies":"Lots of Slimes","floor":13,"turns":1},{"damage":6,"enemies":"The Guardian","floor":16,"turns":5},{"damage":10,"enemies":"3 Byrds","floor":18,"turns":7},{"damage":13,"enemies":"2 Thieves","floor":20,"turns":4},{"damage":27,"enemies":"Snake Plant","floor":21,"turns":5},{"damage":21,"enemies":"3 Cultists","floor":22,"turns":3}],"seed_played":"6087005171184101353","potions_obtained":[{"floor":6,"key":"Weak Potion"},{"floor":8,"key":"AttackPotion"},{"floor":12,"key":"FearPotion"},{"floor":16,"key":"Dexterity Potion"}],"is_trial":false,"path_per_floor":["M","?","M","M","M","E","R","E","T","?","$","E","M","$","R","B",null,"M","?","M","M","M"],"character_chosen":"THE_SILENT","items_purchased":["Well Laid Plans","Night Terror","Bag of Preparation","Dodge and Roll"],"campfire_rested":2,"item_purchase_floors":[11,11,11,14],"current_hp_per_floor":[70,70,70,70,45,16,37,29,29,29,29,12,12,12,33,27,70,60,60,47,20,0],"gold":202,"neow_bonus":"RANDOM_COMMON_RELIC","is_prod":false,"is_daily":false,"chose_seed":false,"campfire_upgraded":0,"win_rate":0,"timestamp":1557007087,"path_taken":["M","?","M","?","M","E","R","E","T","?","?","E","M","$","R","BOSS","M","?","?","M","M"],"build_version":"2019-01-23","purchased_purges":0,"victory":false,"max_hp_per_floor":[70,70,70,70,70,70,70,70,70,70,70,70,70,70,70,70,70,70,70,70,70,70],"card_choices":[{"not_picked":["Dagger Throw","Slice"],"picked":"Bouncing Flask","floor":1},{"not_picked":["Deflect","Footwork"],"picked":"Backflip","floor":3},{"not_picked":["Eviscerate","Prepared"],"picked":"Sucker Punch","floor":4},{"not_picked":["Doppelganger","Crippling Poison"],"picked":"Catalyst","floor":5},{"not_picked":["Flechettes","Slice"],"picked":"PiercingWail","floor":6},{"not_picked":["Prepared","Calculated Gamble"],"picked":"Poisoned Stab","floor":8},{"not_picked":["Masterful Stab","Dagger Throw"],"picked":"PiercingWail","floor":12},{"not_picked":["Predator","Sucker Punch"],"picked":"Noxious Fumes","floor":13},{"not_picked":["Concentrate","Deadly Poison"],"picked":"Quick Slash+1","floor":18},{"not_picked":["Prepared","Predator+1"],"picked":"Terror","floor":20},{"not_picked":["Cloak And Dagger","Underhanded Strike"],"picked":"Footwork","floor":21}],"player_experience":104375,"relics_obtained":[{"floor":6,"key":"Darkstone Periapt"},{"floor":8,"key":"Dead Branch"},{"floor":9,"key":"Ornamental Fan"},{"floor":12,"key":"Anchor"}],"event_choices":[{"damage_healed":0,"gold_gain":0,"player_choice":"Bought 0 Potions","damage_taken":0,"max_hp_gain":0,"max_hp_loss":0,"event_name":"The Woman in Blue","floor":2,"gold_loss":0},{"damage_healed":0,"gold_gain":100,"player_choice":"Pray","damage_taken":0,"max_hp_gain":0,"max_hp_loss":0,"event_name":"Golden Shrine","floor":10,"gold_loss":0},{"damage_healed":0,"gold_gain":0,"player_choice":"Forge","damage_taken":0,"max_hp_gain":0,"max_hp_loss":0,"event_name":"Accursed Blacksmith","floor":19,"gold_loss":0,"cards_upgraded":["Catalyst"]}],"is_beta":false,"boss_relics":[{"not_picked":["Ectoplasm","Coffee Dripper"],"picked":"Astrolabe"}],"items_purged_floors":[],"is_endless":false,"potions_floor_spawned":[6,8,12,16],"killed_by":"3 Cultists","ascension_level":1}