{"gold_per_floor":[211,226,20,39,59,90,90,110,110,110,145,145,145,162,162,162],"floor_reached":16,"playtime":1013,"items_purged":[],"score":112,"play_id":"ac5844ea-0c70-45b0-9907-b494343eed29","local_time":"20190428164051","is_ascension_mode":false,"campfire_choices":[{"data":"Aggregate","floor":7,"key":"SMITH"},{"floor":10,"key":"REST"},{"data":"Streamline","floor":13,"key":"SMITH"},{"floor":15,"key":"REST"}],"neow_cost":"NONE","seed_source_timestamp":873139779545300,"circlet_count":0,"master_deck":["Strike_B","Strike_B","Strike_B","Strike_B","Defend_B","Defend_B","Defend_B","Defend_B","Zap","Dualcast","Ball Lightning","Aggregate+1","Reboot","FTL","Leap","Beam Cell","Hologram","Streamline+1","Melter"],"relics":["Cracked Core","Question Card","Gremlin Horn","Darkstone Periapt"],"potions_floor_usage":[11,16,16],"damage_taken":[{"damage":7,"enemies":"2 Louse","floor":1,"turns":2},{"damage":0,"enemies":"Cultist","floor":2,"turns":3},{"damage":5,"enemies":"Small Slimes","floor":4,"turns":3},{"damage":14,"enemies":"Exordium Wildlife","floor":5,"turns":4},{"damage":16,"enemies":"3 Sentries","floor":6,"turns":7},{"damage":9,"enemies":"Lots of Slimes","floor":8,"turns":5},{"damage":10,"enemies":"Gremlin Nob","floor":11,"turns":4},{"damage":10,"enemies":"Exordium Thugs","floor":14,"turns":3},{"damage":53,"enemies":"The Guardian","floor":16,"turns":6}],"seed_played":"-3080550794126136705","potions_obtained":[{"floor":1,"key":"EssenceOfSteel"},{"floor":5,"key":"Weak Potion"},{"floor":14,"key":"Ancient Potion"}],"is_trial":false,"path_per_floor":["M","M","$","M","M","E","R","M","T","R","E","?","R","M","R","B"],"character_chosen":"DEFECT","items_purchased":["Reboot","FTL"],"campfire_rested":2,"item_purchase_floors":[3,3],"current_hp_per_floor":[68,68,68,63,49,33,33,24,24,46,36,36,36,26,48,0],"gold":162,"neow_bonus":"HUNDRED_GOLD","is_prod":false,"is_daily":false,"chose_seed":false,"campfire_upgraded":2,"win_rate":0.0,"timestamp":1556487651,"path_taken":["M","M","$","M","M","E","R","M","T","R","E","?","R","?","R","BOSS"],"build_version":"2019-01-23","purchased_purges":0,"victory":false,"max_hp_per_floor":[75,75,75,75,75,75,75,75,75,75,75,75,75,75,75,75],"card_choices":[{"not_picked":["Consume","Steam"],"picked":"Ball Lightning","floor":1},{"not_picked":["Stack","Go for the Eyes"],"picked":"Aggregate","floor":2},{"not_picked":["FTL","Heatsinks"],"picked":"Leap","floor":4},{"not_picked":["Go for the Eyes","Steam"],"picked":"Beam Cell","floor":5},{"not_picked":["Stack","Cold Snap"],"picked":"Hologram","floor":6},{"not_picked":["Storm","Heatsinks","Beam Cell"],"picked":"Streamline","floor":8},{"not_picked":["Genetic Algorithm","Cold Snap","Static Discharge","Loop"],"picked":"SKIP","floor":11},{"not_picked":["Streamline","Genetic Algorithm","Steam"],"picked":"Melter","floor":14}],"player_experience":34746,"relics_obtained":[{"floor":6,"key":"Question Card"},{"floor":9,"key":"Gremlin Horn"},{"floor":11,"key":"Darkstone Periapt"}],"event_choices":[{"damage_healed":0,"gold_gain":0,"player_choice":"Bought 0 Potions","damage_taken":0,"max_hp_gain":0,"max_hp_loss":0,"event_name":"The Woman in Blue","floor":12,"gold_loss":0}],"is_beta":false,"boss_relics":[],"items_purged_floors":[],"is_endless":false,"potions_floor_spawned":[1,5,14],"killed_by":"The Guardian","ascension_level":0}