{"gold_per_floor":[124,146,158,190,202,214,243,255,294,306,332,364,390,421,433,445],"floor_reached":16,"playtime":641,"items_purged":[],"score":187,"play_id":"a7f01ee3-17a0-45cf-b434-da2c52c6ae43","local_time":"20190306204321","is_ascension_mode":true,"campfire_choices":[{"data":"Zap","floor":6,"key":"SMITH"},{"floor":10,"key":"REST"},{"data":"Chaos","floor":15,"key":"SMITH"}],"neow_cost":"NONE","seed_source_timestamp":14948621306189,"circlet_count":0,"master_deck":["AscendersBane","Strike_B","Strike_B","Strike_B+1","Defend_B+1","Defend_B","Defend_B","Defend_B","Zap+1","Dualcast","Self Repair","Cold Snap","Ball Lightning","Chill","Chaos+1","Biased Cognition","Reinforced Body","Self Repair"],"relics":["Cracked Core","MawBank","Bag of Preparation"],"potions_floor_usage":[7,16,16],"damage_taken":[{"damage":11,"enemies":"2 Louse","floor":1,"turns":3},{"damage":9,"enemies":"Jaw Worm","floor":2,"turns":4},{"damage":10,"enemies":"Small Slimes","floor":4,"turns":4},{"damage":8,"enemies":"Gremlin Gang","floor":7,"turns":5},{"damage":5,"enemies":"Looter","floor":11,"turns":4},{"damage":1,"enemies":"2 Fungi Beasts","floor":12,"turns":3},{"damage":2,"enemies":"3 Louse","floor":13,"turns":2},{"damage":11,"enemies":"Looter","floor":14,"turns":3},{"damage":52,"enemies":"Hexaghost","floor":16,"turns":10}],"seed_played":"-3657693829039958545","potions_obtained":[{"floor":4,"key":"SneckoOil"},{"floor":7,"key":"AttackPotion"},{"floor":14,"key":"SkillPotion"}],"is_trial":false,"path_per_floor":["M","M","?","M","?","R","M","?","T","R","M","M","M","M","R","B"],"character_chosen":"DEFECT","items_purchased":[],"campfire_rested":1,"item_purchase_floors":[],"current_hp_per_floor":[53,51,51,48,27,27,26,26,26,47,49,55,53,49,49,0],"gold":445,"neow_bonus":"RANDOM_COMMON_RELIC","is_prod":false,"is_daily":false,"chose_seed":false,"campfire_upgraded":2,"win_rate":0,"timestamp":1551894201,"path_taken":["M","M","?","M","?","R","M","?","T","R","?","M","M","M","R","BOSS"],"build_version":"2019-01-23","purchased_purges":0,"victory":false,"max_hp_per_floor":[71,71,71,71,71,71,71,71,71,71,71,71,71,71,71,71],"card_choices":[{"not_picked":["Stack","Skim"],"picked":"Self Repair","floor":1},{"not_picked":["Stack","Turbo"],"picked":"Cold Snap","floor":2},{"not_picked":["Barrage","Storm"],"picked":"Ball Lightning","floor":4},{"not_picked":["Auto Shields","Aggregate"],"picked":"Chill","floor":7},{"not_picked":["Leap","Self Repair"],"picked":"Biased Cognition","floor":11},{"not_picked":["Gash","Cold Snap"],"picked":"Reinforced Body","floor":12},{"not_picked":["Steam Power","Beam Cell"],"picked":"Self Repair","floor":13},{"not_picked":["Melter","Streamline","Skim"],"picked":"SKIP","floor":14}],"player_experience":1023374,"relics_obtained":[{"floor":9,"key":"Bag of Preparation"}],"event_choices":[{"damage_healed":0,"gold_gain":0,"player_choice":"Ignored","damage_taken":0,"max_hp_gain":0,"max_hp_loss":0,"event_name":"Liars Game","floor":3,"gold_loss":0},{"damage_healed":0,"gold_gain":0,"player_choice":"Entered Light","damage_taken":21,"max_hp_gain":0,"max_hp_loss":0,"event_name":"Shining Light","floor":5,"gold_loss":0,"cards_upgraded":["Defend_B","Strike_B"]},{"damage_healed":0,"gold_gain":0,"cards_transformed":["Strike_B"],"player_choice":"Transformed","damage_taken":0,"max_hp_gain":0,"max_hp_loss":0,"event_name":"Transmorgrifier","floor":8,"gold_loss":0,"cards_obtained":["Chaos"]}],"is_beta":false,"boss_relics":[],"items_purged_floors":[],"is_endless":false,"potions_floor_spawned":[4,7,14],"killed_by":"Hexaghost","ascension_level":19}