{"gold_per_floor":[111,124,124,137,96,96,96,116,165,165,184,184,184,201,201,279,279,294,294,307,324,340,340],"floor_reached":23,"playtime":1498,"items_purged":[],"score":346,"play_id":"81d3bbb5-8ea8-4ee0-8a43-f0aaae946a1f","local_time":"20181207185601","is_ascension_mode":true,"campfire_choices":[{"data":"Perfected Strike","floor":6,"key":"SMITH"},{"data":"Bash","floor":10,"key":"SMITH"},{"data":"Pommel Strike","floor":12,"key":"SMITH"},{"floor":15,"key":"REST"}],"neow_cost":"NONE","seed_source_timestamp":0,"circlet_count":0,"master_deck":["AscendersBane","Strike_R","Strike_R+1","Strike_R","Strike_R","Defend_R","Defend_R","Defend_R+1","Defend_R","Bash+1","Pommel Strike+1","Perfected Strike+1","Disarm","Headbutt","Fiend Fire","Metallicize","Twin Strike+1"],"special_seed":0,"relics":["Burning Blood","Bag of Preparation","Mark of Pain"],"potions_floor_usage":[16,16],"damage_taken":[{"damage":4,"enemies":"Small Slimes","floor":1,"turns":4},{"damage":16,"enemies":"Jaw Worm","floor":2,"turns":5},{"damage":6,"enemies":"Cultist","floor":4,"turns":3},{"damage":34,"enemies":"Exordium Thugs","floor":5,"turns":5},{"damage":7,"enemies":"Looter","floor":8,"turns":3},{"damage":9,"enemies":"Blue Slaver","floor":11,"turns":3},{"damage":2,"enemies":"2 Fungi Beasts","floor":14,"turns":3},{"damage":33,"enemies":"The Guardian","floor":16,"turns":11},{"damage":33,"enemies":"Shell Parasite","floor":18,"turns":3},{"damage":17,"enemies":"2 Thieves","floor":20,"turns":3},{"damage":33,"enemies":"Snecko","floor":21,"turns":5},{"damage":25,"enemies":"Centurion and Healer","floor":22,"turns":5},{"damage":25,"enemies":"Slavers","floor":23,"turns":2}],"seed_played":"6600167841885533312","potions_obtained":[{"floor":4,"key":"Weak Potion"},{"floor":11,"key":"Strength Potion"},{"floor":18,"key":"Ancient Potion"}],"is_trial":false,"path_per_floor":["M","M","?","M","M","R","$","M","T","R","M","R","?","M","R","B",null,"M","?","M","M","M","E"],"character_chosen":"IRONCLAD","items_purchased":[],"campfire_rested":1,"item_purchase_floors":[],"current_hp_per_floor":[77,67,67,67,39,39,39,38,38,38,35,35,10,14,38,11,64,37,82,71,44,25,0],"gold":340,"neow_bonus":"TEN_PERCENT_HP_BONUS","is_prod":false,"is_daily":false,"chose_seed":false,"campfire_upgraded":3,"win_rate":0,"timestamp":1544198161,"path_taken":["M","M","?","M","M","R","?","M","T","R","M","R","?","M","R","BOSS","M","?","M","M","?","E"],"build_version":"2018-12-06","purchased_purges":0,"victory":false,"max_hp_per_floor":[82,82,82,82,82,82,82,82,82,82,82,82,82,82,82,82,82,82,82,82,82,82,82],"card_choices":[{"not_picked":["Clash","Dropkick","Thunderclap"],"picked":"SKIP","floor":1},{"not_picked":["Body Slam","Headbutt"],"picked":"Pommel Strike","floor":2},{"not_picked":["Disarm","Warcry"],"picked":"Perfected Strike","floor":4},{"not_picked":["Havoc","Hemokinesis"],"picked":"Disarm","floor":5},{"not_picked":["Entrench","Bloodletting","Iron Wave"],"picked":"SKIP","floor":8},{"not_picked":["Reckless Charge","Berserk"],"picked":"Headbutt","floor":11},{"not_picked":["Clothesline","Sword Boomerang","Thunderclap"],"picked":"SKIP","floor":14},{"not_picked":["Immolate","Berserk"],"picked":"Fiend Fire","floor":16},{"not_picked":["Thunderclap","Cleave","Flex"],"picked":"SKIP","floor":18},{"not_picked":["Sentinel+1","Thunderclap"],"picked":"Metallicize","floor":20},{"not_picked":["Havoc","Burning Pact"],"picked":"Twin Strike+1","floor":21},{"not_picked":["True Grit","Headbutt+1","Rupture"],"picked":"SKIP","floor":22}],"player_experience":820650,"relics_obtained":[{"floor":9,"key":"Bag of Preparation"}],"event_choices":[{"cards_removed":["Strike_R"],"damage_healed":0,"gold_gain":0,"player_choice":"Forget","damage_taken":0,"max_hp_gain":0,"max_hp_loss":0,"event_name":"Living Wall","floor":3,"gold_loss":0},{"damage_healed":0,"gold_gain":0,"player_choice":"Entered Light","damage_taken":25,"max_hp_gain":0,"max_hp_loss":0,"event_name":"Shining Light","floor":13,"gold_loss":0,"cards_upgraded":["Defend_R","Strike_R"]},{"damage_healed":45,"gold_gain":0,"player_choice":"Full Heal","damage_taken":0,"max_hp_gain":0,"max_hp_loss":0,"event_name":"Wheel of Change","floor":19,"gold_loss":0}],"is_beta":false,"boss_relics":[{"not_picked":["Orrery","Runic Pyramid"],"picked":"Mark of Pain"}],"items_purged_floors":[],"is_endless":false,"potions_floor_spawned":[4,11,18],"killed_by":"Slavers","ascension_level":17}