{"gold_per_floor":[116,82,82,96,107,136,136,69,69,69,91,91,126,126,126,224,224,238,268,268,281,298,298],"floor_reached":23,"playtime":887,"items_purged":[],"score":286,"play_id":"0fb9dbb2-9396-4967-bdbf-0ac71859d59e","local_time":"20190423153139","is_ascension_mode":true,"campfire_choices":[{"data":"Bouncing Flask","floor":7,"key":"SMITH"},{"data":"Footwork","floor":10,"key":"SMITH"},{"floor":12,"key":"REST"},{"data":"Neutralize","floor":15,"key":"SMITH"}],"neow_cost":"NONE","seed_source_timestamp":415452558432726,"circlet_count":0,"master_deck":["Defend_G","Defend_G","Defend_G","Defend_G","Defend_G","Strike_G","Strike_G","Strike_G","Strike_G","Survivor","Neutralize+1","Backstab","Sucker Punch+1","PiercingWail","Bouncing Flask+1","Footwork+1","Prepared","Escape Plan","Flying Knee+1","A Thousand Cuts","Footwork","Backflip","Bouncing Flask"],"relics":["Ring of the Snake","NeowsBlessing","Molten Egg 2","Letter Opener","Bottled Tornado","Odd Mushroom","Mummified Hand","Black Star","Red Mask"],"potions_floor_usage":[5,13,19,22,22,23],"damage_taken":[{"damage":0,"enemies":"Cultist","floor":1,"turns":1},{"damage":0,"enemies":"Small Slimes","floor":4,"turns":1},{"damage":0,"enemies":"2 Louse","floor":5,"turns":1},{"damage":40,"enemies":"Gremlin Nob","floor":6,"turns":6},{"damage":8,"enemies":"The Mushroom Lair","floor":11,"turns":4},{"damage":2,"enemies":"3 Sentries","floor":13,"turns":11},{"damage":6,"enemies":"The Guardian","floor":16,"turns":11},{"damage":12,"enemies":"3 Byrds","floor":18,"turns":4},{"damage":42,"enemies":"Masked Bandits","floor":19,"turns":5},{"damage":0,"enemies":"Chosen","floor":21,"turns":5},{"damage":1,"enemies":"3 Cultists","floor":22,"turns":6},{"damage":22,"enemies":"Gremlin Leader","floor":23,"turns":5}],"seed_played":"-5575597836352173932","potions_obtained":[{"floor":5,"key":"Fruit Juice"},{"floor":11,"key":"EssenceOfSteel"},{"floor":13,"key":"Regen Potion"},{"floor":19,"key":"Explosive Potion"},{"floor":20,"key":"SkillPotion"},{"floor":20,"key":"SpeedPotion"}],"is_trial":false,"path_per_floor":["M","$","?","M","M","E","R","$","T","R","?","R","E","?","R","B",null,"M","?","?","M","M","E"],"character_chosen":"THE_SILENT","items_purchased":["Backstab","Footwork"],"campfire_rested":1,"item_purchase_floors":[2,8],"current_hp_per_floor":[63,63,63,63,68,28,28,28,28,28,20,42,40,40,40,34,65,53,23,23,23,22,0],"gold":298,"neow_bonus":"THREE_ENEMY_KILL","is_prod":false,"is_daily":false,"chose_seed":false,"campfire_upgraded":3,"win_rate":0,"timestamp":1556051499,"path_taken":["M","$","?","?","M","E","R","$","T","R","?","R","E","?","R","BOSS","M","?","?","M","M","E"],"build_version":"2019-01-23","purchased_purges":0,"victory":false,"max_hp_per_floor":[70,70,70,70,75,75,75,75,75,75,75,75,75,75,75,75,75,75,75,75,75,75,75],"card_choices":[{"not_picked":["Quick Slash","Dodge and Roll"],"picked":"Dagger Spray","floor":1},{"not_picked":["Acrobatics","Underhanded Strike+1"],"picked":"Sucker Punch+1","floor":4},{"not_picked":["Deflect","Endless Agony+1"],"picked":"PiercingWail","floor":5},{"not_picked":["Calculated Gamble","Dodge and Roll"],"picked":"Bouncing Flask","floor":6},{"not_picked":["Flechettes+1","Unload+1"],"picked":"Prepared","floor":11},{"not_picked":["Distraction","Deflect"],"picked":"Escape Plan","floor":13},{"not_picked":["Doppelganger","Storm of Steel"],"picked":"A Thousand Cuts","floor":16},{"not_picked":["Skewer+1","Quick Slash+1"],"picked":"Footwork","floor":18},{"not_picked":["Poisoned Stab+1","Underhanded Strike+1"],"picked":"Backflip","floor":19},{"not_picked":["Riddle With Holes+1","Expertise","Reflex+1"],"picked":"SKIP","floor":21},{"not_picked":["PiercingWail+1","Heel Hook+1"],"picked":"Bouncing Flask","floor":22}],"player_experience":479443,"relics_obtained":[{"floor":6,"key":"Letter Opener"},{"floor":9,"key":"Bottled Tornado"},{"floor":11,"key":"Odd Mushroom"},{"floor":13,"key":"Mummified Hand"},{"floor":19,"key":"Red Mask"}],"event_choices":[{"cards_removed":["Dagger Spray"],"damage_healed":0,"gold_gain":0,"player_choice":"Gave Card","damage_taken":0,"relics_obtained":["Molten Egg 2"],"max_hp_gain":0,"max_hp_loss":0,"event_name":"WeMeetAgain","floor":3,"gold_loss":0},{"damage_healed":0,"gold_gain":0,"player_choice":"Fought Mushrooms","damage_taken":0,"max_hp_gain":0,"max_hp_loss":0,"event_name":"Mushrooms","floor":11,"gold_loss":0},{"damage_healed":0,"gold_gain":0,"cards_transformed":["Strike_G"],"player_choice":"Change","damage_taken":0,"max_hp_gain":0,"max_hp_loss":0,"event_name":"Living Wall","floor":14,"gold_loss":0,"cards_obtained":["Flying Knee"]},{"damage_healed":0,"gold_gain":0,"player_choice":"Fought Bandits","damage_taken":0,"max_hp_gain":0,"max_hp_loss":0,"event_name":"Masked Bandits","floor":19,"gold_loss":0},{"damage_healed":0,"gold_gain":0,"player_choice":"Got Potions","damage_taken":0,"max_hp_gain":0,"max_hp_loss":0,"event_name":"Lab","floor":20,"gold_loss":0}],"is_beta":false,"boss_relics":[{"not_picked":["Busted Crown","Lizard Tail"],"picked":"Black Star"}],"items_purged_floors":[],"is_endless":false,"potions_floor_spawned":[5,11,13,19,21],"killed_by":"Gremlin Leader","ascension_level":9}