{"gold_per_floor":[118,118,137,154,174,174,174,174,256,256,289,309,309,327,327,425,425,442,6,6,19,35,35,35],"floor_reached":24,"playtime":1148,"items_purged":[],"score":267,"play_id":"42cc0306-4978-4290-8e24-72bf1ef4c022","local_time":"20190522192630","is_ascension_mode":true,"campfire_choices":[{"data":"Shrug It Off","floor":6,"key":"SMITH"},{"data":"True Grit","floor":8,"key":"SMITH"},{"data":"Rupture","floor":10,"key":"SMITH"},{"floor":13,"key":"REST"},{"data":"Bloodletting","floor":15,"key":"SMITH"},{"floor":23,"key":"REST"}],"neow_cost":"PERCENT_DAMAGE","seed_source_timestamp":277005526619900,"circlet_count":0,"master_deck":["Strike_R","Strike_R","Strike_R","Strike_R","Defend_R","Defend_R","Defend_R","Defend_R","Bash+1","True Grit+1","Rupture+1","Shrug It Off+1","Battle Trance","Bloodletting+1","Pommel Strike","Heavy Blade","Barricade","Clothesline","Uppercut","Armaments","Inflame+1"],"relics":["Burning Blood","Incense Burner","Paper Frog","Dream Catcher","Mark of Pain","HandDrill","Bronze Scales"],"potions_floor_usage":[16,16,18,24],"damage_taken":[{"damage":0,"enemies":"2 Louse","floor":1,"turns":4},{"damage":1,"enemies":"Jaw Worm","floor":3,"turns":7},{"damage":15,"enemies":"Cultist","floor":4,"turns":8},{"damage":4,"enemies":"Blue Slaver","floor":5,"turns":7},{"damage":30,"enemies":"Gremlin Nob","floor":11,"turns":5},{"damage":0,"enemies":"3 Louse","floor":12,"turns":5},{"damage":6,"enemies":"2 Fungi Beasts","floor":14,"turns":3},{"damage":21,"enemies":"Hexaghost","floor":16,"turns":8},{"damage":19,"enemies":"3 Byrds","floor":18,"turns":8},{"damage":13,"enemies":"Spheric Guardian","floor":21,"turns":6},{"damage":35,"enemies":"Shelled Parasite and Fungi","floor":22,"turns":6},{"damage":51,"enemies":"Slavers","floor":24,"turns":4}],"seed_played":"-4306758215837056847","potions_obtained":[{"floor":12,"key":"Energy Potion"},{"floor":14,"key":"AttackPotion"},{"floor":16,"key":"Fire Potion"},{"floor":21,"key":"Swift Potion"}],"is_trial":false,"path_per_floor":["M","?","M","M","M","R","?","R","T","R","E","M","R","M","R","B",null,"M","$","?","M","M","R","E"],"character_chosen":"IRONCLAD","items_purchased":["HandDrill","Bronze Scales","Uppercut"],"campfire_rested":2,"item_purchase_floors":[19,19,19],"current_hp_per_floor":[57,50,55,46,48,48,48,48,48,48,24,30,54,54,54,39,70,57,57,57,50,21,45,0],"gold":35,"neow_bonus":"ONE_RARE_RELIC","is_prod":false,"is_daily":false,"chose_seed":false,"campfire_upgraded":4,"win_rate":0,"timestamp":1558571190,"path_taken":["M","?","M","M","M","R","?","R","T","R","E","?","R","M","R","BOSS","M","$","?","M","M","R","E"],"build_version":"2019-01-23","purchased_purges":0,"victory":false,"max_hp_per_floor":[80,80,80,80,80,80,80,80,80,80,80,80,80,80,80,80,80,80,80,80,80,80,80,80],"card_choices":[{"not_picked":["Havoc","Clash"],"picked":"True Grit","floor":1},{"not_picked":["Burning Pact","Clash"],"picked":"Rupture","floor":3},{"not_picked":["Fire Breathing","Feel No Pain"],"picked":"Shrug It Off","floor":4},{"not_picked":["Shrug It Off","Seeing Red"],"picked":"Battle Trance","floor":5},{"not_picked":["Intimidate","Clothesline"],"picked":"Bloodletting","floor":11},{"not_picked":["Flex","Fire Breathing","Havoc"],"picked":"SKIP","floor":12},{"not_picked":["Cleave","Second Wind"],"picked":"Pommel Strike","floor":13},{"not_picked":["Reaper","Shrug It Off"],"picked":"Heavy Blade","floor":14},{"not_picked":["Berserk","Dark Embrace"],"picked":"Barricade","floor":16},{"not_picked":["Clash","Havoc+1"],"picked":"Clothesline","floor":18},{"not_picked":["Warcry","Blood for Blood"],"picked":"Armaments","floor":21},{"not_picked":["Burning Pact","Havoc+1","Intimidate"],"picked":"SKIP","floor":22},{"not_picked":["True Grit+1","Flex"],"picked":"Inflame+1","floor":23}],"player_experience":222238,"relics_obtained":[{"floor":9,"key":"Paper Frog"},{"floor":11,"key":"Dream Catcher"}],"event_choices":[{"cards_removed":["Strike_R"],"damage_healed":0,"gold_gain":0,"player_choice":"Card Removal","damage_taken":7,"max_hp_gain":0,"max_hp_loss":0,"event_name":"Golden Wing","floor":2,"gold_loss":0},{"damage_healed":0,"gold_gain":0,"player_choice":"Upgraded","damage_taken":0,"max_hp_gain":0,"max_hp_loss":0,"event_name":"Upgrade Shrine","floor":7,"gold_loss":0,"cards_upgraded":["Bash"]},{"damage_healed":0,"gold_gain":0,"player_choice":"Ignored","damage_taken":0,"max_hp_gain":0,"max_hp_loss":0,"event_name":"Beggar","floor":20,"gold_loss":0}],"is_beta":false,"boss_relics":[{"not_picked":["Calling Bell","Philosopher\u0027s Stone"],"picked":"Mark of Pain"}],"items_purged_floors":[],"is_endless":false,"potions_floor_spawned":[12,14,16,21],"killed_by":"Slavers","ascension_level":7}