{"gold_per_floor":[16,35,35,45,64,64,97,117,198,226,176,201,201,213,213,315,315,327,357,368,134,149,149,178,178,201,220,230,261,261,261,261,360,360,380,380,399,410,410,410,103,157,157,175,200,219,233,251,251,251,251,251,51,85,85],"floor_reached":56,"playtime":4489,"items_purged":["Strike_G","Strike_G"],"score":1281,"play_id":"869a76ce-25c2-4348-8129-6c3369d778c3","local_time":"20190612201010","is_ascension_mode":false,"campfire_choices":[{"data":"Neutralize","floor":6,"key":"SMITH"},{"floor":13,"key":"REST"},{"data":"Catalyst","floor":15,"key":"SMITH"},{"floor":23,"key":"REST"},{"data":"Prepared","floor":25,"key":"SMITH"},{"floor":32,"key":"REST"},{"data":"Apotheosis","floor":40,"key":"SMITH"},{"floor":49,"key":"RECALL"},{"data":"Noxious Fumes","floor":52,"key":"SMITH"}],"neow_cost":"NO_GOLD","seed_source_timestamp":85483867477186,"circlet_count":0,"master_deck":["Defend_G","Defend_G","Defend_G","Defend_G","Defend_G","Strike_G+1","Survivor","Neutralize+1","Deadly Poison","Predator+1","PiercingWail","Noxious Fumes+1","Deadly Poison","Catalyst+1","Backflip","Acrobatics","Adrenaline","PiercingWail+1","Prepared+1","Underhanded Strike+1","Footwork","Acrobatics","PiercingWail+1","Concentrate","Tactician","Dagger Throw","Venomology","Backflip","Sucker Punch","Adrenaline","Burst","Tactician+1","Bane+1","Dagger Throw","Dash+1","Sucker Punch+1","Madness","Madness","Crippling Poison+1","Deadly Poison+1","Apotheosis+1","Catalyst","Noxious Fumes","Crippling Poison+1","Escape Plan+1","Underhanded Strike+1","Acrobatics+1"],"relics":["Ring of the Snake","Tough Bandages","Pantograph","Paper Crane","StoneCalendar","Dream Catcher","Black Star","Red Mask","Tiny Chest","Potion Belt","Whetstone","Oddly Smooth Stone","Smiling Mask","Bag of Preparation","MutagenicStrength","Orrery","PreservedInsect","Thread and Needle","Bottled Lightning","Boot","Happy Flower","Centennial Puzzle","Art of War","The Specimen"],"potions_floor_usage":[19,19,19,22,33,37,42,45,45,48,55,55,55],"damage_taken":[{"damage":0,"enemies":"Jaw Worm","floor":1,"turns":5},{"damage":1,"enemies":"2 Louse","floor":2,"turns":3},{"damage":0,"enemies":"Small Slimes","floor":4,"turns":3},{"damage":2,"enemies":"Looter","floor":5,"turns":4},{"damage":18,"enemies":"Lagavulin","floor":7,"turns":8},{"damage":13,"enemies":"2 Fungi Beasts","floor":8,"turns":4},{"damage":4,"enemies":"3 Sentries","floor":10,"turns":8},{"damage":0,"enemies":"Exordium Wildlife","floor":14,"turns":4},{"damage":12,"enemies":"The Guardian","floor":16,"turns":9},{"damage":4,"enemies":"Spheric Guardian","floor":18,"turns":5},{"damage":22,"enemies":"Masked Bandits","floor":19,"turns":6},{"damage":1,"enemies":"Shell Parasite","floor":20,"turns":5},{"damage":21,"enemies":"3 Cultists","floor":22,"turns":7},{"damage":0,"enemies":"Gremlin Leader","floor":24,"turns":8},{"damage":20,"enemies":"Snecko","floor":27,"turns":6},{"damage":0,"enemies":"Centurion and Healer","floor":28,"turns":7},{"damage":5,"enemies":"Book of Stabbing","floor":29,"turns":6},{"damage":15,"enemies":"Collector","floor":33,"turns":12},{"damage":6,"enemies":"3 Darklings","floor":35,"turns":7},{"damage":0,"enemies":"Orb Walker","floor":37,"turns":3},{"damage":0,"enemies":"4 Shapes","floor":38,"turns":5},{"damage":3,"enemies":"2 Orb Walkers","floor":42,"turns":5},{"damage":0,"enemies":"3 Darklings","floor":44,"turns":3},{"damage":0,"enemies":"Nemesis","floor":45,"turns":5},{"damage":0,"enemies":"Transient","floor":46,"turns":5},{"damage":0,"enemies":"Jaw Worm Horde","floor":47,"turns":2},{"damage":0,"enemies":"Writhing Mass","floor":48,"turns":4},{"damage":10,"enemies":"Awakened One","floor":50,"turns":13},{"damage":0,"enemies":"Shield and Spear","floor":54,"turns":7},{"damage":14,"enemies":"The Heart","floor":55,"turns":8}],"seed_played":"6804436202877052384","potions_obtained":[{"floor":2,"key":"Weak Potion"},{"floor":8,"key":"AttackPotion"},{"floor":10,"key":"Weak Potion"},{"floor":16,"key":"Energy Potion"},{"floor":19,"key":"Poison Potion"},{"floor":27,"key":"Swift Potion"},{"floor":28,"key":"GhostInAJar"},{"floor":29,"key":"Fire Potion"},{"floor":37,"key":"EssenceOfSteel"},{"floor":44,"key":"SkillPotion"},{"floor":45,"key":"Explosive Potion"}],"is_trial":false,"path_per_floor":["M","M","?","M","M","R","E","M","T","E","?","T","R","M","R","B",null,"M","?","M","$","M","R","E","R","T","M","M","E","T","?","R","B",null,"M","?","M","M","?","R","$","?","T","M","E","M","M","M","R","B",null,"R","$","E","B",null],"character_chosen":"THE_SILENT","items_purchased":["Footwork","Tiny Chest","Acrobatics","PreservedInsect","Catalyst","Noxious Fumes","Centennial Puzzle"],"campfire_rested":3,"item_purchase_floors":[21,21,21,41,41,41,53],"current_hp_per_floor":[70,69,69,69,67,67,49,36,36,32,32,32,53,53,53,58,70,66,44,43,43,22,43,43,43,43,23,23,18,18,18,39,49,70,64,55,55,55,55,55,55,52,52,52,52,52,52,52,52,60,70,70,70,70,56],"gold":85,"neow_bonus":"ONE_RARE_RELIC","is_prod":false,"is_daily":false,"chose_seed":false,"campfire_upgraded":5,"win_rate":0,"timestamp":1560388210,"path_taken":["M","M","?","M","M","R","E","M","T","E","?","?","R","M","R","BOSS","M","?","M","$","M","R","E","R","T","M","M","E","?","?","R","BOSS","M","?","M","M","?","R","$","?","T","M","E","M","M","?","R","BOSS","R","$","E","BOSS"],"build_version":"2019-01-23","purchased_purges":2,"victory":true,"max_hp_per_floor":[70,70,70,70,70,70,70,70,70,70,70,70,70,70,70,70,70,70,70,70,70,70,70,70,70,70,70,70,70,70,70,70,70,70,70,70,70,70,70,70,70,70,70,70,70,70,70,70,70,70,70,70,70,70,70],"card_choices":[{"not_picked":["Dagger Spray","All Out Attack"],"picked":"Deadly Poison","floor":1},{"not_picked":["Distraction","Escape Plan"],"picked":"Predator","floor":2},{"not_picked":["Dodge and Roll","Deflect","Blade Dance"],"picked":"SKIP","floor":4},{"not_picked":["Bane","Reflex"],"picked":"PiercingWail","floor":5},{"not_picked":["PiercingWail","Flechettes"],"picked":"Noxious Fumes","floor":7},{"not_picked":["Dodge and Roll","Finisher"],"picked":"Deadly Poison","floor":8},{"not_picked":["Flying Knee","PiercingWail"],"picked":"Catalyst","floor":10},{"not_picked":["Slice","Poisoned Stab"],"picked":"Backflip","floor":13},{"not_picked":["Sucker Punch","Storm of Steel"],"picked":"Acrobatics","floor":14},{"not_picked":["Grand Finale","Wraith Form v2"],"picked":"Adrenaline","floor":16},{"not_picked":["Riddle With Holes","Concentrate"],"picked":"PiercingWail+1","floor":18},{"not_picked":["Quick Slash","Deflect"],"picked":"Prepared","floor":19},{"not_picked":["Cloak And Dagger","Deflect+1"],"picked":"Underhanded Strike+1","floor":20},{"not_picked":["Riddle With Holes","Sucker Punch"],"picked":"PiercingWail+1","floor":22},{"not_picked":["Poisoned Stab","Heel Hook"],"picked":"Concentrate","floor":23},{"not_picked":["PiercingWail","Prepared"],"picked":"Tactician","floor":24},{"not_picked":["Dagger Spray","Underhanded Strike"],"picked":"Dagger Throw","floor":27},{"not_picked":["Outmaneuver","Backstab"],"picked":"Venomology","floor":28},{"not_picked":["Quick Slash","Blade Dance"],"picked":"Backflip","floor":29},{"not_picked":["Distraction","Poisoned Stab"],"picked":"Sucker Punch","floor":32},{"not_picked":["Envenom","Tools of the Trade"],"picked":"Adrenaline","floor":33},{"not_picked":["Blade Dance","Cloak And Dagger"],"picked":"Burst","floor":34},{"not_picked":["Poisoned Stab+1","Dodge and Roll+1"],"picked":"Tactician+1","floor":34},{"not_picked":["Eviscerate","Flying Knee"],"picked":"Bane+1","floor":34},{"not_picked":["Cloak And Dagger","Underhanded Strike+1"],"picked":"Dagger Throw","floor":34},{"not_picked":["Dodge and Roll+1","Setup"],"picked":"Dash+1","floor":34},{"not_picked":["Flying Knee+1","Backflip"],"picked":"Sucker Punch+1","floor":35},{"not_picked":["Acrobatics+1","Quick Slash+1"],"picked":"Crippling Poison+1","floor":37},{"not_picked":["Slice+1","Dagger Throw+1"],"picked":"Deadly Poison+1","floor":38},{"not_picked":["Enlightenment","Blind"],"picked":"Apotheosis","floor":39},{"not_picked":["Flechettes","PiercingWail"],"picked":"Crippling Poison+1","floor":44},{"not_picked":["Venomology","Malaise"],"picked":"Escape Plan+1","floor":45},{"not_picked":["Riddle With Holes+1","Sucker Punch+1"],"picked":"Underhanded Strike+1","floor":46},{"not_picked":["Dagger Spray","Quick Slash"],"picked":"Acrobatics+1","floor":47},{"not_picked":["Quick Slash","Infinite Blades+1","Envenom"],"picked":"SKIP","floor":48},{"not_picked":["Flying Knee","Distraction+1","Grand Finale"],"picked":"SKIP","floor":54}],"player_experience":560252,"relics_obtained":[{"floor":7,"key":"Pantograph"},{"floor":9,"key":"Paper Crane"},{"floor":10,"key":"StoneCalendar"},{"floor":12,"key":"Dream Catcher"},{"floor":19,"key":"Red Mask"},{"floor":24,"key":"Potion Belt"},{"floor":24,"key":"Whetstone"},{"floor":26,"key":"Oddly Smooth Stone"},{"floor":29,"key":"Smiling Mask"},{"floor":29,"key":"Bag of Preparation"},{"floor":42,"key":"Thread and Needle"},{"floor":43,"key":"Bottled Lightning"},{"floor":45,"key":"Boot"},{"floor":45,"key":"Happy Flower"},{"floor":54,"key":"Art of War"},{"floor":54,"key":"The Specimen"}],"event_choices":[{"cards_removed":["Strike_G"],"damage_healed":0,"gold_gain":0,"player_choice":"Forget","damage_taken":0,"max_hp_gain":0,"max_hp_loss":0,"event_name":"Living Wall","floor":3,"gold_loss":0},{"cards_removed":["Strike_G"],"damage_healed":0,"gold_gain":0,"player_choice":"Card Removal","damage_taken":0,"max_hp_gain":0,"max_hp_loss":0,"event_name":"The Cleric","floor":11,"gold_loss":50},{"damage_healed":0,"gold_gain":0,"player_choice":"Fought Bandits","damage_taken":0,"max_hp_gain":0,"max_hp_loss":0,"event_name":"Masked Bandits","floor":19,"gold_loss":0},{"damage_healed":0,"gold_gain":0,"player_choice":"Inject Mutagens","damage_taken":0,"relics_obtained":["MutagenicStrength"],"max_hp_gain":0,"max_hp_loss":0,"event_name":"Drug Dealer","floor":31,"gold_loss":0},{"damage_healed":0,"gold_gain":0,"player_choice":"Embrace Madness","damage_taken":9,"max_hp_gain":0,"max_hp_loss":0,"event_name":"Winding Halls","floor":36,"gold_loss":0,"cards_obtained":["Madness","Madness"]},{"damage_healed":0,"gold_gain":0,"player_choice":"Memory 1","damage_taken":0,"max_hp_gain":0,"max_hp_loss":0,"event_name":"SensoryStone","floor":39,"gold_loss":0},{"damage_healed":0,"gold_gain":0,"player_choice":"Fight","damage_taken":0,"max_hp_gain":0,"max_hp_loss":0,"event_name":"Mysterious Sphere","floor":42,"gold_loss":0}],"is_beta":false,"boss_relics":[{"not_picked":["Ectoplasm","Coffee Dripper"],"picked":"Black Star"},{"not_picked":["White Beast Statue","Empty Cage"],"picked":"Orrery"}],"items_purged_floors":[41,53],"is_endless":false,"potions_floor_spawned":[2,8,10,16,19,27,28,29,35,37,44,45,46],"ascension_level":0}