{"gold_per_floor":[119,129,140,100,110,110,60,88,140,155,155,183,183,183,183,288,288,301,57,77,77,91,125,125,144,144,157,191,210,236,249,249,346,346,365,379,170,170,150,165,165,181,181,197,231,231,231,245,245,245],"floor_reached":50,"playtime":4938,"items_purged":["Strike_G"],"score":571,"play_id":"24b2be2d-67e1-4a6d-8fd3-ff5e06d1e66f","local_time":"20190428150319","is_ascension_mode":false,"campfire_choices":[{"data":"Envenom","floor":6,"key":"SMITH"},{"floor":11,"key":"REST"},{"floor":13,"key":"REST"},{"data":"Survivor","floor":15,"key":"SMITH"},{"floor":24,"key":"REST"},{"floor":32,"key":"REST"},{"floor":41,"key":"REST"},{"data":"Dagger Spray","floor":47,"key":"SMITH"},{"data":"Backflip","floor":49,"key":"SMITH"}],"neow_cost":"NONE","seed_source_timestamp":863358862224700,"circlet_count":0,"master_deck":["Defend_G","Defend_G","Defend_G","Defend_G","Defend_G","Survivor+1","Neutralize","Envenom+1","Catalyst+1","Endless Agony","Bane","Skewer","Backflip+1","Well Laid Plans","Dagger Spray+1","Deadly Poison+1","Prepared+1","Backflip+1","Adrenaline+1","Poisoned Stab","Dodge and Roll+1","Deadly Poison+1","Crippling Poison+1","Deadly Poison+1","Dagger Spray+1","Noxious Fumes+1","Burst+1","Backstab+1","Footwork+1","Night Terror+1","Poisoned Stab+1","Backstab+1","Blur+1","Adrenaline+1"],"relics":["Ring of the Serpent","Toxic Egg 2","Dream Catcher","Bronze Scales","Empty Cage","Vajra","Paper Crane","Smiling Mask","Shuriken","Molten Egg 2","Centennial Puzzle","Blood Vial"],"potions_floor_usage":[3,8,20,22,23,23,30,33,44,45,50],"damage_taken":[{"damage":0,"enemies":"Small Slimes","floor":1,"turns":6},{"damage":1,"enemies":"2 Louse","floor":2,"turns":3},{"damage":1,"enemies":"Cultist","floor":3,"turns":3},{"damage":0,"enemies":"Looter","floor":5,"turns":2},{"damage":34,"enemies":"Gremlin Nob","floor":8,"turns":5},{"damage":2,"enemies":"Blue Slaver","floor":10,"turns":5},{"damage":22,"enemies":"3 Sentries","floor":12,"turns":7},{"damage":14,"enemies":"Hexaghost","floor":16,"turns":6},{"damage":0,"enemies":"Shell Parasite","floor":18,"turns":3},{"damage":11,"enemies":"Spheric Guardian","floor":20,"turns":4},{"damage":0,"enemies":"Shelled Parasite and Fungi","floor":22,"turns":3},{"damage":36,"enemies":"Slavers","floor":23,"turns":8},{"damage":17,"enemies":"Chosen and Byrds","floor":25,"turns":5},{"damage":0,"enemies":"Snake Plant","floor":27,"turns":3},{"damage":1,"enemies":"Book of Stabbing","floor":28,"turns":3},{"damage":4,"enemies":"Shelled Parasite and Fungi","floor":29,"turns":3},{"damage":4,"enemies":"Slavers","floor":30,"turns":4},{"damage":6,"enemies":"Centurion and Healer","floor":31,"turns":5},{"damage":32,"enemies":"Champ","floor":33,"turns":10},{"damage":10,"enemies":"3 Shapes","floor":35,"turns":4},{"damage":12,"enemies":"3 Darklings","floor":36,"turns":4},{"damage":0,"enemies":"Maw","floor":40,"turns":4},{"damage":11,"enemies":"Spire Growth","floor":42,"turns":3},{"damage":7,"enemies":"4 Shapes","floor":44,"turns":3},{"damage":48,"enemies":"Nemesis","floor":45,"turns":5},{"damage":0,"enemies":"Maw","floor":48,"turns":5},{"damage":88,"enemies":"Time Eater","floor":50,"turns":10}],"seed_played":"6697886257701808495","potions_obtained":[{"floor":1,"key":"Strength Potion"},{"floor":2,"key":"GamblersBrew"},{"floor":8,"key":"FairyPotion"},{"floor":10,"key":"Energy Potion"},{"floor":16,"key":"Poison Potion"},{"floor":20,"key":"SkillPotion"},{"floor":22,"key":"PowerPotion"},{"floor":28,"key":"Strength Potion"},{"floor":29,"key":"Swift Potion"},{"floor":33,"key":"Block Potion"},{"floor":39,"key":"AttackPotion"},{"floor":45,"key":"GhostInAJar"}],"is_trial":false,"path_per_floor":["M","M","M","$","M","R","?","E","T","M","R","E","R","?","R","B",null,"M","$","M","?","M","E","R","M","T","M","E","M","E","M","R","B",null,"M","M","$","?","?","M","R","M","T","M","E","?","R","M","R","B"],"character_chosen":"THE_SILENT","items_purchased":["Skewer","Poisoned Stab","Dodge and Roll+1","Vajra","Night Terror+1"],"campfire_rested":5,"item_purchase_floors":[4,19,19,19,37],"current_hp_per_floor":[70,69,68,68,68,68,68,34,34,32,53,31,52,52,52,38,70,70,70,59,59,59,23,44,27,27,27,26,22,18,12,33,1,70,60,48,48,48,48,48,69,58,58,51,3,61,61,61,61,0],"gold":245,"neow_bonus":"ONE_RANDOM_RARE_CARD","is_prod":false,"is_daily":false,"chose_seed":false,"campfire_upgraded":4,"win_rate":0.0,"timestamp":1556481799,"path_taken":["M","M","M","$","M","R","?","E","T","M","R","E","R","?","R","BOSS","M","$","M","?","M","E","R","?","T","M","E","M","E","M","R","BOSS","M","M","$","?","?","M","R","?","T","M","E","?","R","M","R","BOSS"],"build_version":"2019-01-23","purchased_purges":1,"victory":false,"max_hp_per_floor":[70,70,70,70,70,70,70,70,70,70,70,70,70,70,70,70,70,70,70,70,70,70,70,70,70,70,70,70,70,70,70,70,70,70,70,70,70,70,70,70,70,70,70,70,70,61,61,61,61,61],"card_choices":[{"not_picked":["Slice","Prepared"],"picked":"Catalyst","floor":1},{"not_picked":["Underhanded Strike","Outmaneuver"],"picked":"Endless Agony","floor":2},{"not_picked":["Quick Slash","Blade Dance"],"picked":"Bane","floor":3},{"not_picked":["Eviscerate","Dagger Throw"],"picked":"Backflip","floor":5},{"not_picked":["Calculated Gamble","Terror"],"picked":"Well Laid Plans","floor":8},{"not_picked":["Quick Slash","A Thousand Cuts"],"picked":"Dagger Spray","floor":10},{"not_picked":["Bane","Poisoned Stab"],"picked":"Deadly Poison+1","floor":11},{"not_picked":["Leg Sweep+1","Riddle With Holes"],"picked":"Prepared+1","floor":12},{"not_picked":["Dash","Slice"],"picked":"Backflip+1","floor":13},{"not_picked":["Storm of Steel+1","Wraith Form v2"],"picked":"Adrenaline+1","floor":16},{"not_picked":["Terror+1","Quick Slash","Eviscerate"],"picked":"SKIP","floor":18},{"not_picked":["Sucker Punch","Finisher"],"picked":"Deadly Poison+1","floor":20},{"not_picked":["Backstab","Dash","Acrobatics+1"],"picked":"SKIP","floor":22},{"not_picked":["Doppelganger+1","Prepared+1","Sucker Punch"],"picked":"SKIP","floor":23},{"not_picked":["Underhanded Strike","Quick Slash"],"picked":"Crippling Poison+1","floor":24},{"not_picked":["Acrobatics+1","Blade Dance+1","Leg Sweep+1"],"picked":"SKIP","floor":25},{"not_picked":["Dagger Throw","Slice","Prepared+1"],"picked":"SKIP","floor":27},{"not_picked":["Caltrops","Outmaneuver+1","Cloak And Dagger+1"],"picked":"SKIP","floor":28},{"not_picked":["All Out Attack","Outmaneuver+1"],"picked":"Deadly Poison+1","floor":29},{"not_picked":["Quick Slash+1","Slice"],"picked":"Dagger Spray+1","floor":30},{"not_picked":["Envenom","Underhanded Strike+1","Caltrops"],"picked":"SKIP","floor":31},{"not_picked":["Backflip+1","Acrobatics+1"],"picked":"Noxious Fumes+1","floor":32},{"not_picked":["Corpse Explosion+1","Phantasmal Killer+1"],"picked":"Burst+1","floor":33},{"not_picked":["PiercingWail+1","Predator+1"],"picked":"Backstab+1","floor":35},{"not_picked":["Acrobatics+1","Blade Dance+1"],"picked":"Footwork+1","floor":36},{"not_picked":["Caltrops","Expertise+1","Tactician+1"],"picked":"SKIP","floor":40},{"not_picked":["Sucker Punch+1","Flying Knee+1"],"picked":"Poisoned Stab+1","floor":41},{"not_picked":["Heel Hook+1","Deadly Poison+1","Quick Slash+1"],"picked":"SKIP","floor":42},{"not_picked":["Poisoned Stab+1","Blade Dance+1"],"picked":"Backstab+1","floor":44},{"not_picked":["Flying Knee+1","PiercingWail+1"],"picked":"Blur+1","floor":45},{"not_picked":["Acrobatics+1","Choke+1"],"picked":"Adrenaline+1","floor":48}],"player_experience":25539,"relics_obtained":[{"floor":8,"key":"Toxic Egg 2"},{"floor":9,"key":"Dream Catcher"},{"floor":12,"key":"Bronze Scales"},{"floor":23,"key":"Paper Crane"},{"floor":26,"key":"Smiling Mask"},{"floor":28,"key":"Shuriken"},{"floor":30,"key":"Molten Egg 2"},{"floor":43,"key":"Centennial Puzzle"},{"floor":45,"key":"Blood Vial"}],"event_choices":[{"cards_removed":["Strike_G"],"damage_healed":0,"gold_gain":0,"player_choice":"Card Removal","damage_taken":0,"max_hp_gain":0,"max_hp_loss":0,"event_name":"The Cleric","floor":7,"gold_loss":50},{"cards_removed":["Strike_G"],"damage_healed":0,"gold_gain":0,"player_choice":"Forget","damage_taken":0,"max_hp_gain":0,"max_hp_loss":0,"event_name":"Living Wall","floor":14,"gold_loss":0},{"damage_healed":0,"gold_gain":0,"player_choice":"Upgraded","damage_taken":0,"max_hp_gain":0,"max_hp_loss":0,"event_name":"Upgrade Shrine","floor":21,"gold_loss":0,"cards_upgraded":["Catalyst"]},{"damage_healed":0,"gold_gain":0,"player_choice":"Memory 1","damage_taken":0,"max_hp_gain":0,"max_hp_loss":0,"event_name":"SensoryStone","floor":38,"gold_loss":0},{"damage_healed":0,"gold_gain":0,"player_choice":"Bought 1 Potion","damage_taken":0,"max_hp_gain":0,"max_hp_loss":0,"event_name":"The Woman in Blue","floor":39,"gold_loss":0},{"damage_healed":61,"gold_gain":0,"player_choice":"Heal","damage_taken":0,"max_hp_gain":0,"max_hp_loss":9,"event_name":"The Moai Head","floor":46,"gold_loss":0}],"is_beta":false,"boss_relics":[{"not_picked":["Velvet Choker","Busted Crown"],"picked":"Empty Cage"},{"not_picked":["Fusion Hammer","Runic Dome"],"picked":"Ring of the Serpent"}],"items_purged_floors":[37],"is_endless":false,"potions_floor_spawned":[1,2,8,10,16,20,22,28,29,33,40,42,44,45],"killed_by":"Time Eater","ascension_level":0}