{"gold_per_floor":[112,132,19,19,19,45,45,61,61,77,102,102,136,136,136,232,232,247,68,68,68,84,84,114,114,114,134,164,182,182,214,214,313,313,323,376,376,376,396,396,426,301,301,330,39,49,149,0,0,0],"floor_reached":51,"playtime":4061,"items_purged":["Defend_G","Strike_G","Strike_G"],"score":980,"play_id":"a8f60258-d99c-48a8-b2de-bf36cf15dbd5","local_time":"20190611155745","is_ascension_mode":true,"campfire_choices":[{"data":"Dagger Throw","floor":7.0,"key":"SMITH"},{"data":"Tools of the Trade","floor":15.0,"key":"SMITH"},{"data":"Noxious Fumes","floor":23.0,"key":"SMITH"},{"data":"Footwork","floor":25.0,"key":"SMITH"},{"data":"Infinite Blades","floor":32.0,"key":"SMITH"},{"data":"Footwork","floor":40,"key":"SMITH"},{"data":"Sucker Punch","floor":49,"key":"SMITH"}],"neow_cost":"NONE","seed_source_timestamp":0,"circlet_count":0,"master_deck":["Defend_G","Defend_G","Defend_G","Strike_G","Strike_G","Survivor","Neutralize+1","Blur+1","Infinite Blades+1","Dagger Throw+1","Sucker Punch+1","Tools of the Trade+1","Footwork+1","Leg Sweep+1","Adrenaline+1","Noxious Fumes+1","PiercingWail+1","Terror+1","Footwork+1","Night Terror+1","Doubt","Bane+1","Acrobatics+1","Dodge and Roll+1"],"special_seed":0,"relics":["Ring of the Snake","Shuriken","Boot","Bag of Marbles","Toxic Egg 2","Mummified Hand","Busted Crown","Regal Pillow","Oddly Smooth Stone","Omamori","Snake Skull","Calling Bell","Strawberry","Meat on the Bone","Calipers","Unceasing Top","Potion Belt","Kunai","Ornamental Fan","Vajra","The Specimen","Red Mask"],"potions_floor_usage":[36,39,50,50,50,50,50],"damage_taken":[{"damage":0.0,"enemies":"Jaw Worm","floor":1.0,"turns":5.0},{"damage":0.0,"enemies":"Small Slimes","floor":2.0,"turns":3.0},{"damage":9.0,"enemies":"Lagavulin","floor":6.0,"turns":6.0},{"damage":0.0,"enemies":"Cultist","floor":8.0,"turns":3.0},{"damage":2.0,"enemies":"Exordium Wildlife","floor":10.0,"turns":5.0},{"damage":12.0,"enemies":"3 Sentries","floor":11.0,"turns":8.0},{"damage":3.0,"enemies":"Lagavulin","floor":13.0,"turns":6.0},{"damage":24.0,"enemies":"Slime Boss","floor":16.0,"turns":9.0},{"damage":0.0,"enemies":"Shell Parasite","floor":18.0,"turns":4.0},{"damage":4.0,"enemies":"Spheric Guardian","floor":22.0,"turns":5.0},{"damage":0.0,"enemies":"Slavers","floor":24.0,"turns":6.0},{"damage":0.0,"enemies":"Chosen and Byrds","floor":27.0,"turns":4.0},{"damage":0.0,"enemies":"Gremlin Leader","floor":28.0,"turns":6.0},{"damage":0.0,"enemies":"Centurion and Healer","floor":29.0,"turns":6.0},{"damage":13.0,"enemies":"Book of Stabbing","floor":31.0,"turns":6.0},{"damage":8.0,"enemies":"Collector","floor":33.0,"turns":10.0},{"damage":10,"enemies":"Orb Walker","floor":35,"turns":4},{"damage":3,"enemies":"2 Orb Walkers","floor":36,"turns":5},{"damage":9,"enemies":"3 Shapes","floor":39,"turns":4},{"damage":2,"enemies":"Nemesis","floor":41,"turns":7},{"damage":0,"enemies":"Reptomancer","floor":44,"turns":5},{"damage":0,"enemies":"3 Darklings","floor":46,"turns":4},{"damage":0,"enemies":"Mind Bloom Boss Battle","floor":47,"turns":4},{"damage":0,"enemies":"Time Eater","floor":50,"turns":9}],"seed_played":"-4531225897621269790","potions_obtained":[{"floor":6.0,"key":"PowerPotion"},{"floor":8.0,"key":"SpeedPotion"},{"floor":11.0,"key":"PowerPotion"},{"floor":16.0,"key":"Explosive Potion"},{"floor":22.0,"key":"Fire Potion"},{"floor":33.0,"key":"EssenceOfSteel"},{"floor":39,"key":"SteroidPotion"},{"floor":44,"key":"Fire Potion"},{"floor":47,"key":"PowerPotion"}],"is_trial":false,"path_per_floor":["M","M","$","?","?","E","R","M","T","M","E","?","E","?","R","B",null,"M","$","?","$","M","R","E","R","T","M","E","M","?","E","R","B",null,"M","?","?","?","M","R","E","$","T","E","$","M","?","?","R","B",null],"character_chosen":"THE_SILENT","items_purchased":["Infinite Blades","Noxious Fumes","Dodge and Roll+1","Vajra","Dexterity Potion","Fire Potion"],"campfire_rested":0,"item_purchase_floors":[3,19,45,45,45,45],"current_hp_per_floor":[70,70,70,63,63,54,54,54,54,52,40,45,42,42,42,18,75,75,75,75,75,71,71,71,71,71,71,71,71,57,44,44,36,87,77,74,74,74,65,65,63,63,63,63,63,63,63,63,63,63],"gold":0,"neow_bonus":"UPGRADE_CARD","is_prod":false,"is_daily":false,"chose_seed":false,"campfire_upgraded":7,"win_rate":1,"timestamp":1560283065,"path_taken":["M","M","$","?","?","E","R","M","T","?","E","?","E","?","R","BOSS","M","?","?","$","M","R","E","R","T","M","E","M","?","E","R","BOSS","M","?","?","?","M","R","E","$","T","E","$","M","?","?","R","BOSS"],"build_version":"2019-01-23","purchased_purges":3,"victory":true,"max_hp_per_floor":[70,70,70,70,70,70,70,70,70,70,70,75,75,75,75,75,75,75,75,75,75,75,75,75,75,75,75,75,75,80,80,80,80,87,87,87,87,83,83,83,83,83,83,83,83,83,83,83,83,83],"card_choices":[{"not_picked":["Slice","Bouncing Flask"],"picked":"Blur","floor":1.0},{"not_picked":["Riddle With Holes","Calculated Gamble","Bane"],"picked":"SKIP","floor":2.0},{"not_picked":["Crippling Poison","Dagger Spray"],"picked":"Dagger Throw","floor":6.0},{"not_picked":["Deflect","Poisoned Stab"],"picked":"Sucker Punch","floor":8.0},{"not_picked":["Tactician","Sucker Punch"],"picked":"Tools of the Trade","floor":10.0},{"not_picked":["Quick Slash","Noxious Fumes"],"picked":"Footwork","floor":11.0},{"not_picked":["Blade Dance+1","Deadly Poison+1"],"picked":"Leg Sweep+1","floor":13.0},{"not_picked":["A Thousand Cuts","Tools of the Trade"],"picked":"Adrenaline+1","floor":16.0},{"not_picked":["Sucker Punch"],"picked":"SKIP","floor":18.0},{"not_picked":[],"picked":"PiercingWail+1","floor":22.0},{"not_picked":[],"picked":"Terror+1","floor":24.0},{"not_picked":["Terror+1"],"picked":"SKIP","floor":27.0},{"not_picked":[],"picked":"Footwork","floor":28.0},{"not_picked":["Predator"],"picked":"SKIP","floor":29.0},{"not_picked":["Poisoned Stab"],"picked":"SKIP","floor":31.0},{"not_picked":[],"picked":"Night Terror+1","floor":33.0},{"not_picked":["Dagger Spray+1"],"picked":"SKIP","floor":35},{"not_picked":[],"picked":"Bane+1","floor":36},{"not_picked":["Infinite Blades+1"],"picked":"SKIP","floor":39},{"not_picked":[],"picked":"Acrobatics+1","floor":41},{"not_picked":["Dagger Throw"],"picked":"SKIP","floor":44},{"not_picked":["Cloak And Dagger+1"],"picked":"SKIP","floor":46}],"player_experience":27689,"relics_obtained":[{"floor":6.0,"key":"Boot"},{"floor":9.0,"key":"Bag of Marbles"},{"floor":11.0,"key":"Toxic Egg 2"},{"floor":13.0,"key":"Mummified Hand"},{"floor":24.0,"key":"Regal Pillow"},{"floor":26.0,"key":"Oddly Smooth Stone"},{"floor":28.0,"key":"Omamori"},{"floor":31.0,"key":"Snake Skull"},{"floor":34,"key":"Strawberry"},{"floor":34,"key":"Meat on the Bone"},{"floor":34,"key":"Calipers"},{"floor":36,"key":"Unceasing Top"},{"floor":41,"key":"Potion Belt"},{"floor":43,"key":"Kunai"},{"floor":44,"key":"Ornamental Fan"},{"floor":47,"key":"The Specimen"}],"event_choices":[{"damage_healed":0.0,"max_hp_gain":0.0,"max_hp_loss":0.0,"gold_gain":0.0,"event_name":"Scrap Ooze","player_choice":"Success","floor":4.0,"gold_loss":0.0,"damage_taken":7.0,"relics_obtained":["Shuriken"]},{"damage_healed":0.0,"max_hp_gain":0.0,"max_hp_loss":0.0,"gold_gain":0.0,"event_name":"Accursed Blacksmith","player_choice":"Forge","floor":5.0,"gold_loss":0.0,"damage_taken":0.0,"cards_upgraded":["Blur"]},{"damage_healed":0.0,"max_hp_gain":5.0,"max_hp_loss":0.0,"gold_gain":0.0,"event_name":"Big Fish","player_choice":"Donut","floor":12.0,"gold_loss":0.0,"damage_taken":0.0},{"cards_removed":["Strike_G"],"damage_healed":0.0,"max_hp_gain":0.0,"max_hp_loss":0.0,"gold_gain":0.0,"event_name":"Bonfire Elementals","player_choice":"Offered Basic","floor":14.0,"gold_loss":0.0,"damage_taken":0.0},{"damage_healed":0.0,"max_hp_gain":0.0,"max_hp_loss":0.0,"gold_gain":0.0,"event_name":"Cursed Tome","player_choice":"Ignored","floor":20.0,"gold_loss":0.0,"damage_taken":0.0},{"damage_healed":0.0,"max_hp_gain":5.0,"max_hp_loss":0.0,"gold_gain":0.0,"event_name":"Forgotten Altar","player_choice":"Shed Blood","floor":30.0,"gold_loss":0.0,"damage_taken":19.0},{"damage_healed":0,"gold_gain":0,"player_choice":"Fight","damage_taken":0,"max_hp_gain":0,"max_hp_loss":0,"event_name":"Mysterious Sphere","floor":36,"gold_loss":0},{"cards_removed":["Defend_G"],"damage_healed":0,"gold_gain":0,"player_choice":"Removed Skill","damage_taken":0,"max_hp_gain":0,"max_hp_loss":0,"event_name":"Falling","floor":37,"gold_loss":0},{"damage_healed":0,"gold_gain":0,"player_choice":"Max HP","damage_taken":0,"max_hp_gain":0,"max_hp_loss":4,"event_name":"Winding Halls","floor":38,"gold_loss":0},{"damage_healed":0,"gold_gain":0,"player_choice":"Fight","damage_taken":0,"max_hp_gain":0,"max_hp_loss":0,"event_name":"MindBloom","floor":47,"gold_loss":0},{"damage_healed":0,"gold_gain":0,"player_choice":"Paid","damage_taken":0,"relics_obtained":["Red Mask"],"max_hp_gain":0,"max_hp_loss":0,"event_name":"Tomb of Lord Red Mask","floor":48,"gold_loss":149}],"is_beta":false,"boss_relics":[{"not_picked":["Orrery","Runic Dome"],"picked":"Busted Crown"},{"not_picked":["Ring of the Serpent","Empty Cage"],"picked":"Calling Bell"}],"items_purged_floors":[3,19,42],"is_endless":false,"potions_floor_spawned":[6,8,11,16,22,31,33,39,44,47],"ascension_level":3}