{"gold_per_floor":[117,117,129,129,109,142,155,155,182,182,202,237,252,252,252,327,327,338,338,388,388,403,403,418,453,523,523,539,539,539,639,639,639],"floor_reached":33,"playtime":1830,"items_purged":[],"score":661,"play_id":"b6fa0c25-c6cd-446f-88ee-e2101c2c7400","local_time":"20190206023545","is_ascension_mode":true,"campfire_choices":[{"data":"Sunder","floor":8,"key":"SMITH"},{"floor":10,"key":"REST"},{"data":"Go for the Eyes","floor":15,"key":"SMITH"},{"floor":23,"key":"REST"},{"data":"Recycle","floor":27,"key":"SMITH"},{"floor":30,"key":"REST"},{"floor":32,"key":"REST"}],"neow_cost":"NONE","seed_source_timestamp":32395467070413,"circlet_count":0,"master_deck":["AscendersBane","Strike_B","Strike_B+1","Strike_B","Strike_B+1","Defend_B","Defend_B","Defend_B","Defend_B","Zap+1","Dualcast","Ball Lightning","Sunder+1","Undo","Conserve Battery","Go for the Eyes+1","Sunder+1","Writhe","Auto Shields","Recycle+1","Defragment"],"relics":["Cracked Core","NeowsBlessing","Vajra","Strawberry","Anchor","PreservedInsect","Runic Pyramid","Bottled Flame","Gremlin Horn","Darkstone Periapt","The Courier","WingedGreaves","Toxic Egg 2"],"potions_floor_usage":[28,31,31],"damage_taken":[{"damage":0,"enemies":"2 Louse","floor":1,"turns":1},{"damage":0,"enemies":"Jaw Worm","floor":3,"turns":1},{"damage":0,"enemies":"Gremlin Nob","floor":6,"turns":1},{"damage":0,"enemies":"Cultist","floor":7,"turns":2},{"damage":6,"enemies":"2 Fungi Beasts","floor":11,"turns":3},{"damage":0,"enemies":"3 Sentries","floor":12,"turns":4},{"damage":2,"enemies":"Red Slaver","floor":13,"turns":3},{"damage":22,"enemies":"Slime Boss","floor":16,"turns":9},{"damage":25,"enemies":"Shell Parasite","floor":18,"turns":4},{"damage":0,"enemies":"Chosen","floor":22,"turns":3},{"damage":22,"enemies":"Snecko","floor":24,"turns":5},{"damage":0,"enemies":"Gremlin Leader","floor":25,"turns":6},{"damage":20,"enemies":"Centurion and Healer","floor":28,"turns":5},{"damage":7,"enemies":"Colosseum Slavers","floor":31,"turns":3},{"damage":8,"enemies":"Colosseum Nobs","floor":31,"turns":3},{"damage":74,"enemies":"Automaton","floor":33,"turns":10}],"seed_played":"3674908220277931441","potions_obtained":[{"floor":3,"key":"Ancient Potion"},{"floor":5,"key":"EssenceOfSteel"},{"floor":16,"key":"PowerPotion"},{"floor":28,"key":"Swift Potion"}],"is_trial":false,"path_per_floor":["M","?","M","?","?","E","M","R","T","R","M","E","M","?","R","B",null,"M","T","?","?","M","R","M","E","T","R","M","?","R","?","R","B"],"character_chosen":"DEFECT","items_purchased":[],"campfire_rested":4,"item_purchase_floors":[],"current_hp_per_floor":[64,64,64,43,43,43,43,43,50,73,67,67,65,65,65,43,69,44,44,44,44,44,67,45,45,45,45,25,25,48,33,56,0],"gold":639,"neow_bonus":"THREE_ENEMY_KILL","is_prod":false,"is_daily":false,"chose_seed":false,"campfire_upgraded":3,"win_rate":0,"timestamp":1549409745,"path_taken":["M","?","M","?","?","E","M","R","T","R","M","E","?","?","R","BOSS","M","?","?","?","?","R","M","E","T","R","?","?","R","?","R","BOSS"],"build_version":"2019-01-23","purchased_purges":0,"victory":false,"max_hp_per_floor":[71,71,71,71,71,71,71,71,78,78,78,78,78,78,78,78,78,78,78,78,78,78,78,78,78,78,78,78,78,78,78,78,78],"card_choices":[{"not_picked":["Redo","Compile Driver"],"picked":"Ball Lightning","floor":1},{"not_picked":["Stack","Hologram","Reprogram"],"picked":"SKIP","floor":3},{"not_picked":["Skim","Streamline"],"picked":"Sunder","floor":6},{"not_picked":["Compile Driver","Stack","Reboot"],"picked":"SKIP","floor":7},{"not_picked":["Double Energy","Barrage"],"picked":"Undo","floor":11},{"not_picked":["Reboot","Heatsinks"],"picked":"Conserve Battery","floor":12},{"not_picked":["Leap","Conserve Battery"],"picked":"Go for the Eyes","floor":13},{"not_picked":["Static Discharge","Hologram"],"picked":"Sunder+1","floor":18},{"not_picked":["Ball Lightning","Scrape","Rebound"],"picked":"SKIP","floor":22},{"not_picked":["Reinforced Body","Cold Snap"],"picked":"Auto Shields","floor":24},{"not_picked":["Gash","Beam Cell+1"],"picked":"Recycle","floor":25},{"not_picked":["Go for the Eyes","Beam Cell","Hologram"],"picked":"SKIP","floor":28},{"not_picked":["Auto Shields+1","Undo"],"picked":"Defragment","floor":31}],"player_experience":920046,"relics_obtained":[{"floor":6,"key":"Vajra"},{"floor":9,"key":"Strawberry"},{"floor":12,"key":"Anchor"},{"floor":19,"key":"Bottled Flame"},{"floor":25,"key":"Darkstone Periapt"},{"floor":26,"key":"The Courier"},{"floor":31,"key":"WingedGreaves"},{"floor":31,"key":"Toxic Egg 2"}],"event_choices":[{"damage_healed":0,"gold_gain":0,"player_choice":"Grow","damage_taken":0,"max_hp_gain":0,"max_hp_loss":0,"event_name":"Living Wall","floor":2,"gold_loss":0,"cards_upgraded":["Zap"]},{"damage_healed":0,"gold_gain":0,"player_choice":"Entered Light","damage_taken":21,"max_hp_gain":0,"max_hp_loss":0,"event_name":"Shining Light","floor":4,"gold_loss":0,"cards_upgraded":["Strike_B","Strike_B"]},{"damage_healed":0,"gold_gain":0,"player_choice":"Bought 1 Potion","damage_taken":0,"max_hp_gain":0,"max_hp_loss":0,"event_name":"The Woman in Blue","floor":5,"gold_loss":0},{"damage_healed":0,"gold_gain":0,"player_choice":"Gave Potion","damage_taken":0,"relics_obtained":["PreservedInsect"],"max_hp_gain":0,"max_hp_loss":0,"event_name":"WeMeetAgain","floor":14,"gold_loss":0},{"damage_healed":0,"gold_gain":50,"player_choice":"Stole From Cult","damage_taken":0,"max_hp_gain":0,"max_hp_loss":0,"event_name":"Nest","floor":20,"gold_loss":0},{"damage_healed":0,"gold_gain":0,"player_choice":"Opened","damage_taken":0,"relics_obtained":["Gremlin Horn"],"max_hp_gain":0,"max_hp_loss":0,"event_name":"The Mausoleum","floor":21,"gold_loss":0,"cards_obtained":["Writhe"]},{"damage_healed":0,"gold_gain":0,"player_choice":"Ignored","damage_taken":0,"max_hp_gain":0,"max_hp_loss":0,"event_name":"Vampires","floor":29,"gold_loss":0},{"damage_healed":0,"gold_gain":0,"player_choice":"Fight","damage_taken":0,"max_hp_gain":0,"max_hp_loss":0,"event_name":"Colosseum","floor":31,"gold_loss":0},{"damage_healed":0,"gold_gain":0,"player_choice":"Fought Nobs","damage_taken":0,"max_hp_gain":0,"max_hp_loss":0,"event_name":"Colosseum","floor":31,"gold_loss":0}],"is_beta":false,"boss_relics":[{"not_picked":["Ectoplasm","Busted Crown"],"picked":"Runic Pyramid"}],"items_purged_floors":[],"is_endless":false,"potions_floor_spawned":[3,6,12,13,16,18,25,28],"killed_by":"Automaton","ascension_level":18}