{"gold_per_floor":[115,265,190,190,190,190,224,224,224,224,235,197,231,247,247,321,321,335,187,197,197,197],"floor_reached":22,"playtime":1268,"items_purged":[],"score":333,"play_id":"263a77de-97bc-4a95-93cb-2e8f08f1db56","local_time":"20181126231508","is_ascension_mode":true,"campfire_choices":[{"data":"Consume","floor":6,"key":"SMITH"},{"floor":8,"key":"REST"},{"floor":10,"key":"REST"},{"floor":15,"key":"REST"}],"neow_cost":"NONE","seed_source_timestamp":71149284962144,"circlet_count":0,"master_deck":["AscendersBane","Strike_B","Strike_B","Strike_B","Defend_B","Defend_B","Defend_B","Defend_B","Zap+1","Dualcast","Consume+1","BootSequence","Capacitor","Lockon"],"relics":["Cracked Core","Oddly Smooth Stone","Bag of Preparation","Lantern","Sozu","Art of War","Gremlin Horn"],"potions_floor_usage":[16],"damage_taken":[{"damage":4,"enemies":"Jaw Worm","floor":1,"turns":3},{"damage":58,"enemies":"Gremlin Nob","floor":7,"turns":5},{"damage":0,"enemies":"Small Slimes","floor":11,"turns":3},{"damage":28,"enemies":"3 Sentries","floor":13,"turns":6},{"damage":0,"enemies":"Cultist","floor":14,"turns":3},{"damage":35,"enemies":"The Guardian","floor":16,"turns":10},{"damage":14,"enemies":"Spheric Guardian","floor":18,"turns":5},{"damage":30,"enemies":"2 Thieves","floor":20,"turns":4},{"damage":19,"enemies":"Snecko","floor":22,"turns":3}],"seed_played":"-29167918556262072","potions_obtained":[{"floor":11,"key":"Regen Potion"},{"floor":13,"key":"Block Potion"}],"is_trial":false,"path_per_floor":["M","?","?","?","$","R","E","R","T","R","M","$","E","M","R","B",null,"M","$","M","?","M"],"character_chosen":"DEFECT","items_purchased":["Capacitor","Art of War"],"campfire_rested":3,"item_purchase_floors":[12,19],"current_hp_per_floor":[60,60,60,60,60,60,2,23,23,44,44,44,16,16,37,17,58,44,44,14,14,0],"gold":197,"neow_bonus":"UPGRADE_CARD","is_prod":false,"is_daily":false,"chose_seed":false,"campfire_upgraded":1,"win_rate":0,"timestamp":1543263308,"path_taken":["M","?","?","?","?","R","E","R","T","R","?","$","E","M","R","BOSS","M","$","M","?","M"],"build_version":"2018-11-15","purchased_purges":0,"victory":false,"max_hp_per_floor":[71,71,71,71,71,71,71,71,71,71,71,71,71,71,71,71,71,71,71,71,71,71],"card_choices":[{"not_picked":["Beam Cell","FTL"],"picked":"Consume","floor":1},{"not_picked":["Hello World","Force Field","Streamline"],"picked":"SKIP","floor":7},{"not_picked":["Static Discharge","Redo"],"picked":"BootSequence","floor":11},{"not_picked":["BootSequence","Hyperbeam","Sweeping Beam"],"picked":"SKIP","floor":13},{"not_picked":["Leap","Sunder","Conserve Battery"],"picked":"SKIP","floor":14},{"not_picked":["Storm","Rebound"],"picked":"Lockon","floor":18},{"not_picked":["Compile Driver","Gash","FTL+1"],"picked":"SKIP","floor":20}],"player_experience":755680,"relics_obtained":[{"floor":7,"key":"Oddly Smooth Stone"},{"floor":9,"key":"Bag of Preparation"},{"floor":13,"key":"Lantern"}],"event_choices":[{"damage_healed":0,"gold_gain":150,"player_choice":"AGREE","damage_taken":0,"max_hp_gain":0,"max_hp_loss":0,"event_name":"Liars Game","floor":2,"gold_loss":0,"cards_obtained":["Doubt"]},{"cards_removed":["Doubt"],"damage_healed":0,"gold_gain":0,"player_choice":"Card Removal","damage_taken":0,"max_hp_gain":0,"max_hp_loss":0,"event_name":"The Cleric","floor":3,"gold_loss":75},{"cards_removed":["Strike_B"],"damage_healed":0,"gold_gain":0,"player_choice":"Forget","damage_taken":0,"max_hp_gain":0,"max_hp_loss":0,"event_name":"Living Wall","floor":4,"gold_loss":0},{"damage_healed":0,"gold_gain":0,"player_choice":"Gave Potion","damage_taken":0,"relics_obtained":["Gremlin Horn"],"max_hp_gain":0,"max_hp_loss":0,"event_name":"WeMeetAgain","floor":21,"gold_loss":0}],"is_beta":false,"boss_relics":[{"not_picked":["Calling Bell","Busted Crown"],"picked":"Sozu"}],"items_purged_floors":[],"is_endless":false,"potions_floor_spawned":[11,13,14],"killed_by":"Snecko","ascension_level":15}