{"gold_per_floor":[110,110,110,60,79,30,30,62,62,62,9,37,54,67,67,162,162,181,167,167,167],"floor_reached":21,"playtime":1020,"items_purged":[],"score":212,"play_id":"79ffd7f5-dbf8-4bf0-bec6-4291afd9e7c6","local_time":"20190428213656","is_ascension_mode":false,"campfire_choices":[{"data":"Beam Cell","floor":7,"key":"SMITH"},{"data":"Dualcast","floor":10,"key":"SMITH"},{"data":"Conserve Battery","floor":15,"key":"SMITH"}],"neow_cost":"NONE","seed_source_timestamp":890897883494700,"circlet_count":0,"master_deck":["Strike_B+1","Strike_B","Strike_B","Strike_B+1","Defend_B","Defend_B","Defend_B","Defend_B","Zap","Dualcast+1","Blind","Fusion+1","Beam Cell+1","Leap","Conserve Battery+1","Ball Lightning","Redo","Rip and Tear","Redo","Reboot","Redo"],"relics":["Cracked Core","PreservedInsect","Whetstone","Darkstone Periapt","Bottled Lightning","Snecko Eye"],"potions_floor_usage":[16,16],"damage_taken":[{"damage":0,"enemies":"2 Louse","floor":1,"turns":2},{"damage":1,"enemies":"Jaw Worm","floor":5,"turns":2},{"damage":17,"enemies":"Lagavulin","floor":8,"turns":6},{"damage":0,"enemies":"Gremlin Nob","floor":12,"turns":3},{"damage":8,"enemies":"Small Slimes","floor":13,"turns":3},{"damage":16,"enemies":"3 Louse","floor":14,"turns":3},{"damage":14,"enemies":"Slime Boss","floor":16,"turns":8},{"damage":20,"enemies":"Spheric Guardian","floor":18,"turns":4},{"damage":20,"enemies":"2 Thieves","floor":19,"turns":4},{"damage":36,"enemies":"Snake Plant","floor":21,"turns":5}],"seed_played":"-4901264427920421316","potions_obtained":[{"floor":12,"key":"FocusPotion"},{"floor":14,"key":"Weak Potion"}],"is_trial":false,"path_per_floor":["M","?","T","$","M","$","R","E","T","R","$","E","M","M","R","B",null,"M","M","?","M"],"character_chosen":"DEFECT","items_purchased":["Beam Cell","Conserve Battery","Ball Lightning"],"campfire_rested":0,"item_purchase_floors":[4,6,11],"current_hp_per_floor":[75,75,75,75,74,74,74,57,57,57,57,57,49,33,33,19,75,55,35,35,0],"gold":167,"neow_bonus":"RANDOM_COLORLESS","is_prod":false,"is_daily":false,"chose_seed":false,"campfire_upgraded":3,"win_rate":0.0,"timestamp":1556505416,"path_taken":["M","?","?","?","M","?","R","E","T","R","$","E","M","M","R","BOSS","M","M","?","M"],"build_version":"2019-01-23","purchased_purges":0,"victory":false,"max_hp_per_floor":[75,75,75,75,75,75,75,75,75,75,75,75,75,75,75,75,75,75,75,75,75],"card_choices":[{"not_picked":["Aggregate","Genetic Algorithm"],"picked":"Fusion","floor":1},{"not_picked":["Barrage","Coolheaded"],"picked":"Leap","floor":5},{"not_picked":["Blizzard","Reprogram","Go for the Eyes"],"picked":"SKIP","floor":8},{"not_picked":["Barrage","Gash"],"picked":"Redo","floor":12},{"not_picked":["Stack","Hologram"],"picked":"Rip and Tear","floor":13},{"not_picked":["Blizzard","Chaos"],"picked":"Redo","floor":14},{"not_picked":["Amplify","Biased Cognition"],"picked":"Reboot","floor":16},{"not_picked":["Leap","Rebound"],"picked":"Redo","floor":18},{"not_picked":["Stack","Coolheaded","Steam"],"picked":"SKIP","floor":19}],"player_experience":46740,"relics_obtained":[{"floor":3,"key":"PreservedInsect"},{"floor":8,"key":"Whetstone"},{"floor":9,"key":"Darkstone Periapt"},{"floor":12,"key":"Bottled Lightning"}],"event_choices":[{"damage_healed":0,"gold_gain":0,"player_choice":"Grow","damage_taken":0,"max_hp_gain":0,"max_hp_loss":0,"event_name":"Living Wall","floor":2,"gold_loss":0,"cards_upgraded":["Fusion"]},{"damage_healed":0,"gold_gain":0,"player_choice":"Ignored","damage_taken":0,"max_hp_gain":0,"max_hp_loss":0,"event_name":"Ghosts","floor":20,"gold_loss":0}],"is_beta":false,"boss_relics":[{"not_picked":["Busted Crown","Coffee Dripper"],"picked":"Snecko Eye"}],"items_purged_floors":[],"is_endless":false,"potions_floor_spawned":[12,14],"killed_by":"Snake Plant","ascension_level":0}