{"gold_per_floor":[116,116,135,135,46,74,87,87,87,87,105,105,30,65,65,65],"floor_reached":16,"playtime":576,"items_purged":["Regret"],"score":259,"play_id":"dd847a0b-e747-4ebb-baf3-bff44be2a2d4","local_time":"20190223063415","is_ascension_mode":true,"campfire_choices":[{"data":"Footwork","floor":8.0,"key":"SMITH"},{"data":"Dash","floor":10.0,"key":"SMITH"},{"data":"Skewer","floor":15.0,"key":"SMITH"}],"neow_cost":"NONE","seed_source_timestamp":0,"circlet_count":0,"master_deck":["AscendersBane","Defend_G","Defend_G","Defend_G","Defend_G","Defend_G","Strike_G","Strike_G","Strike_G","Strike_G","Strike_G","Survivor","Neutralize","Skewer+1","Escape Plan","Footwork+1","Dagger Throw","Dash+1","Dagger Spray","Die Die Die"],"special_seed":0,"relics":["Ring of the Snake","NeowsBlessing","Dodecahedron","Blood Vial","Mango","Question Card","Matryoshka"],"potions_floor_usage":[16],"damage_taken":[{"damage":0.0,"enemies":"Cultist","floor":1.0,"turns":1.0},{"damage":0.0,"enemies":"2 Louse","floor":3.0,"turns":1.0},{"damage":0.0,"enemies":"Gremlin Nob","floor":6.0,"turns":1.0},{"damage":4.0,"enemies":"Jaw Worm","floor":7.0,"turns":5.0},{"damage":7.0,"enemies":"Exordium Wildlife","floor":11.0,"turns":6.0},{"damage":24.0,"enemies":"3 Sentries","floor":14.0,"turns":9.0},{"damage":47,"enemies":"The Guardian","floor":16,"turns":13}],"seed_played":"-2996962100047035806","potions_obtained":[{"floor":6.0,"key":"Weak Potion"}],"is_trial":false,"path_per_floor":["M","?","M","?","$","E","M","R","T","R","M","?","$","E","R","B"],"character_chosen":"THE_SILENT","items_purchased":["Footwork"],"campfire_rested":0,"item_purchase_floors":[5],"current_hp_per_floor":[59,54,54,54,54,70,68,68,68,68,63,63,63,41,41,0],"gold":65,"neow_bonus":"THREE_ENEMY_KILL","is_prod":false,"is_daily":false,"chose_seed":false,"campfire_upgraded":3,"win_rate":0,"timestamp":1550892855,"path_taken":["M","?","M","?","?","E","M","R","T","R","?","?","$","E","R","BOSS"],"build_version":"2019-01-23","purchased_purges":1,"victory":false,"max_hp_per_floor":[66,66,66,66,66,80,80,80,80,80,80,80,80,80,80,80],"card_choices":[{"not_picked":["PiercingWail","Dagger Throw"],"picked":"Skewer","floor":1.0},{"not_picked":["PiercingWail","Crippling Poison"],"picked":"Escape Plan","floor":3.0},{"not_picked":["Reflex","Concentrate"],"picked":"Dagger Throw","floor":6.0},{"not_picked":["Endless Agony","Slice"],"picked":"Dash","floor":7.0},{"not_picked":["PiercingWail","Skewer","Dagger Throw"],"picked":"Dagger Spray","floor":11.0},{"not_picked":["Backstab","Riddle With Holes","Flying Knee"],"picked":"Die Die Die","floor":14.0}],"player_experience":987088,"relics_obtained":[{"floor":6.0,"key":"Mango"},{"floor":9.0,"key":"Question Card"},{"floor":14.0,"key":"Matryoshka"}],"event_choices":[{"damage_healed":0.0,"max_hp_gain":0.0,"max_hp_loss":0.0,"gold_gain":0.0,"event_name":"Scrap Ooze","player_choice":"Success","floor":2.0,"gold_loss":0.0,"damage_taken":5.0,"relics_obtained":["Dodecahedron"]},{"damage_healed":0.0,"max_hp_gain":0.0,"max_hp_loss":0.0,"gold_gain":0.0,"event_name":"Big Fish","player_choice":"Box","floor":4.0,"gold_loss":0.0,"damage_taken":0.0,"relics_obtained":["Blood Vial"],"cards_obtained":["Regret"]},{"damage_healed":0.0,"max_hp_gain":0.0,"max_hp_loss":0.0,"gold_gain":0.0,"event_name":"Dead Adventurer","player_choice":"Searched \u00271\u0027 times","floor":12.0,"gold_loss":0.0,"damage_taken":0.0}],"is_beta":false,"boss_relics":[],"items_purged_floors":[13],"is_endless":false,"potions_floor_spawned":[6],"killed_by":"The Guardian","ascension_level":19}