{"gold_per_floor":[114,134,149,149,149,149,74,103,128,144,104,104,120,135,135,231,231,250,89,89,4,18,18,18],"floor_reached":24,"playtime":2267,"items_purged":["Defend_G"],"score":363,"play_id":"6ade67be-2a4f-41a1-b2af-3ad4a692f388","local_time":"20190303031755","is_ascension_mode":true,"campfire_choices":[{"data":"Night Terror","floor":6,"key":"SMITH"},{"floor":12,"key":"REST"},{"floor":15,"key":"REST"},{"floor":23,"key":"REST"}],"neow_cost":"NONE","seed_source_timestamp":341066383254944,"circlet_count":0,"master_deck":["AscendersBane","Defend_G","Defend_G","Defend_G","Defend_G","Strike_G","Strike_G","Strike_G","Survivor","Neutralize","Night Terror+1","Backstab","Calculated Gamble","Tactician","Backflip","Reflex","Footwork","Well Laid Plans","Prepared","Adrenaline","Dodge and Roll","Footwork","Noxious Fumes"],"relics":["Ring of the Serpent","Golden Idol","Odd Mushroom","Vajra","Centennial Puzzle"],"potions_floor_usage":[8,16,22],"damage_taken":[{"damage":0,"enemies":"2 Louse","floor":1,"turns":4},{"damage":7,"enemies":"Jaw Worm","floor":2,"turns":4},{"damage":8,"enemies":"Small Slimes","floor":3,"turns":2},{"damage":20,"enemies":"The Mushroom Lair","floor":8,"turns":5},{"damage":2,"enemies":"Blue Slaver","floor":10,"turns":5},{"damage":6,"enemies":"Looter","floor":13,"turns":2},{"damage":18,"enemies":"Large Slime","floor":14,"turns":10},{"damage":39,"enemies":"The Guardian","floor":16,"turns":30},{"damage":13,"enemies":"Spheric Guardian","floor":18,"turns":10},{"damage":22,"enemies":"Colosseum Slavers","floor":20,"turns":8},{"damage":4,"enemies":"Chosen","floor":22,"turns":13},{"damage":32,"enemies":"Gremlin Leader","floor":24,"turns":2}],"seed_played":"-5716040149905574158","potions_obtained":[{"floor":1,"key":"Regen Potion"},{"floor":3,"key":"Explosive Potion"},{"floor":13,"key":"Ancient Potion"}],"is_trial":false,"path_per_floor":["M","M","M","?","?","R","?","?","T","M","$","R","M","M","R","B",null,"M","$","?","?","M","R","E"],"character_chosen":"THE_SILENT","items_purchased":["Footwork","Footwork"],"campfire_rested":3,"item_purchase_floors":[11,19],"current_hp_per_floor":[59,52,44,44,37,37,37,17,17,15,15,33,27,9,27,3,46,33,33,11,11,7,25,0],"gold":18,"neow_bonus":"ONE_RANDOM_RARE_CARD","is_prod":false,"is_daily":false,"chose_seed":false,"campfire_upgraded":1,"win_rate":0,"timestamp":1551572275,"path_taken":["M","M","M","?","?","R","?","?","T","M","$","R","M","M","R","BOSS","M","$","?","?","M","R","E"],"build_version":"2019-01-23","purchased_purges":1,"victory":false,"max_hp_per_floor":[66,66,66,60,60,60,60,60,60,60,60,60,60,60,60,60,60,60,60,60,60,60,60,60],"card_choices":[{"not_picked":["Predator","Dagger Throw"],"picked":"Backstab","floor":1},{"not_picked":["Prepared","Quick Slash"],"picked":"Calculated Gamble","floor":2},{"not_picked":["Acrobatics","Choke"],"picked":"Tactician","floor":3},{"not_picked":["Outmaneuver","Deflect"],"picked":"Backflip","floor":8},{"not_picked":["Acrobatics","Cloak And Dagger"],"picked":"Reflex","floor":10},{"not_picked":["Prepared","PiercingWail"],"picked":"Well Laid Plans","floor":13},{"not_picked":["Endless Agony","Riddle With Holes"],"picked":"Prepared","floor":14},{"not_picked":["Wraith Form v2","Die Die Die"],"picked":"Adrenaline","floor":16},{"not_picked":["Calculated Gamble","PiercingWail"],"picked":"Dodge and Roll","floor":18},{"not_picked":["Concentrate","Caltrops"],"picked":"Noxious Fumes","floor":22}],"player_experience":1002417,"relics_obtained":[{"floor":8,"key":"Odd Mushroom"},{"floor":9,"key":"Vajra"}],"event_choices":[{"damage_healed":0,"gold_gain":0,"player_choice":"Lose Max HP","damage_taken":0,"relics_obtained":["Golden Idol"],"max_hp_gain":0,"max_hp_loss":6,"event_name":"Golden Idol","floor":4,"gold_loss":0},{"cards_removed":["Strike_G"],"damage_healed":0,"gold_gain":0,"player_choice":"Card Removal","damage_taken":7,"max_hp_gain":0,"max_hp_loss":0,"event_name":"Golden Wing","floor":5,"gold_loss":0},{"cards_removed":["Strike_G"],"damage_healed":0,"gold_gain":0,"player_choice":"Card Removal","damage_taken":0,"max_hp_gain":0,"max_hp_loss":0,"event_name":"The Cleric","floor":7,"gold_loss":75},{"damage_healed":0,"gold_gain":0,"player_choice":"Fought Mushrooms","damage_taken":0,"max_hp_gain":0,"max_hp_loss":0,"event_name":"Mushrooms","floor":8,"gold_loss":0},{"damage_healed":0,"gold_gain":0,"player_choice":"Fight","damage_taken":0,"max_hp_gain":0,"max_hp_loss":0,"event_name":"Colosseum","floor":20,"gold_loss":0},{"damage_healed":0,"gold_gain":0,"player_choice":"Fled From Nobs","damage_taken":0,"max_hp_gain":0,"max_hp_loss":0,"event_name":"Colosseum","floor":20,"gold_loss":0},{"damage_healed":0,"gold_gain":0,"player_choice":"Obtained Relic","damage_taken":0,"relics_obtained":["Centennial Puzzle"],"max_hp_gain":0,"max_hp_loss":0,"event_name":"Addict","floor":21,"gold_loss":85}],"is_beta":false,"boss_relics":[{"not_picked":["White Beast Statue","Philosopher\u0027s Stone"],"picked":"Ring of the Serpent"}],"items_purged_floors":[19],"is_endless":false,"potions_floor_spawned":[1,3,13,20],"killed_by":"Gremlin Leader","ascension_level":19}