{"gold_per_floor":[112,129,129,44,60,60,92,92,141,141,141,155,171,200,200,200],"floor_reached":16,"playtime":505,"items_purged":[],"score":190,"play_id":"a449cfa2-378a-4542-83ae-41fe04f1f9cb","local_time":"20190207032659","is_ascension_mode":true,"campfire_choices":[{"data":"Defragment","floor":6,"key":"SMITH"},{"floor":8,"key":"REST"},{"floor":10,"key":"REST"},{"floor":15,"key":"REST"}],"neow_cost":"NONE","seed_source_timestamp":85241424946792,"circlet_count":0,"master_deck":["AscendersBane","Strike_B+1","Strike_B","Strike_B","Strike_B","Defend_B","Defend_B","Defend_B","Defend_B","Zap","Dualcast","Go for the Eyes+1","Self Repair","Defragment+1","Blizzard","Seek","Ball Lightning","White Noise","Conserve Battery"],"relics":["Cracked Core","NeowsBlessing","CultistMask","Whetstone","Bag of Preparation","Odd Mushroom"],"potions_floor_usage":[16],"damage_taken":[{"damage":0,"enemies":"Jaw Worm","floor":1,"turns":1},{"damage":0,"enemies":"Cultist","floor":2,"turns":1},{"damage":0,"enemies":"2 Louse","floor":5,"turns":1},{"damage":70,"enemies":"3 Sentries","floor":7,"turns":9},{"damage":7,"enemies":"Large Slime","floor":12,"turns":4},{"damage":7,"enemies":"Looter","floor":13,"turns":3},{"damage":31,"enemies":"The Mushroom Lair","floor":14,"turns":3},{"damage":29,"enemies":"Slime Boss","floor":16,"turns":3}],"seed_played":"-6397976075506156267","potions_obtained":[{"floor":1,"key":"Poison Potion"},{"floor":5,"key":"FearPotion"},{"floor":7,"key":"Weak Potion"},{"floor":12,"key":"Dexterity Potion"},{"floor":14,"key":"EssenceOfSteel"}],"is_trial":false,"path_per_floor":["M","M","?","$","M","R","E","R","T","R","?","M","M","?","R","B"],"character_chosen":"DEFECT","items_purchased":["Defragment"],"campfire_rested":3,"item_purchase_floors":[4],"current_hp_per_floor":[64,64,64,64,71,71,1,22,22,43,43,36,36,5,26,0],"gold":200,"neow_bonus":"THREE_ENEMY_KILL","is_prod":false,"is_daily":false,"chose_seed":false,"campfire_upgraded":1,"win_rate":0,"timestamp":1549499219,"path_taken":["M","M","?","$","?","R","E","R","T","R","?","M","M","?","R","BOSS"],"build_version":"2019-01-23","purchased_purges":0,"victory":false,"max_hp_per_floor":[71,71,71,71,71,71,71,71,71,71,71,71,71,71,71,71],"card_choices":[{"not_picked":["Sunder","Hologram"],"picked":"Go for the Eyes","floor":1},{"not_picked":["Cold Snap","Beam Cell"],"picked":"Self Repair","floor":2},{"not_picked":["FTL","Compile Driver"],"picked":"Blizzard","floor":5},{"not_picked":["Genetic Algorithm","Aggregate"],"picked":"Seek","floor":7},{"not_picked":["Leap","Genetic Algorithm"],"picked":"Ball Lightning","floor":12},{"not_picked":["Leap","Turbo"],"picked":"White Noise","floor":13},{"not_picked":["Streamline","Consume"],"picked":"Conserve Battery","floor":14}],"player_experience":932132,"relics_obtained":[{"floor":7,"key":"Whetstone"},{"floor":9,"key":"Bag of Preparation"},{"floor":14,"key":"Odd Mushroom"}],"event_choices":[{"damage_healed":0,"gold_gain":0,"player_choice":"Trade","damage_taken":0,"relics_obtained":["CultistMask"],"max_hp_gain":0,"max_hp_loss":0,"event_name":"FaceTrader","floor":3,"gold_loss":0},{"damage_healed":0,"gold_gain":0,"player_choice":"Ignored","damage_taken":0,"max_hp_gain":0,"max_hp_loss":0,"event_name":"Liars Game","floor":11,"gold_loss":0},{"damage_healed":0,"gold_gain":0,"player_choice":"Fought Mushrooms","damage_taken":0,"max_hp_gain":0,"max_hp_loss":0,"event_name":"Mushrooms","floor":14,"gold_loss":0}],"is_beta":false,"boss_relics":[],"items_purged_floors":[],"is_endless":false,"potions_floor_spawned":[1,5,7,12,14],"killed_by":"Slime Boss","ascension_level":18}