{"gold_per_floor":[115,165,165,177,195,195,230,249,249,249,249,264,264],"floor_reached":13,"playtime":4509,"items_purged":[],"score":170,"play_id":"d6f4ce16-42a4-4fd0-b854-b99122d4d1a7","local_time":"20190528014035","is_ascension_mode":true,"campfire_choices":[{"data":"Zap","floor":6.0,"key":"SMITH"},{"floor":11,"key":"REST"}],"neow_cost":"NONE","seed_source_timestamp":0,"circlet_count":0,"master_deck":["AscendersBane","Strike_B","Strike_B","Strike_B","Strike_B","Defend_B","Defend_B","Defend_B","Defend_B","Zap+1","Dualcast","Steam","Conserve Battery","Capacitor"],"special_seed":0,"relics":["Cracked Core","Oddly Smooth Stone","Meat on the Bone"],"potions_floor_usage":[13],"damage_taken":[{"damage":0.0,"enemies":"2 Louse","floor":1.0,"turns":3.0},{"damage":0.0,"enemies":"Cultist","floor":4.0,"turns":3.0},{"damage":2.0,"enemies":"Small Slimes","floor":5.0,"turns":3.0},{"damage":38.0,"enemies":"3 Sentries","floor":7.0,"turns":10.0},{"damage":8,"enemies":"Blue Slaver","floor":8,"turns":4},{"damage":23,"enemies":"Large Slime","floor":12,"turns":6},{"damage":38,"enemies":"Gremlin Nob","floor":13,"turns":3}],"seed_played":"-7478558547492590105","potions_obtained":[{"floor":1.0,"key":"SpeedPotion"},{"floor":5.0,"key":"Strength Potion"}],"is_trial":false,"path_per_floor":["M","?","$","M","M","R","E","M","T","?","R","M","E"],"character_chosen":"DEFECT","items_purchased":[],"campfire_rested":1,"item_purchase_floors":[],"current_hp_per_floor":[64,64,64,64,62,62,24,16,16,5,26,15,0],"gold":264,"neow_bonus":"RANDOM_COMMON_RELIC","is_prod":false,"is_daily":false,"chose_seed":false,"campfire_upgraded":1,"win_rate":0,"timestamp":1558996835,"path_taken":["M","?","?","M","M","R","E","?","T","?","R","M","E"],"build_version":"2019-01-23","purchased_purges":0,"victory":false,"max_hp_per_floor":[71,71,71,71,71,71,71,71,71,71,71,71,71],"card_choices":[{"not_picked":["Turbo","Undo"],"picked":"Steam","floor":1.0},{"not_picked":["Barrage","Redo"],"picked":"Conserve Battery","floor":4.0},{"not_picked":["Stack","Streamline","Conserve Battery"],"picked":"SKIP","floor":5.0},{"not_picked":["Lockon","Leap"],"picked":"Capacitor","floor":7},{"not_picked":["Skim","Undo","Static Discharge"],"picked":"SKIP","floor":8},{"not_picked":["Reprogram","Steam","Genetic Algorithm"],"picked":"SKIP","floor":12}],"player_experience":1131405,"relics_obtained":[{"floor":9,"key":"Meat on the Bone"}],"event_choices":[{"damage_healed":0.0,"max_hp_gain":0.0,"max_hp_loss":0.0,"gold_gain":50.0,"event_name":"Golden Shrine","player_choice":"Pray","floor":2.0,"gold_loss":0.0,"damage_taken":0.0},{"damage_healed":0,"gold_gain":0,"player_choice":"Fled","damage_taken":11,"max_hp_gain":0,"max_hp_loss":0,"event_name":"Scrap Ooze","floor":10,"gold_loss":0}],"is_beta":false,"boss_relics":[],"items_purged_floors":[],"is_endless":false,"potions_floor_spawned":[1,5,8],"killed_by":"Gremlin Nob","ascension_level":20}