{"gold_per_floor":[119,139,214,214,231,259,259,8,32,45,76,94,125,125,125,227,227,247,264,275,275,92,92],"floor_reached":23,"playtime":1353,"items_purged":[],"score":273,"play_id":"1992e6ee-7e4c-49e1-8af5-69484b5aa1b4","local_time":"20190501151927","is_ascension_mode":true,"campfire_choices":[{"data":"Conserve Battery","floor":7,"key":"SMITH"},{"data":"Leap","floor":15,"key":"SMITH"}],"neow_cost":"NONE","seed_source_timestamp":1127148619075100,"circlet_count":0,"master_deck":["Zap","Dualcast","Conserve Battery+1","Rip and Tear","Streamline","Double Energy","Leap+1","Beam Cell","Rebound","Sweeping Beam","Redo","Reboot","Glacier","Redo","Loop","Redo","Compile Driver","Self Repair","Turbo","Conserve Battery","Streamline","Capacitor","Rainbow","Redo","Capacitor"],"relics":["Cracked Core","Bag of Marbles","Boot","Potion Belt","Lee\u0027s Waffle","Ancient Tea Set","Happy Flower","Bronze Scales","Pandora\u0027s Box"],"potions_floor_usage":[13,16,16,23],"damage_taken":[{"damage":12,"enemies":"Small Slimes","floor":1,"turns":3},{"damage":0,"enemies":"Cultist","floor":2,"turns":3},{"damage":0,"enemies":"2 Louse","floor":5,"turns":2},{"damage":13,"enemies":"Lagavulin","floor":6,"turns":5},{"damage":0,"enemies":"Looter","floor":10,"turns":2},{"damage":0,"enemies":"3 Sentries","floor":11,"turns":7},{"damage":12,"enemies":"Exordium Thugs","floor":12,"turns":4},{"damage":8,"enemies":"Lagavulin","floor":13,"turns":4},{"damage":7,"enemies":"Slime Boss","floor":16,"turns":8},{"damage":0,"enemies":"3 Byrds","floor":18,"turns":3},{"damage":0,"enemies":"Spheric Guardian","floor":19,"turns":3},{"damage":28,"enemies":"Cultist and Chosen","floor":20,"turns":6},{"damage":63,"enemies":"Slavers","floor":23,"turns":5}],"seed_played":"8020787350605313606","potions_obtained":[{"floor":5,"key":"SteroidPotion"},{"floor":6,"key":"PowerPotion"},{"floor":12,"key":"Regen Potion"},{"floor":13,"key":"PowerPotion"}],"is_trial":false,"path_per_floor":["M","M","?","?","M","E","R","$","T","M","E","M","E","?","R","B",null,"M","M","M","?","$","E"],"character_chosen":"DEFECT","items_purchased":["Leap","Lee\u0027s Waffle","Rainbow","Redo","Capacitor"],"campfire_rested":0,"item_purchase_floors":[8,8,22,22,22],"current_hp_per_floor":[63,63,52,40,40,27,27,82,82,82,82,70,62,62,62,55,82,82,82,54,54,54,0],"gold":92,"neow_bonus":"RANDOM_COMMON_RELIC","is_prod":false,"is_daily":false,"chose_seed":false,"campfire_upgraded":2,"win_rate":0,"timestamp":1556741967,"path_taken":["M","M","?","?","M","E","R","$","T","M","E","M","E","?","R","BOSS","M","?","M","?","$","E"],"build_version":"2019-01-23","purchased_purges":0,"victory":false,"max_hp_per_floor":[75,75,75,75,75,75,75,82,82,82,82,82,82,82,82,82,82,82,82,82,82,82,82],"card_choices":[{"not_picked":["Turbo","Chaos"],"picked":"Conserve Battery","floor":1},{"not_picked":["Chaos","Coolheaded"],"picked":"Rip and Tear","floor":2},{"not_picked":["Hologram","Fusion"],"picked":"Streamline","floor":5},{"not_picked":["Scrape","Chaos"],"picked":"Double Energy","floor":6},{"not_picked":["Buffer","BootSequence"],"picked":"Beam Cell","floor":10},{"not_picked":["Double Energy","Gash"],"picked":"Rebound","floor":11},{"not_picked":["Melter","Coolheaded"],"picked":"Sweeping Beam","floor":12},{"not_picked":["Compile Driver","Steam"],"picked":"Redo","floor":13},{"not_picked":["Multi-Cast","Seek"],"picked":"Reboot","floor":16},{"not_picked":["Steam","Compile Driver"],"picked":"Conserve Battery","floor":18},{"not_picked":["Self Repair","Coolheaded"],"picked":"Streamline","floor":19},{"not_picked":["FTL+1","Barrage"],"picked":"Capacitor","floor":20}],"player_experience":80053,"relics_obtained":[{"floor":6,"key":"Potion Belt"},{"floor":9,"key":"Ancient Tea Set"},{"floor":11,"key":"Happy Flower"},{"floor":13,"key":"Bronze Scales"}],"event_choices":[{"damage_healed":0,"gold_gain":75,"player_choice":"Gather Gold","damage_taken":11,"max_hp_gain":0,"max_hp_loss":0,"event_name":"World of Goop","floor":3,"gold_loss":0},{"damage_healed":0,"gold_gain":0,"player_choice":"Success","damage_taken":12,"relics_obtained":["Boot"],"max_hp_gain":0,"max_hp_loss":0,"event_name":"Scrap Ooze","floor":4,"gold_loss":0},{"cards_removed":["Defend_B"],"damage_healed":0,"gold_gain":0,"player_choice":"Purged","damage_taken":0,"max_hp_gain":0,"max_hp_loss":0,"event_name":"Purifier","floor":14,"gold_loss":0},{"damage_healed":0,"gold_gain":0,"player_choice":"Ignored","damage_taken":0,"max_hp_gain":0,"max_hp_loss":0,"event_name":"Vampires","floor":21,"gold_loss":0}],"is_beta":false,"boss_relics":[{"not_picked":["Snecko Eye","White Beast Statue"],"picked":"Pandora\u0027s Box"}],"items_purged_floors":[],"is_endless":false,"potions_floor_spawned":[5,6,12,13],"killed_by":"Slavers","ascension_level":1}