{"gold_per_floor":[119,131,281,21,21,21,21,21,21,21,8,43,67,98,98,98],"floor_reached":16,"playtime":429,"items_purged":["Doubt"],"score":262,"play_id":"292a81a9-d1c8-4426-96fe-b77182ac4acd","local_time":"20190412191101","is_ascension_mode":true,"campfire_choices":[{"data":"Zap","floor":6,"key":"SMITH"},{"data":"Go for the Eyes","floor":8,"key":"SMITH"},{"data":"Dualcast","floor":10,"key":"SMITH"},{"data":"Loop","floor":15,"key":"SMITH"}],"neow_cost":"NONE","seed_source_timestamp":19267924314275,"circlet_count":0,"master_deck":["AscendersBane","Strike_B","Strike_B","Strike_B","Defend_B","Defend_B","Defend_B","Defend_B","Zap+1","Dualcast+1","Go for the Eyes+1","Go for the Eyes","Cold Snap","Self Repair","Barrage","Loop+1"],"relics":["Cracked Core","NeowsBlessing","Membership Card","Golden Idol","Calipers","Gambling Chip","Toxic Egg 2"],"potions_floor_usage":[16],"damage_taken":[{"damage":0,"enemies":"2 Louse","floor":1,"turns":1},{"damage":0,"enemies":"Cultist","floor":2,"turns":1},{"damage":0,"enemies":"Gremlin Nob","floor":12,"turns":1},{"damage":5,"enemies":"Jaw Worm","floor":13,"turns":3},{"damage":30,"enemies":"3 Sentries","floor":14,"turns":9},{"damage":44,"enemies":"Hexaghost","floor":16,"turns":14}],"seed_played":"2569862782245614338","potions_obtained":[{"floor":2,"key":"Weak Potion"},{"floor":13,"key":"SneckoOil"}],"is_trial":false,"path_per_floor":["M","M","?","$","?","R","?","R","T","R","$","E","M","E","R","B"],"character_chosen":"DEFECT","items_purchased":["Membership Card","Cold Snap"],"campfire_rested":0,"item_purchase_floors":[4,11],"current_hp_per_floor":[64,64,64,64,64,64,64,64,64,64,64,64,64,41,41,0],"gold":98,"neow_bonus":"THREE_ENEMY_KILL","is_prod":false,"is_daily":false,"chose_seed":false,"campfire_upgraded":4,"win_rate":0,"timestamp":1555089061,"path_taken":["M","M","?","$","?","R","?","R","T","R","$","E","?","E","R","BOSS"],"build_version":"2019-04-04","purchased_purges":1,"victory":false,"max_hp_per_floor":[71,71,71,71,64,64,64,64,64,64,64,64,64,64,64,64],"card_choices":[{"not_picked":["Beam Cell","Blizzard"],"picked":"Go for the Eyes","floor":1},{"not_picked":["Hello World","Loop"],"picked":"Go for the Eyes","floor":2},{"not_picked":["Rip and Tear","Turbo"],"picked":"Self Repair","floor":12},{"not_picked":["Stack","Recycle"],"picked":"Barrage","floor":13},{"not_picked":["Go for the Eyes","Meteor Strike"],"picked":"Loop","floor":14}],"player_experience":1110022,"relics_obtained":[{"floor":9,"key":"Calipers"},{"floor":12,"key":"Gambling Chip"},{"floor":14,"key":"Toxic Egg 2"}],"event_choices":[{"damage_healed":0,"gold_gain":150,"player_choice":"AGREE","damage_taken":0,"max_hp_gain":0,"max_hp_loss":0,"event_name":"Liars Game","floor":3,"gold_loss":0,"cards_obtained":["Doubt"]},{"damage_healed":0,"gold_gain":0,"player_choice":"Lose Max HP","damage_taken":0,"relics_obtained":["Golden Idol"],"max_hp_gain":0,"max_hp_loss":7,"event_name":"Golden Idol","floor":5,"gold_loss":0},{"cards_removed":["Strike_B"],"damage_healed":0,"gold_gain":0,"player_choice":"Purged","damage_taken":0,"max_hp_gain":0,"max_hp_loss":0,"event_name":"Purifier","floor":7,"gold_loss":0}],"is_beta":true,"boss_relics":[],"items_purged_floors":[4],"is_endless":false,"potions_floor_spawned":[2,13],"killed_by":"Hexaghost","ascension_level":20}