{"path_per_floor":["M","?","?","?","M","E","?","R","T","M","M","M","R","M","R"],"character_chosen":"IRONCLAD","items_purchased":[],"gold_per_floor":[16,16,16,16,40,76,76,76,147,160,176,200,200,213,213,213],"floor_reached":16,"campfire_rested":2,"playtime":454,"item_purchase_floors":[],"current_hp_per_floor":[74,74,50,43,48,15,20,50,50,56,54,59,89,95,95,0],"items_purged":[],"gold":213,"score":158,"play_id":"843ea720-aa46-48aa-bb34-83fb4b1ab0ab","local_time":"20180621225513","is_prod":false,"is_daily":false,"chose_seed":false,"is_ascension_mode":true,"campfire_upgraded":1,"win_rate":0,"timestamp":1529614513,"campfire_choices":[{"floor":8.0,"key":"REST"},{"floor":13,"key":"REST"},{"data":"Shrug It Off","floor":15,"key":"SMITH"}],"path_taken":["M","?","?","?","?","E","?","R","T","M","M","M","R","M","R","BOSS"],"build_version":"2018-06-20v3","seed_source_timestamp":2111352042879,"purchased_purges":0,"circlet_count":0,"victory":false,"master_deck":["Strike_R","Strike_R","Strike_R","Defend_R","Defend_R","Defend_R","Defend_R","Bash","Shrug It Off+1","Limit Break"],"max_hp_per_floor":[96,96,96,96,96,96,101,101,101,101,101,101,101,101,101,101],"special_seed":0,"relics":["Burning Blood","Golden Idol","Centennial Puzzle","Toolbox"],"card_choices":[{"not_picked":["Heavy Blade","Thunderclap","Bloodletting"],"picked":"SKIP","floor":1.0},{"not_picked":["Wild Strike","Sentinel","Headbutt"],"picked":"SKIP","floor":5.0},{"not_picked":["Warcry","Clothesline"],"picked":"Shrug It Off","floor":6.0},{"not_picked":["Rage","Warcry","Thunderclap"],"picked":"SKIP","floor":10},{"not_picked":["Clash","Combust","Iron Wave"],"picked":"SKIP","floor":11},{"not_picked":["Havoc","Clash","Perfected Strike"],"picked":"SKIP","floor":12},{"not_picked":["Iron Wave","Combust"],"picked":"Limit Break","floor":14}],"player_experience":314169,"potions_floor_usage":[11,16],"damage_taken":[{"damage":20.0,"enemies":"Jaw Worm","floor":1.0,"turns":5.0},{"damage":1.0,"enemies":"Cultist","floor":5.0,"turns":3.0},{"damage":56.0,"enemies":"Gremlin Nob","floor":6.0,"turns":5.0},{"damage":0,"enemies":"2 Louse","floor":10,"turns":3},{"damage":8,"enemies":"2 Fungi Beasts","floor":11,"turns":5},{"damage":1,"enemies":"3 Louse","floor":12,"turns":3},{"damage":0,"enemies":"Blue Slaver","floor":14,"turns":8},{"damage":99,"enemies":"Slime Boss","floor":16,"turns":12}],"relics_obtained":[{"floor":6.0,"key":"Centennial Puzzle"},{"floor":9.0,"key":"Toolbox"}],"event_choices":[{"event_name":"Bonfire Elementals","player_choice":"BASIC","floor":2.0,"damage_taken":0.0},{"event_name":"Golden Idol","player_choice":"Take Damage","floor":3.0,"damage_taken":0.0},{"event_name":"Golden Wing","player_choice":"Card Removal","floor":4.0,"damage_taken":0.0},{"event_name":"Big Fish","player_choice":"Donut","floor":7.0,"damage_taken":0.0}],"boss_relics":[],"items_purged_floors":[],"is_endless":false,"potions_floor_spawned":[5,10,12],"seed_played":"-3086169133045911853","killed_by":"Slime Boss","ascension_level":6,"potions_obtained":[{"floor":5.0,"key":"FairyPotion"},{"floor":10,"key":"Poison Potion"},{"floor":12,"key":"SneckoOil"}],"is_trial":false}