{"path_per_floor":["M","M","M","?","?","E","R","E","T","R","?","M","M","$","R","B",null,"M","M","?","M","$","?","R","E","T"],"character_chosen":"THE_SILENT","items_purchased":["Matryoshka","Whetstone","Footwork"],"gold_per_floor":[119,139,156,156,156,184,184,216,216,216,391,402,420,101,101,201,201,216,226,226,243,21,21,21,47,73],"floor_reached":27,"campfire_rested":3,"playtime":2476,"current_hp_per_floor":[70,70,62,59,59,28,49,29,29,50,50,41,29,29,50,47,70,56,56,40,10,10,70,70,30,30],"items_purged":["Doubt"],"gold":73,"score":241,"play_id":"1ef51c10-4da1-4b4f-b661-55f53ec61732","local_time":"20180314180346","is_prod":false,"is_daily":false,"is_ascension_mode":false,"campfire_upgraded":1,"timestamp":1521047026,"path_taken":["M","?","M","?","?","E","R","E","T","R","?","M","M","$","R","BOSS","M","M","?","?","$","?","R","E","T","E"],"build_version":"2018-03-09","purchased_purges":1,"victory":false,"master_deck":["Defend_G","Defend_G","Defend_G","Strike_G+1","Strike_G","Strike_G","Strike_G","Survivor","Neutralize","Deadly Poison+1","Night Terror+1","Skewer+1","Infinite Blades","Deadly Poison","Prepared","Corpse Explosion+1","Deflect","Backflip","Dodge and Roll","Adrenaline","Dodge and Roll","PiercingWail","PiercingWail","PiercingWail","Flying Knee","Sucker Punch+1","Malaise","Blur","Footwork+1","Outmaneuver+1"],"max_hp_per_floor":[70,70,70,70,70,70,70,70,70,70,70,70,70,70,70,70,70,70,70,70,70,70,70,70,70,70],"relics":["Astrolabe","Oddly Smooth Stone","Bottled Lightning","Toolbox","Ancient Tea Set","Matryoshka","Orrery","Enchiridion","Whetstone","Vajra","Singing Bowl","Bag of Preparation"],"card_choices":[{"not_picked":["Eviscerate","Underhanded Strike"],"picked":"Infinite Blades"},{"not_picked":["Dagger Throw","Outmaneuver"],"picked":"Deadly Poison"},{"not_picked":["Acrobatics","Flechettes"],"picked":"Prepared"},{"not_picked":["Flechettes","Endless Agony"],"picked":"Corpse Explosion"},{"not_picked":["Flechettes","Flying Knee"],"picked":"Deflect"},{"not_picked":["Dodge and Roll","Finisher"],"picked":"Backflip"},{"not_picked":["Terror","Flechettes"],"picked":"Dodge and Roll"},{"not_picked":["Tools of the Trade","Bullet Time"],"picked":"Adrenaline"},{"not_picked":["Flying Knee","Accuracy"],"picked":"Dodge and Roll"},{"not_picked":["Cloak And Dagger","Acrobatics"],"picked":"PiercingWail"},{"not_picked":["Deadly Poison","Night Terror"],"picked":"PiercingWail"},{"not_picked":["Flying Knee","Bane"],"picked":"PiercingWail"},{"not_picked":["Deadly Poison","Outmaneuver"],"picked":"Flying Knee"},{"not_picked":["Backflip","Underhanded Strike"],"picked":"Sucker Punch"},{"not_picked":["Sucker Punch","Quick Slash"],"picked":"Malaise"},{"not_picked":["Infinite Blades","Acrobatics"],"picked":"Blur"},{"not_picked":["PiercingWail","Calculated Gamble"],"picked":"Outmaneuver"}],"player_experience":126232,"potions_floor_usage":[21,27],"damage_taken":[{"damage":0.0,"enemies":"Cultist","floor":1.0,"turns":3.0},{"damage":0.0,"enemies":"Small Slimes","floor":2.0,"turns":3.0},{"damage":8.0,"enemies":"Jaw Worm","floor":3.0,"turns":2.0},{"damage":31.0,"enemies":"Lagavulin","floor":6.0,"turns":6.0},{"damage":20.0,"enemies":"Gremlin Nob","floor":8.0,"turns":4.0},{"damage":9.0,"enemies":"2 Fungi Beasts","floor":12.0,"turns":3.0},{"damage":12.0,"enemies":"3 Louse","floor":13.0,"turns":3.0},{"damage":18.0,"enemies":"The Guardian","floor":16.0,"turns":7.0},{"damage":14.0,"enemies":"Shell Parasite","floor":18.0,"turns":11.0},{"damage":0.0,"enemies":"Chosen","floor":19.0,"turns":6.0},{"damage":30,"enemies":"Chosen and Byrds","floor":21,"turns":7},{"damage":40,"enemies":"Slavers","floor":25,"turns":11},{"damage":38,"enemies":"Gremlin Leader","floor":27,"turns":4}],"event_choices":[{"event_name":"Scrap Ooze","player_choice":"success","floor":4.0,"damage_taken":3.0},{"event_name":"The Cleric","player_choice":"Leave","floor":5.0,"damage_taken":0.0},{"event_name":"Liars Game","player_choice":"agreed","floor":11.0,"damage_taken":0.0},{"event_name":"Cursed Tome","player_choice":"Obtained Book","floor":20,"damage_taken":0},{"event_name":"Wheel of Change","player_choice":"Full Heal","floor":23,"damage_taken":0}],"boss_relics":[],"potions_floor_spawned":[1,2,6,12,13,19,21,25],"seed_played":"-2362190887881260998","killed_by":"Gremlin Leader","ascension_level":0,"is_trial":false}