{"gold_per_floor":[112,112,9,9,19,19,48,67,67,102,115,125,144,144,144,216,216,195,245,37,37,51,51,86,86,86,86],"floor_reached":27,"playtime":950,"items_purged":["Strike_B"],"score":532,"play_id":"6302706a-d6f4-4785-849c-a5779d585b38","local_time":"20190402041824","is_ascension_mode":true,"campfire_choices":[{"data":"Streamline","floor":6.0,"key":"SMITH"},{"data":"White Noise","floor":15.0,"key":"SMITH"},{"data":"Apotheosis","floor":23.0,"key":"SMITH"},{"data":"Defragment","floor":25.0,"key":"SMITH"}],"neow_cost":"NONE","seed_source_timestamp":35810827945898,"circlet_count":0,"master_deck":["AscendersBane","Strike_B+1","Strike_B","Strike_B+1","Defend_B","Defend_B","Defend_B","Defend_B","Zap","Dualcast","Streamline+1","Gash","Coolheaded","Ball Lightning","Leap","Barrage","Steam","Core Surge","Leap","White Noise+1","BootSequence","Ball Lightning","Core Surge","Defragment+1","Cold Snap","Apotheosis+1","Seek","Reinforced Body+1","Reboot"],"special_seed":0,"relics":["Cracked Core","NeowsBlessing","Prayer Wheel","Ancient Tea Set","Pen Nib","Question Card","Eternal Feather","Nloth\u0027s Gift","Molten Egg 2","Regal Pillow"],"potions_floor_usage":[27],"damage_taken":[{"damage":0.0,"enemies":"2 Louse","floor":1.0,"turns":1.0},{"damage":0.0,"enemies":"Jaw Worm","floor":5.0,"turns":1.0},{"damage":0.0,"enemies":"Lagavulin","floor":7.0,"turns":1.0},{"damage":0.0,"enemies":"Cultist","floor":8.0,"turns":2.0},{"damage":11.0,"enemies":"3 Sentries","floor":10.0,"turns":6.0},{"damage":11.0,"enemies":"Looter","floor":11.0,"turns":2.0},{"damage":5.0,"enemies":"Large Slime","floor":12.0,"turns":4.0},{"damage":17.0,"enemies":"Exordium Wildlife","floor":13.0,"turns":5.0},{"damage":9.0,"enemies":"The Guardian","floor":16.0,"turns":10.0},{"damage":8.0,"enemies":"2 Thieves","floor":18.0,"turns":4.0},{"damage":23.0,"enemies":"3 Byrds","floor":22.0,"turns":6.0},{"damage":28.0,"enemies":"Gremlin Leader","floor":24.0,"turns":8.0},{"damage":38,"enemies":"Slavers","floor":27,"turns":6}],"seed_played":"8969551637950700403","potions_obtained":[{"floor":8.0,"key":"Strength Potion"},{"floor":10.0,"key":"Weak Potion"},{"floor":13.0,"key":"Block Potion"},{"floor":22.0,"key":"Regen Potion"},{"floor":24.0,"key":"Ancient Potion"}],"is_trial":false,"path_per_floor":["M","?","$","?","M","R","E","M","T","E","M","M","M","T","R","B",null,"M","?","$","?","M","R","E","R","T","E"],"character_chosen":"DEFECT","items_purchased":["Gash","Apotheosis"],"campfire_rested":0,"item_purchase_floors":[3,20],"current_hp_per_floor":[64,43,43,66,66,66,66,66,66,55,44,39,22,22,22,13,57,49,49,49,49,26,41,28,43,43,5],"gold":86,"neow_bonus":"THREE_ENEMY_KILL","is_prod":false,"is_daily":false,"chose_seed":false,"campfire_upgraded":4,"win_rate":0,"timestamp":1554171504,"path_taken":["M","?","$","?","?","R","E","M","T","E","M","M","M","?","R","BOSS","M","?","$","?","M","R","E","R","T","E"],"build_version":"2019-03-15","purchased_purges":1,"victory":false,"max_hp_per_floor":[71,71,71,71,71,71,71,71,71,71,71,71,71,71,71,71,71,71,71,71,71,71,71,71,71,71,71],"card_choices":[{"not_picked":["Compile Driver","Steam Power"],"picked":"Streamline","floor":1.0},{"not_picked":["Go for the Eyes","Recycle"],"picked":"Coolheaded","floor":5.0},{"not_picked":["Hyperbeam","Barrage"],"picked":"Ball Lightning","floor":7.0},{"not_picked":["Go for the Eyes","Skim"],"picked":"Leap","floor":8.0},{"not_picked":["Heatsinks","Redo"],"picked":"Barrage","floor":8.0},{"not_picked":["Ball Lightning","Fusion"],"picked":"Steam","floor":10.0},{"not_picked":["Capacitor","Steam"],"picked":"Core Surge","floor":11.0},{"not_picked":["Darkness","Redo"],"picked":"Leap","floor":11.0},{"not_picked":["Chill","Ball Lightning"],"picked":"White Noise","floor":12.0},{"not_picked":["Rebound","Sweeping Beam","Compile Driver"],"picked":"SKIP","floor":12.0},{"not_picked":["Beam Cell","Machine Learning"],"picked":"BootSequence","floor":13.0},{"not_picked":["Barrage","Double Energy"],"picked":"Ball Lightning","floor":13.0},{"not_picked":["Rainbow","Meteor Strike","Hyperbeam"],"picked":"Core Surge","floor":16.0},{"not_picked":["Turbo","Self Repair","Tempest"],"picked":"Defragment","floor":18.0},{"not_picked":["Doom and Gloom","BootSequence","Hello World"],"picked":"Cold Snap","floor":18.0},{"not_picked":["Compile Driver","Genetic Algorithm","Gash"],"picked":"Seek","floor":22.0},{"not_picked":["Turbo","Redo","Storm"],"picked":"Reinforced Body+1","floor":22.0},{"not_picked":["Go for the Eyes","Streamline","Rip and Tear"],"picked":"Reboot","floor":24.0}],"player_experience":1053993,"relics_obtained":[{"floor":7.0,"key":"Prayer Wheel"},{"floor":9.0,"key":"Matryoshka"},{"floor":10.0,"key":"Ancient Tea Set"},{"floor":14.0,"key":"Pen Nib"},{"floor":14.0,"key":"Question Card"},{"floor":24.0,"key":"Molten Egg 2"},{"floor":26.0,"key":"Regal Pillow"}],"event_choices":[{"damage_healed":0.0,"max_hp_gain":0.0,"max_hp_loss":0.0,"gold_gain":0.0,"event_name":"Shining Light","player_choice":"Entered Light","floor":2.0,"gold_loss":0.0,"damage_taken":21.0,"cards_upgraded":["Strike_B","Strike_B"]},{"damage_healed":23.0,"max_hp_gain":0.0,"max_hp_loss":0.0,"gold_gain":0.0,"event_name":"Big Fish","player_choice":"Banana","floor":4.0,"gold_loss":0.0,"damage_taken":0.0},{"damage_healed":0.0,"max_hp_gain":0.0,"max_hp_loss":0.0,"gold_gain":50.0,"event_name":"Nest","player_choice":"Stole From Cult","floor":19.0,"gold_loss":0.0,"damage_taken":0.0},{"damage_healed":0.0,"max_hp_gain":0.0,"max_hp_loss":0.0,"gold_gain":0.0,"event_name":"N\u0027loth","player_choice":"Traded Relic","floor":21.0,"relics_lost":["Matryoshka"],"gold_loss":0.0,"damage_taken":0.0,"relics_obtained":["Nloth\u0027s Gift"]}],"is_beta":true,"boss_relics":[{"not_picked":["FrozenCore","Tiny House"],"picked":"Eternal Feather"}],"items_purged_floors":[3],"is_endless":false,"potions_floor_spawned":[8,10,12,13,16,22,24],"killed_by":"Slavers","ascension_level":20}