{"gold_per_floor":[211,211,113,130,147,147,182,182,205,226,226,269,290,25,25,123,123,136,159,177,177,196,196],"floor_reached":23,"playtime":4166,"items_purged":["Strike_G"],"score":355,"play_id":"bd3dee60-e4d6-4e6b-912d-1623e3273a22","local_time":"20190407204802","is_ascension_mode":true,"campfire_choices":[{"data":"Neutralize","floor":8,"key":"SMITH"},{"data":"Catalyst","floor":15,"key":"SMITH"}],"neow_cost":"NONE","seed_source_timestamp":2218191654720860,"circlet_count":0,"master_deck":["AscendersBane","Defend_G","Defend_G","Defend_G","Defend_G","Defend_G","Strike_G","Strike_G","Strike_G","Strike_G","Survivor","Neutralize+1","Footwork","Poisoned Stab+1","Dagger Spray","Deadly Poison","Backflip","Catalyst+1","Dodge and Roll","Burst","Crippling Poison","PiercingWail","Escape Plan","Deflect","Bane","Leg Sweep","Backflip"],"relics":["Ring of the Snake","Golden Idol","Anchor","Ancient Tea Set","Strawberry","Snake Skull","Orrery"],"potions_floor_usage":[12,12,13,20,20,20,20,23,23],"damage_taken":[{"damage":0,"enemies":"2 Louse","floor":1,"turns":6},{"damage":0,"enemies":"Small Slimes","floor":4,"turns":5},{"damage":1,"enemies":"Cultist","floor":5,"turns":5},{"damage":15,"enemies":"3 Sentries","floor":7,"turns":10},{"damage":4,"enemies":"Exordium Thugs","floor":10,"turns":5},{"damage":15,"enemies":"Lagavulin","floor":12,"turns":6},{"damage":0,"enemies":"Gremlin Gang","floor":13,"turns":4},{"damage":1,"enemies":"The Guardian","floor":16,"turns":8},{"damage":11,"enemies":"3 Byrds","floor":18,"turns":5},{"damage":7,"enemies":"Chosen","floor":19,"turns":5},{"damage":34,"enemies":"Sentry and Sphere","floor":20,"turns":9},{"damage":2,"enemies":"Centurion and Healer","floor":22,"turns":9},{"damage":8,"enemies":"Book of Stabbing","floor":23,"turns":3}],"seed_played":"4586483253259940058","potions_obtained":[{"floor":7,"key":"Swift Potion"},{"floor":10,"key":"SkillPotion"},{"floor":12,"key":"Fire Potion"},{"floor":16,"key":"SmokeBomb"},{"floor":18,"key":"EntropicBrew"},{"floor":19,"key":"Fire Potion"},{"floor":21,"key":"SneckoOil"},{"floor":21,"key":"LiquidBronze"}],"is_trial":false,"path_per_floor":["M","?","$","M","M","?","E","R","T","M","?","E","M","$","R","B",null,"M","M","M","?","M","E"],"character_chosen":"THE_SILENT","items_purchased":["Footwork","Poisoned Stab","Snake Skull","Dodge and Roll"],"campfire_rested":0,"item_purchase_floors":[3,3,14,14],"current_hp_per_floor":[59,64,64,64,63,63,48,48,48,44,44,36,36,36,36,35,62,51,44,10,10,8,0],"gold":196,"neow_bonus":"HUNDRED_GOLD","is_prod":false,"is_daily":false,"chose_seed":false,"campfire_upgraded":2,"win_rate":0,"timestamp":1554684482,"path_taken":["M","?","$","M","M","?","E","R","T","M","?","E","M","$","R","BOSS","M","?","M","?","?","E"],"build_version":"2019-01-23","purchased_purges":1,"victory":false,"max_hp_per_floor":[66,71,71,71,71,64,64,64,64,64,64,71,71,71,71,71,71,71,71,71,71,71,71],"card_choices":[{"not_picked":["Dodge and Roll","Tactician","Concentrate"],"picked":"SKIP","floor":1},{"not_picked":["Dodge and Roll","Tactician","Concentrate"],"picked":"SKIP","floor":1},{"not_picked":["Dodge and Roll","Tactician","Concentrate"],"picked":"SKIP","floor":1},{"not_picked":["Blur","Slice"],"picked":"Dagger Spray","floor":4},{"not_picked":["Dodge and Roll","Terror","Prepared"],"picked":"SKIP","floor":5},{"not_picked":["Expertise","Sucker Punch","Dodge and Roll"],"picked":"SKIP","floor":7},{"not_picked":["Expertise","Sucker Punch","Dodge and Roll"],"picked":"SKIP","floor":7},{"not_picked":["Adrenaline","Flechettes"],"picked":"Deadly Poison","floor":10},{"not_picked":["Slice","Outmaneuver"],"picked":"Backflip","floor":12},{"not_picked":["Dagger Spray","Slice"],"picked":"Catalyst","floor":13},{"not_picked":["Glass Knife","Night Terror"],"picked":"Burst","floor":16},{"not_picked":["Blade Dance","Caltrops"],"picked":"Crippling Poison","floor":17},{"not_picked":["Bane","Finisher"],"picked":"PiercingWail","floor":17},{"not_picked":["Grand Finale","Deflect"],"picked":"Escape Plan","floor":17},{"not_picked":["Prepared","Heel Hook"],"picked":"Deflect","floor":17},{"not_picked":["Outmaneuver","Prepared"],"picked":"Bane","floor":17},{"not_picked":["Prepared","Dodge and Roll"],"picked":"Leg Sweep","floor":18},{"not_picked":["Acrobatics","Flying Knee","Sucker Punch"],"picked":"SKIP","floor":19},{"not_picked":["Acrobatics","Deflect","Crippling Poison"],"picked":"SKIP","floor":20},{"not_picked":["Setup","Outmaneuver"],"picked":"Backflip","floor":22}],"player_experience":794090,"relics_obtained":[{"floor":7,"key":"Anchor"},{"floor":9,"key":"Ancient Tea Set"},{"floor":12,"key":"Strawberry"}],"event_choices":[{"damage_healed":0,"gold_gain":0,"player_choice":"Donut","damage_taken":0,"max_hp_gain":5,"max_hp_loss":0,"event_name":"Big Fish","floor":2,"gold_loss":0},{"damage_healed":0,"gold_gain":0,"player_choice":"Lose Max HP","damage_taken":0,"relics_obtained":["Golden Idol"],"max_hp_gain":0,"max_hp_loss":7,"event_name":"Golden Idol","floor":6,"gold_loss":0},{"damage_healed":0,"gold_gain":0,"player_choice":"Upgraded","damage_taken":0,"max_hp_gain":0,"max_hp_loss":0,"event_name":"Upgrade Shrine","floor":11,"gold_loss":0,"cards_upgraded":["Poisoned Stab"]},{"damage_healed":0,"gold_gain":0,"player_choice":"Got Potions","damage_taken":0,"max_hp_gain":0,"max_hp_loss":0,"event_name":"Lab","floor":21,"gold_loss":0}],"is_beta":false,"boss_relics":[{"not_picked":["Empty Cage","Ectoplasm"],"picked":"Orrery"}],"items_purged_floors":[14],"is_endless":false,"potions_floor_spawned":[7,10,12,16,18,19],"killed_by":"Book of Stabbing","ascension_level":15}