{"gold_per_floor":[111,124,124,124,160,172,11,34,34,55,71,71,71,71,71,71],"floor_reached":16,"playtime":1868,"items_purged":["Regret"],"score":90,"play_id":"79ade9fe-35ca-41c3-876b-f30d4c315e51","local_time":"20190316205341","is_ascension_mode":false,"campfire_choices":[{"data":"Go for the Eyes","floor":6.0,"key":"SMITH"},{"data":"Fusion","floor":13,"key":"SMITH"},{"data":"Zap","floor":15,"key":"SMITH"}],"neow_cost":"NONE","seed_source_timestamp":0,"circlet_count":0,"master_deck":["Strike_B","Strike_B","Strike_B","Defend_B","Defend_B","Defend_B","Defend_B","Zap+1","Dualcast","Biased Cognition","Fusion+1","Go for the Eyes+1","Chill","FTL","Steam","Compile Driver","Conserve Battery"],"special_seed":0,"relics":["Cracked Core","Golden Idol","MawBank","PreservedInsect","Omamori","Oddly Smooth Stone"],"potions_floor_usage":[],"damage_taken":[{"damage":1.0,"enemies":"Jaw Worm","floor":1.0,"turns":4.0},{"damage":0.0,"enemies":"Small Slimes","floor":2.0,"turns":3.0},{"damage":4.0,"enemies":"Cultist","floor":5.0,"turns":4.0},{"damage":5,"enemies":"2 Fungi Beasts","floor":10,"turns":3},{"damage":0,"enemies":"Looter","floor":11,"turns":3},{"damage":47,"enemies":"Hexaghost","floor":16,"turns":16}],"seed_played":"-6403670957030032046","potions_obtained":[{"floor":1.0,"key":"SmokeBomb"},{"floor":10,"key":"Explosive Potion"}],"is_trial":false,"path_per_floor":["M","M","?","?","M","R","$","T","T","M","M","?","R","$","R","B"],"character_chosen":"DEFECT","items_purchased":["FTL","Steam"],"campfire_rested":0,"item_purchase_floors":[7,7],"current_hp_per_floor":[74,74,56,56,52,52,52,52,52,47,47,47,47,47,47,0],"gold":71,"neow_bonus":"TRANSFORM_CARD","is_prod":false,"is_daily":false,"chose_seed":false,"campfire_upgraded":3,"win_rate":0.0,"timestamp":1552787621,"path_taken":["M","M","?","?","M","R","?","?","T","M","M","?","R","$","R","BOSS"],"build_version":"2019-01-23","purchased_purges":1,"victory":false,"max_hp_per_floor":[75,75,75,75,75,75,75,75,75,75,75,75,75,75,75,75],"card_choices":[{"not_picked":["Self Repair","Undo"],"picked":"Fusion","floor":1.0},{"not_picked":["Stack","Leap"],"picked":"Go for the Eyes","floor":2.0},{"not_picked":["Streamline","Aggregate"],"picked":"Chill","floor":5.0},{"not_picked":["Leap","Rip and Tear"],"picked":"Compile Driver","floor":10},{"not_picked":["FTL","Rebound"],"picked":"Conserve Battery","floor":11}],"player_experience":25543,"relics_obtained":[{"floor":8,"key":"PreservedInsect"},{"floor":9,"key":"Omamori"},{"floor":12,"key":"Oddly Smooth Stone"}],"event_choices":[{"damage_healed":0.0,"max_hp_gain":0.0,"max_hp_loss":0.0,"gold_gain":0.0,"event_name":"Golden Idol","player_choice":"Take Damage","floor":3.0,"gold_loss":0.0,"damage_taken":18.0,"relics_obtained":["Golden Idol"]},{"damage_healed":0.0,"max_hp_gain":0.0,"max_hp_loss":0.0,"gold_gain":0.0,"event_name":"Big Fish","player_choice":"Box","floor":4.0,"gold_loss":0.0,"damage_taken":0.0,"relics_obtained":["MawBank"],"cards_obtained":["Regret"]},{"damage_healed":0,"gold_gain":0,"player_choice":"Relic","damage_taken":0,"max_hp_gain":0,"max_hp_loss":0,"event_name":"Wheel of Change","floor":12,"gold_loss":0}],"is_beta":false,"boss_relics":[],"items_purged_floors":[7],"is_endless":false,"potions_floor_spawned":[1,10],"killed_by":"Hexaghost","ascension_level":0}