{"gold_per_floor":[118,118,118,393,405,405,430,443,491,519,11,11,27,62,62,140,140,158,108,108,126,140,140],"floor_reached":23,"playtime":923,"items_purged":["Regret","Defend_B"],"score":468,"play_id":"7bdd9334-b373-4899-839f-0c7058324c3f","local_time":"20190401021529","is_ascension_mode":true,"campfire_choices":[{"data":"White Noise","floor":6.0,"key":"SMITH"},{"data":"Loop","floor":12,"key":"SMITH"},{"data":"Ball Lightning","floor":15,"key":"SMITH"}],"neow_cost":"NONE","seed_source_timestamp":30756554769628,"circlet_count":0,"master_deck":["AscendersBane","Strike_B","Strike_B","Strike_B","Strike_B","Defend_B","Defend_B","Defend_B","Zap+1","Dualcast","Stack","White Noise+1","Ball Lightning+1","Loop+1","Chill+1","Master of Strategy+1","Conserve Battery+1","Hologram+1","Creative AI","Conserve Battery+1"],"special_seed":0,"relics":["Cracked Core","NeowsBlessing","PreservedInsect","Lantern","Toxic Egg 2","Membership Card","Singing Bowl","Blood Vial","Black Star"],"potions_floor_usage":[21,22],"damage_taken":[{"damage":0.0,"enemies":"2 Louse","floor":1.0,"turns":1.0},{"damage":0.0,"enemies":"Jaw Worm","floor":5.0,"turns":1.0},{"damage":0.0,"enemies":"Lagavulin","floor":7.0,"turns":1.0},{"damage":0.0,"enemies":"Cultist","floor":8.0,"turns":2.0},{"damage":17.0,"enemies":"3 Sentries","floor":10.0,"turns":5.0},{"damage":0,"enemies":"Blue Slaver","floor":13,"turns":3},{"damage":6,"enemies":"Lagavulin","floor":14,"turns":4},{"damage":5,"enemies":"The Guardian","floor":16,"turns":12},{"damage":1,"enemies":"Chosen","floor":18,"turns":5},{"damage":19,"enemies":"2 Thieves","floor":21,"turns":5},{"damage":8,"enemies":"Sentry and Sphere","floor":22,"turns":8},{"damage":32,"enemies":"Book of Stabbing","floor":23,"turns":5}],"seed_played":"-2389425619636668576","potions_obtained":[{"floor":7.0,"key":"Energy Potion"},{"floor":10.0,"key":"Poison Potion"},{"floor":13,"key":"Ancient Potion"},{"floor":21,"key":"GamblersBrew"}],"is_trial":false,"path_per_floor":["M","?","?","?","M","R","E","M","T","E","$","R","M","E","R","B",null,"M","$","?","M","M","E"],"character_chosen":"DEFECT","items_purchased":["Membership Card","Master of Strategy+1","Singing Bowl","Conserve Battery+1"],"campfire_rested":0,"item_purchase_floors":[11,11,11,11],"current_hp_per_floor":[64,64,64,64,64,64,64,64,64,47,47,47,49,43,43,40,65,66,66,45,30,26,0],"gold":140,"neow_bonus":"THREE_ENEMY_KILL","is_prod":false,"is_daily":false,"chose_seed":false,"campfire_upgraded":3,"win_rate":0,"timestamp":1554077729,"path_taken":["M","?","?","?","M","R","E","M","T","E","$","R","M","E","R","BOSS","M","?","?","M","?","E"],"build_version":"2019-03-15","purchased_purges":2,"victory":false,"max_hp_per_floor":[71,71,71,71,71,71,71,71,71,71,71,71,73,73,73,73,73,73,73,78,80,82,82],"card_choices":[{"not_picked":["Scrape","Redo"],"picked":"Stack","floor":1.0},{"not_picked":["Cold Snap","Beam Cell"],"picked":"White Noise","floor":5.0},{"not_picked":["Compile Driver","Melter"],"picked":"Ball Lightning","floor":7.0},{"not_picked":["Lockon","Leap"],"picked":"Loop","floor":8.0},{"not_picked":["Sweeping Beam","Amplify"],"picked":"Chill","floor":10.0},{"not_picked":["Steam+1","Melter","FTL"],"picked":"Singing Bowl","floor":13},{"not_picked":["Conserve Battery+1","Steam+1"],"picked":"Hologram+1","floor":14},{"not_picked":["Seek+1","Biased Cognition"],"picked":"Creative AI","floor":16},{"not_picked":["Sunder+1","Hologram+1"],"picked":"Conserve Battery+1","floor":18},{"not_picked":["Barrage","Sweeping Beam","Sunder"],"picked":"Singing Bowl","floor":21},{"not_picked":["Turbo+1","Barrage+1","Redo+1"],"picked":"Singing Bowl","floor":22}],"player_experience":1046375,"relics_obtained":[{"floor":7.0,"key":"PreservedInsect"},{"floor":9.0,"key":"Lantern"},{"floor":10.0,"key":"Toxic Egg 2"},{"floor":14,"key":"Blood Vial"}],"event_choices":[{"damage_healed":0.0,"max_hp_gain":0.0,"max_hp_loss":0.0,"gold_gain":0.0,"event_name":"Living Wall","player_choice":"Grow","floor":2.0,"gold_loss":0.0,"damage_taken":0.0,"cards_upgraded":["Zap"]},{"damage_healed":0.0,"max_hp_gain":0.0,"max_hp_loss":0.0,"gold_gain":0.0,"event_name":"The Cleric","player_choice":"Leave","floor":3.0,"gold_loss":0.0,"damage_taken":0.0},{"damage_healed":0.0,"max_hp_gain":0.0,"max_hp_loss":0.0,"gold_gain":275.0,"event_name":"Golden Shrine","player_choice":"Desecrate","floor":4.0,"gold_loss":0.0,"damage_taken":0.0,"cards_obtained":["Regret"]},{"damage_healed":0,"gold_gain":0,"player_choice":"Shed Blood","damage_taken":26,"max_hp_gain":5,"max_hp_loss":0,"event_name":"Forgotten Altar","floor":20,"gold_loss":0}],"is_beta":true,"boss_relics":[{"not_picked":["Ectoplasm","FrozenCore"],"picked":"Black Star"}],"items_purged_floors":[11,19],"is_endless":false,"potions_floor_spawned":[7,10,13,14,18,21],"killed_by":"Book of Stabbing","ascension_level":20}