{"path_per_floor":["M","M","M","$","M","E","R","M","T","R","M","E","?","M","R","B",null,"M","M","M","M","M","R","E","R","T","?","?","E","?","$","R","B",null,"M","?","?","?","$","R","E","M","T","E","R","$","R","M","R","B"],"character_chosen":"THE_SILENT","items_purchased":["Vajra","Kunai","Flash of Steel"],"gold_per_floor":[117,131,150,2,22,49,49,60,85,85,95,123,123,136,136,234,234,244,263,275,292,308,308,334,334,334,334,334,367,282,36,36,141,141,161,0,48,48,48,48,77,94,117,178,178,76,76,95,95,95],"floor_reached":51,"campfire_rested":4,"playtime":5808,"current_hp_per_floor":[64,64,64,64,64,56,72,65,65,65,65,67,67,67,67,60,76,68,70,56,41,29,54,57,85,85,85,85,80,80,80,80,61,104,77,77,62,62,62,108,107,109,109,94,94,94,94,88,88,34],"items_purged":[],"gold":95,"score":817,"play_id":"ea4392e8-88cd-4056-8ebe-95862ace6685","local_time":"20180318145951","is_prod":false,"is_daily":false,"is_ascension_mode":true,"campfire_upgraded":6,"timestamp":1521381591,"path_taken":["M","M","M","$","?","E","R","M","T","R","?","E","?","M","R","BOSS","M","M","?","M","M","R","E","R","T","?","?","E","?","$","R","BOSS","M","?","?","?","?","R","E","?","T","E","R","$","R","M","R","BOSS"],"build_version":"2018-03-15v3","purchased_purges":0,"victory":true,"master_deck":["Defend_G","Defend_G","Defend_G","Defend_G+1","Strike_G+1","Strike_G","Survivor","Neutralize","Storm of Steel+1","Venomology+1","Storm of Steel+1","Burst","Accuracy+1","Accuracy+1","Blade Dance+1","Die Die Die+1","Clumsy","Injury","Clumsy","Backflip+1","Backflip+1","Cloak And Dagger+1","Setup+1","A Thousand Cuts+1","Flash of Steel"],"max_hp_per_floor":[70,70,70,70,70,72,72,72,72,72,72,74,74,76,76,76,76,76,78,80,82,84,84,94,94,94,94,94,96,96,96,96,98,104,106,106,108,108,108,108,110,112,112,112,112,112,112,114,114,114],"relics":["Astrolabe","Vajra","Singing Bowl","Bag of Marbles","Pen Nib","Calling Bell","Centennial Puzzle","Snake Skull","Bag of Preparation","Pear","Ancient Tea Set","Omamori","Regal Pillow","Bronze Scales","Kunai","Orrery","Red Mask","Du-Vu Doll","Matryoshka","Dream Catcher","Whetstone","Tiny Chest"],"card_choices":[{"not_picked":["Underhanded Strike","Crippling Poison"],"picked":"Burst"},{"not_picked":["Deflect","Flying Knee"],"picked":"Accuracy"},{"not_picked":["Backflip","Deflect"],"picked":"Accuracy"},{"not_picked":["Well Laid Plans","Choke"],"picked":"Blade Dance"},{"not_picked":["Grand Finale","Wraith Form"],"picked":"Die Die Die"},{"not_picked":["Prepared","Quick Slash"],"picked":"Backflip"},{"not_picked":["Unload","Outmaneuver"],"picked":"Backflip"},{"not_picked":["Deadly Poison","Dagger Spray"],"picked":"Cloak And Dagger"},{"not_picked":["Calculated Gamble","Slice"],"picked":"Setup"},{"not_picked":["Tactician","Poisoned Stab"],"picked":"A Thousand Cuts"}],"player_experience":182031,"potions_floor_usage":[2,5,6,6,11,12,14,16,18,18,20,21,21,22,29,33,33,33,42,42,44,50,50,50,50],"damage_taken":[{"damage":6,"enemies":"Cultist","floor":1,"turns":4},{"damage":0,"enemies":"Jaw Worm","floor":2,"turns":3},{"damage":0,"enemies":"Small Slimes","floor":3,"turns":3},{"damage":0,"enemies":"2 Fungi Beasts","floor":5,"turns":3},{"damage":10,"enemies":"Lagavulin","floor":6,"turns":7},{"damage":7,"enemies":"Looter","floor":8,"turns":3},{"damage":0,"enemies":"Blue Slaver","floor":11,"turns":2},{"damage":0,"enemies":"Gremlin Nob","floor":12,"turns":3},{"damage":2,"enemies":"3 Louse","floor":14,"turns":2},{"damage":7,"enemies":"The Guardian","floor":16,"turns":8},{"damage":8,"enemies":"2 Thieves","floor":18,"turns":2},{"damage":0,"enemies":"Shell Parasite","floor":19,"turns":1},{"damage":16,"enemies":"Sentry and Sphere","floor":20,"turns":5},{"damage":17,"enemies":"Cultist and Chosen","floor":21,"turns":5},{"damage":14,"enemies":"Centurion and Healer","floor":22,"turns":4},{"damage":7,"enemies":"Slavers","floor":24,"turns":2},{"damage":7,"enemies":"Book of Stabbing","floor":29,"turns":3},{"damage":21,"enemies":"Collector","floor":33,"turns":5},{"damage":29,"enemies":"3 Darklings","floor":35,"turns":4},{"damage":17,"enemies":"Mysterious Sphere","floor":37,"turns":4},{"damage":3,"enemies":"Giant Head","floor":41,"turns":3},{"damage":0,"enemies":"3 Shapes","floor":42,"turns":3},{"damage":15,"enemies":"2 Orb Walkers","floor":44,"turns":4},{"damage":8,"enemies":"Maw","floor":48,"turns":4},{"damage":54,"enemies":"Awakened One","floor":50,"turns":7}],"event_choices":[{"event_name":"Upgrade Shrine","player_choice":"Upgraded","floor":13,"damage_taken":0},{"event_name":"Drug Dealer","player_choice":"Ignored","floor":27,"damage_taken":0},{"event_name":"The Mausoleum","player_choice":"Yes","floor":28,"damage_taken":0},{"event_name":"Addict","player_choice":"Obtained Relic","floor":30,"damage_taken":0},{"event_name":"Tomb of Lord Red Mask","player_choice":"Paid","floor":36,"damage_taken":0},{"event_name":"Mysterious Sphere","player_choice":"Fight","floor":37,"damage_taken":0},{"event_name":"Purifier","player_choice":"One Purge","floor":38,"damage_taken":0}],"boss_relics":[{"not_picked":["Velvet Choker","Cursed Key"],"picked":"Calling Bell"},{"not_picked":["Question Card","Pandora\u0027s Box"],"picked":"Orrery"}],"potions_floor_spawned":[3,5,11,14,16,19,22,24,37],"seed_played":"-262842208899991352","ascension_level":1,"is_trial":false}