{"path_per_floor":["M","$","?","M","M","E","M","R","T","R","M","?","M","$","R","B",null,"M","?","?","M","$","M","M","R","T","?","M","R","M","$","R"],"character_chosen":"DEFECT","items_purchased":["Tempest","Capacitor","Static Discharge","Consume"],"gold_per_floor":[115,2,2,17,37,71,86,86,86,86,104,104,121,48,48,149,149,166,166,91,111,44,64,83,83,108,108,119,119,130,130,130,130],"floor_reached":33,"campfire_rested":5,"playtime":1259,"item_purchase_floors":[2,2,14,22],"current_hp_per_floor":[75,75,68,68,68,47,39,39,39,61,49,49,49,49,71,62,75,54,40,40,37,37,52,48,72,72,72,44,68,24,24,48,0],"items_purged":[],"gold":130,"score":249,"play_id":"a4adde73-1662-4f52-8d79-7bc5e7745ee7","local_time":"20180525183048","is_prod":false,"is_daily":false,"chose_seed":false,"is_ascension_mode":false,"campfire_upgraded":1,"win_rate":0,"timestamp":1527265848,"campfire_choices":[{"data":"Defragment","floor":8,"key":"SMITH"},{"floor":10,"key":"REST"},{"floor":15,"key":"REST"},{"floor":25,"key":"REST"},{"floor":29,"key":"REST"},{"floor":32,"key":"REST"}],"path_taken":["M","$","?","?","M","E","M","R","T","R","M","?","?","$","R","BOSS","M","?","?","M","$","M","M","R","T","?","M","R","?","$","R","BOSS"],"build_version":"2018-05-24","seed_source_timestamp":4667039397361,"purchased_purges":0,"victory":false,"master_deck":["Strike_B","Strike_B","Defend_B","Defend_B","Defend_B","Defend_B","Zap","Dualcast","Cold Snap","Cold Snap","Tempest","Capacitor","Ball Lightning","Machine Learning","Stack","Defragment+1","Barrage","Static Discharge","Creative AI","Capacitor+1","Consume","Ball Lightning","Chaos","Barrage","Cold Snap+1"],"max_hp_per_floor":[75,75,75,75,75,75,75,75,75,75,75,75,75,75,75,75,75,75,80,80,80,80,80,80,80,80,80,80,80,80,80,80,80],"relics":["Cracked Core","Meat on the Bone","Dodecahedron","Lizard Tail","Boot"],"card_choices":[{"not_picked":["Turbo","Coolheaded"],"picked":"Cold Snap","floor":0},{"not_picked":["Static Discharge","Compile Driver"],"picked":"Cold Snap","floor":1},{"not_picked":["Turbo","Hologram"],"picked":"Ball Lightning","floor":4},{"not_picked":["Turbo","Beam Cell"],"picked":"Machine Learning","floor":5},{"not_picked":["Compile Driver","Lockon"],"picked":"Stack","floor":6},{"not_picked":["Streamline","Barrage"],"picked":"Defragment","floor":7},{"not_picked":["Biased Cognition","Reprogram","Aggregate"],"picked":"SKIP","floor":11},{"not_picked":["Genetic Algorithm","Double Energy"],"picked":"Barrage","floor":13},{"not_picked":["Biased Cognition","Seek"],"picked":"Creative AI","floor":16},{"not_picked":["Cold Snap","Rebound+1"],"picked":"Capacitor+1","floor":18},{"not_picked":["Stack","Recycle","Capacitor+1"],"picked":"SKIP","floor":21},{"not_picked":["Cold Snap","Redo"],"picked":"Ball Lightning","floor":23},{"not_picked":["Capacitor","Streamline"],"picked":"Chaos","floor":24},{"not_picked":["Multi-Cast","Reinforced Body"],"picked":"Barrage","floor":28},{"not_picked":["Sweeping Beam+1","Capacitor"],"picked":"Cold Snap+1","floor":30}],"player_experience":30265,"potions_floor_usage":[11,16,16,24,28,33],"damage_taken":[{"damage":0,"enemies":"Small Slimes","floor":1,"turns":2},{"damage":0,"enemies":"2 Louse","floor":4,"turns":2},{"damage":0,"enemies":"Cultist","floor":5,"turns":2},{"damage":21,"enemies":"Gremlin Nob","floor":6,"turns":4},{"damage":8,"enemies":"Looter","floor":7,"turns":3},{"damage":24,"enemies":"Gremlin Gang","floor":11,"turns":3},{"damage":12,"enemies":"3 Louse","floor":13,"turns":2},{"damage":23,"enemies":"Slime Boss","floor":16,"turns":9},{"damage":21,"enemies":"3 Byrds","floor":18,"turns":2},{"damage":15,"enemies":"Spheric Guardian","floor":21,"turns":5},{"damage":59,"enemies":"Cultist and Chosen","floor":23,"turns":5},{"damage":16,"enemies":"Chosen and Byrds","floor":24,"turns":4},{"damage":28,"enemies":"Snecko","floor":28,"turns":5},{"damage":56,"enemies":"Sentry and Sphere","floor":30,"turns":6},{"damage":60,"enemies":"Automaton","floor":33,"turns":6}],"relics_obtained":[{"floor":6,"key":"Meat on the Bone"},{"floor":9,"key":"Dodecahedron"},{"floor":26,"key":"Boot"}],"event_choices":[{"event_name":"Golden Wing","player_choice":"Card Removal","floor":3,"damage_taken":0},{"event_name":"The Lab","player_choice":"Got Potions","floor":12,"damage_taken":0},{"event_name":"Forgotten Altar","player_choice":"Shed Blood","floor":19,"damage_taken":0},{"event_name":"Beggar","player_choice":"Gave Gold","floor":20,"damage_taken":0},{"event_name":"Vampires","player_choice":"Ignored","floor":27,"damage_taken":0}],"boss_relics":[{"not_picked":["Snecko Eye","Philosopher\u0027s Stone"],"picked":"Lizard Tail"}],"items_purged_floors":[],"potions_floor_spawned":[1,5,7,18,24,28,30],"seed_played":"-4943418836709842319","killed_by":"Automaton","ascension_level":0,"potions_obtained":[{"floor":1,"key":"SkillPotion"},{"floor":5,"key":"LiquidBronze"},{"floor":7,"key":"SteroidPotion"},{"floor":12,"key":"Regen Potion"},{"floor":12,"key":"Poison Potion"},{"floor":12,"key":"Swift Potion"},{"floor":18,"key":"Swift Potion"},{"floor":24,"key":"PowerPotion"},{"floor":28,"key":"FearPotion"},{"floor":30,"key":"FocusPotion"}],"is_trial":false}