{"gold_per_floor":[118,118,128,303,322,322,353,353,353,369,387,387,403,18,18,114,114,127,42,52,72,72,72,86,100,100,154,182,282,282,292,292,394,394,410,425,449,203,215,241,59,59,86,97,147,147,158,172,172,172,172,172,47,82,82],"floor_reached":55,"playtime":10191,"items_purged":["Doubt","Strike_B","Parasite"],"score":771,"play_id":"10103b23-1f58-44b0-b8f1-53d491c91998","local_time":"20190328082046","is_ascension_mode":false,"campfire_choices":[{"data":"Glacier","floor":6.0,"key":"SMITH"},{"data":"Consume","floor":8.0,"key":"SMITH"},{"floor":12.0,"key":"RECALL"},{"data":"Capacitor","floor":15.0,"key":"SMITH"},{"data":"Conserve Battery","floor":23.0,"key":"SMITH"},{"data":"Machine Learning","floor":30.0,"key":"SMITH"},{"data":"Streamline","floor":32.0,"key":"SMITH"},{"data":"Forethought","floor":42.0,"key":"SMITH"},{"floor":49.0,"key":"REST"},{"data":"Defend_B","floor":52.0,"key":"SMITH"}],"neow_cost":"NONE","seed_source_timestamp":0,"circlet_count":0,"master_deck":["Defend_B","Defend_B","Defend_B+1","Zap","Dualcast","Glacier+1","Capacitor+1","Consume+1","Streamline+1","Reboot","Aggregate+1","Seek+1","Gash+1","Conserve Battery+1","Gash","Steam+1","Streamline+1","Machine Learning+1","Fusion","Barrage","Creative AI","Coolheaded","Forethought+1","Madness","Madness","Streamline+1","Conserve Battery+1","Auto Shields"],"special_seed":0,"relics":["Cracked Core","NeowsBlessing","Thread and Needle","Incense Burner","FossilizedHelix","Astrolabe","Nloth\u0027s Gift","Bag of Preparation","Gambling Chip","Sozu","Pen Nib","Pantograph","Happy Flower","Regal Pillow","Shovel","Sundial"],"potions_floor_usage":[55],"damage_taken":[{"damage":0.0,"enemies":"Small Slimes","floor":1.0,"turns":1.0},{"damage":0.0,"enemies":"Cultist","floor":3.0,"turns":1.0},{"damage":0.0,"enemies":"Jaw Worm","floor":5.0,"turns":1.0},{"damage":17.0,"enemies":"3 Sentries","floor":7.0,"turns":19.0},{"damage":0.0,"enemies":"Blue Slaver","floor":10.0,"turns":5.0},{"damage":0.0,"enemies":"2 Fungi Beasts","floor":11.0,"turns":4.0},{"damage":0.0,"enemies":"Gremlin Gang","floor":13.0,"turns":6.0},{"damage":0.0,"enemies":"The Guardian","floor":16.0,"turns":8.0},{"damage":0.0,"enemies":"3 Byrds","floor":18.0,"turns":5.0},{"damage":0.0,"enemies":"Chosen","floor":20.0,"turns":6.0},{"damage":0.0,"enemies":"Snecko","floor":21.0,"turns":6.0},{"damage":9.0,"enemies":"Chosen and Byrds","floor":24.0,"turns":8.0},{"damage":0.0,"enemies":"Sentry and Sphere","floor":25.0,"turns":6.0},{"damage":0.0,"enemies":"Slavers","floor":28.0,"turns":7.0},{"damage":0.0,"enemies":"Snecko","floor":31.0,"turns":8.0},{"damage":3.0,"enemies":"Automaton","floor":33.0,"turns":11.0},{"damage":0.0,"enemies":"Orb Walker","floor":35.0,"turns":5.0},{"damage":16.0,"enemies":"3 Darklings","floor":36.0,"turns":8.0},{"damage":1.0,"enemies":"Writhing Mass","floor":39.0,"turns":6.0},{"damage":13.0,"enemies":"Giant Head","floor":40.0,"turns":10.0},{"damage":0.0,"enemies":"Sphere and 2 Shapes","floor":44.0,"turns":6.0},{"damage":26.0,"enemies":"2 Orb Walkers","floor":45.0,"turns":6.0},{"damage":0.0,"enemies":"Jaw Worm Horde","floor":47.0,"turns":7.0},{"damage":0.0,"enemies":"Maw","floor":48.0,"turns":7.0},{"damage":24.0,"enemies":"Donu and Deca","floor":50.0,"turns":9.0},{"damage":35.0,"enemies":"Shield and Spear","floor":54.0,"turns":9.0},{"damage":64,"enemies":"The Heart","floor":55,"turns":6}],"seed_played":"257216857994422577","potions_obtained":[{"floor":1.0,"key":"SneckoOil"},{"floor":7.0,"key":"FocusPotion"},{"floor":13.0,"key":"Explosive Potion"},{"floor":16.0,"key":"Fire Potion"},{"floor":21.0,"key":"SpeedPotion"},{"floor":25.0,"key":"PowerPotion"},{"floor":31.0,"key":"Ancient Potion"},{"floor":33.0,"key":"EssenceOfSteel"}],"is_trial":false,"path_per_floor":["M","?","M","?","M","R","E","R","T","M","M","R","M","$","R","B",null,"M","?","M","M","?","R","M","M","T","T","E","?","R","M","R","B",null,"M","M","T","$","M","E","$","R","T","M","?","?","M","M","R","B",null,"R","$","E","B"],"character_chosen":"DEFECT","items_purchased":["FossilizedHelix","Pantograph","Forethought"],"campfire_rested":1,"item_purchase_floors":[14,38,41],"current_hp_per_floor":[75,75,75,75,75,75,58,58,58,58,58,58,58,58,58,58,75,75,75,75,75,75,75,66,66,66,66,66,66,66,66,66,63,75,75,59,59,59,58,45,45,45,45,45,19,10,10,10,47,48,75,75,72,37,0],"gold":82,"neow_bonus":"THREE_ENEMY_KILL","is_prod":false,"is_daily":false,"chose_seed":false,"campfire_upgraded":8,"win_rate":0,"timestamp":1553779246,"path_taken":["M","?","?","?","M","R","E","R","T","M","M","R","M","$","R","BOSS","M","?","M","M","?","R","M","?","T","?","E","?","R","M","R","BOSS","M","M","?","$","M","E","$","R","T","M","?","?","M","M","R","BOSS","R","$","E","BOSS"],"build_version":"2019-01-23","purchased_purges":3,"victory":false,"max_hp_per_floor":[75,75,75,75,75,75,75,75,75,75,75,75,75,75,75,75,75,75,75,75,75,75,75,75,75,75,75,75,75,75,75,75,75,75,75,75,75,75,75,75,75,75,75,75,75,75,75,75,75,75,75,75,72,72,72],"card_choices":[{"not_picked":["Rip and Tear","Steam Power","Sweeping Beam"],"picked":"SKIP","floor":1.0},{"not_picked":["Hologram","Redo"],"picked":"Glacier","floor":3.0},{"not_picked":["Gash","Lockon"],"picked":"Capacitor","floor":5.0},{"not_picked":["Beam Cell","Lockon"],"picked":"Consume","floor":7.0},{"not_picked":["Ball Lightning","Steam"],"picked":"Streamline","floor":10.0},{"not_picked":["Heatsinks","Rebound","Go for the Eyes"],"picked":"SKIP","floor":11.0},{"not_picked":["Hello World","Biased Cognition","Heatsinks"],"picked":"SKIP","floor":13.0},{"not_picked":["All For One","Fission"],"picked":"Reboot","floor":16.0},{"not_picked":["Blizzard","Stack"],"picked":"Conserve Battery","floor":18.0},{"not_picked":["Darkness+1","Compile Driver"],"picked":"Gash","floor":20.0},{"not_picked":["Ball Lightning","Streamline+1"],"picked":"Steam+1","floor":21.0},{"not_picked":["Blizzard+1","Rebound"],"picked":"Streamline+1","floor":24.0},{"not_picked":["Conserve Battery","Leap+1"],"picked":"Machine Learning","floor":25.0},{"not_picked":["Steam Power","All For One"],"picked":"Fusion","floor":28.0},{"not_picked":["Fusion+1","Blizzard"],"picked":"Barrage","floor":31.0},{"not_picked":["Core Surge","Multi-Cast"],"picked":"Creative AI","floor":33.0},{"not_picked":["Compile Driver+1","Darkness+1"],"picked":"Coolheaded","floor":35.0},{"not_picked":["Barrage","FTL+1","Buffer"],"picked":"SKIP","floor":36.0},{"not_picked":["Rebound+1","Beam Cell","Steam+1"],"picked":"SKIP","floor":39.0},{"not_picked":["Ball Lightning+1","Biased Cognition","Steam Power"],"picked":"SKIP","floor":40.0},{"not_picked":["Force Field+1","Sunder","Rip and Tear+1"],"picked":"SKIP","floor":44.0},{"not_picked":["Chaos+1","Compile Driver"],"picked":"Streamline+1","floor":47.0},{"not_picked":["Gash","Glacier+1"],"picked":"Conserve Battery+1","floor":48.0},{"not_picked":["Multi-Cast","Reprogram"],"picked":"Auto Shields","floor":54.0}],"player_experience":149822,"relics_obtained":[{"floor":7.0,"key":"Thread and Needle"},{"floor":9.0,"key":"Incense Burner"},{"floor":27.0,"key":"Bag of Preparation"},{"floor":28.0,"key":"Gambling Chip"},{"floor":37.0,"key":"Pen Nib"},{"floor":40.0,"key":"Happy Flower"},{"floor":43.0,"key":"Regal Pillow"},{"floor":45.0,"key":"Shovel"},{"floor":54.0,"key":"Sundial"}],"event_choices":[{"cards_removed":["Strike_B"],"damage_healed":0.0,"max_hp_gain":0.0,"max_hp_loss":0.0,"gold_gain":0.0,"event_name":"Bonfire Elementals","player_choice":"Offered Basic","floor":2.0,"gold_loss":0.0,"damage_taken":0.0},{"damage_healed":0.0,"max_hp_gain":0.0,"max_hp_loss":0.0,"gold_gain":175.0,"event_name":"Liars Game","player_choice":"AGREE","floor":4.0,"gold_loss":0.0,"damage_taken":0.0,"cards_obtained":["Doubt"]},{"damage_healed":0.0,"max_hp_gain":0.0,"max_hp_loss":0.0,"gold_gain":0.0,"event_name":"Addict","player_choice":"Obtained Relic","floor":19.0,"gold_loss":85.0,"damage_taken":0.0,"relics_obtained":["Vajra"]},{"damage_healed":0.0,"max_hp_gain":0.0,"max_hp_loss":0.0,"gold_gain":0.0,"event_name":"N\u0027loth","player_choice":"Traded Relic","floor":22.0,"relics_lost":["Vajra"],"gold_loss":0.0,"damage_taken":0.0,"relics_obtained":["Nloth\u0027s Gift"]},{"damage_healed":0.0,"max_hp_gain":0.0,"max_hp_loss":0.0,"gold_gain":100.0,"event_name":"Golden Shrine","player_choice":"Pray","floor":29.0,"gold_loss":0.0,"damage_taken":0.0},{"damage_healed":0.0,"max_hp_gain":0.0,"max_hp_loss":0.0,"gold_gain":0.0,"event_name":"Mysterious Sphere","player_choice":"Fight","floor":45.0,"gold_loss":0.0,"damage_taken":0.0},{"damage_healed":0.0,"max_hp_gain":0.0,"max_hp_loss":0.0,"gold_gain":0.0,"event_name":"Winding Halls","player_choice":"Embrace Madness","floor":46.0,"gold_loss":0.0,"damage_taken":9.0,"cards_obtained":["Madness","Madness"]}],"is_beta":false,"boss_relics":[{"not_picked":["Fusion Hammer","Lizard Tail"],"picked":"Astrolabe"},{"not_picked":["Pandora\u0027s Box","Coffee Dripper"],"picked":"Sozu"}],"items_purged_floors":[14,41,53],"is_endless":false,"potions_floor_spawned":[1,7,13,16,21,25,31,33,35,39,40,44,48],"killed_by":"The Heart","ascension_level":0}