{"gold_per_floor":[112,112,131,151,226,261,291,110,110,122,148,148,159,173,173,274,274,289,49,49,2,21,21,47,47,47,47],"floor_reached":27,"playtime":2336,"items_purged":["Strike_R"],"score":326,"play_id":"f52200a6-1b9a-42cf-9040-e6a2fb4b043f","local_time":"20190412075834","is_ascension_mode":true,"campfire_choices":[{"data":"Inflame","floor":12.0,"key":"SMITH"},{"floor":15.0,"key":"REST"},{"data":"Rampage","floor":23,"key":"SMITH"},{"data":"True Grit","floor":25,"key":"SMITH"}],"neow_cost":"PERCENT_DAMAGE","seed_source_timestamp":0,"circlet_count":0,"master_deck":["Strike_R","Strike_R","Strike_R","Defend_R","Defend_R","Defend_R","Defend_R","Bash","Shrug It Off","Iron Wave","Intimidate","Heavy Blade","Bloodletting","Pummel","Inflame+1","Rampage+1","Headbutt","Feed","True Grit+1","Dual Wield","Exhume"],"special_seed":0,"relics":["Burning Blood","Kunai","Torii","Runic Cube","Paper Frog","Shuriken","Boot"],"potions_floor_usage":[24,24],"damage_taken":[{"damage":11.0,"enemies":"2 Louse","floor":1.0,"turns":3.0},{"damage":3.0,"enemies":"Cultist","floor":3.0,"turns":4.0},{"damage":4.0,"enemies":"Jaw Worm","floor":4.0,"turns":4.0},{"damage":35.0,"enemies":"3 Sentries","floor":6.0,"turns":13.0},{"damage":0.0,"enemies":"Lagavulin Event","floor":7.0,"turns":2.0},{"damage":11.0,"enemies":"Exordium Wildlife","floor":10.0,"turns":7.0},{"damage":8.0,"enemies":"Gremlin Nob","floor":11.0,"turns":3.0},{"damage":7.0,"enemies":"Gremlin Gang","floor":13.0,"turns":6.0},{"damage":9.0,"enemies":"Blue Slaver","floor":14.0,"turns":3.0},{"damage":36.0,"enemies":"The Guardian","floor":16.0,"turns":10.0},{"damage":12.0,"enemies":"Chosen","floor":18.0,"turns":5.0},{"damage":11.0,"enemies":"Shell Parasite","floor":22.0,"turns":5.0},{"damage":30,"enemies":"Slavers","floor":24,"turns":5},{"damage":51,"enemies":"Book of Stabbing","floor":27,"turns":6}],"seed_played":"8152585273560121121","potions_obtained":[{"floor":3.0,"key":"SmokeBomb"},{"floor":4.0,"key":"Explosive Potion"},{"floor":10.0,"key":"Strength Potion"},{"floor":11.0,"key":"SkillPotion"},{"floor":16.0,"key":"Swift Potion"},{"floor":18.0,"key":"Explosive Potion"}],"is_trial":false,"path_per_floor":["M","?","M","M","?","E","?","$","T","M","E","R","M","M","R","B",null,"M","$","?","$","M","R","E","R","T","E"],"character_chosen":"IRONCLAD","items_purchased":["Bloodletting","Pummel","Paper Frog","True Grit"],"campfire_rested":1,"item_purchase_floors":[8,8,19,21],"current_hp_per_floor":[67,67,70,72,61,32,38,38,38,33,31,31,30,27,55,25,78,75,75,75,75,70,70,49,49,49,0],"gold":47,"neow_bonus":"TWENTY_PERCENT_HP_BONUS","is_prod":false,"is_daily":false,"chose_seed":false,"campfire_upgraded":3,"win_rate":0,"timestamp":1555073914,"path_taken":["M","?","?","M","?","E","?","?","T","M","E","R","M","?","R","BOSS","M","$","?","$","?","R","E","R","T","E"],"build_version":"2019-01-23","purchased_purges":1,"victory":false,"max_hp_per_floor":[96,96,96,96,96,96,96,96,96,96,96,96,96,96,96,96,96,99,99,99,99,99,99,102,102,102,102],"card_choices":[{"not_picked":["Havoc","Infernal Blade"],"picked":"Shrug It Off","floor":1.0},{"not_picked":["Heavy Blade","Entrench"],"picked":"Iron Wave","floor":3.0},{"not_picked":["Anger","Wild Strike"],"picked":"Intimidate","floor":4.0},{"not_picked":["Rupture","Armaments"],"picked":"Heavy Blade","floor":6.0},{"not_picked":["Shrug It Off","Metallicize"],"picked":"Inflame","floor":10.0},{"not_picked":["Thunderclap","Warcry","Wild Strike"],"picked":"SKIP","floor":11.0},{"not_picked":["Shrug It Off","Dark Embrace"],"picked":"Rampage","floor":13.0},{"not_picked":["Thunderclap","Metallicize"],"picked":"Headbutt","floor":14.0},{"not_picked":["Exhume","Brutality"],"picked":"Feed","floor":16.0},{"not_picked":["Bloodletting","Sever Soul+1","Clash"],"picked":"SKIP","floor":18.0},{"not_picked":["Ghostly Armor+1","True Grit"],"picked":"Dual Wield","floor":22.0},{"not_picked":["Ghostly Armor+1","Thunderclap"],"picked":"Exhume","floor":24}],"player_experience":275370,"relics_obtained":[{"floor":6.0,"key":"Kunai"},{"floor":11.0,"key":"Torii"},{"floor":24,"key":"Shuriken"},{"floor":26,"key":"Boot"}],"event_choices":[{"cards_removed":["Strike_R"],"damage_healed":0.0,"max_hp_gain":0.0,"max_hp_loss":0.0,"gold_gain":0.0,"event_name":"Bonfire Elementals","player_choice":"Offered Basic","floor":2.0,"gold_loss":0.0,"damage_taken":0.0},{"damage_healed":0.0,"max_hp_gain":0.0,"max_hp_loss":0.0,"gold_gain":75.0,"event_name":"World of Goop","player_choice":"Gather Gold","floor":5.0,"gold_loss":0.0,"damage_taken":11.0},{"damage_healed":0.0,"max_hp_gain":0.0,"max_hp_loss":0.0,"gold_gain":30.0,"event_name":"Dead Adventurer","player_choice":"Searched \u00273\u0027 times","floor":7.0,"gold_loss":0.0,"damage_taken":0.0},{"damage_healed":0.0,"max_hp_gain":0.0,"max_hp_loss":0.0,"gold_gain":0.0,"event_name":"N\u0027loth","player_choice":"Ignored","floor":20.0,"gold_loss":0.0,"damage_taken":0.0}],"is_beta":false,"boss_relics":[{"not_picked":["Coffee Dripper","Runic Dome"],"picked":"Runic Cube"}],"items_purged_floors":[8],"is_endless":false,"potions_floor_spawned":[3,4,7,10,11,16,18],"killed_by":"Book of Stabbing","ascension_level":5}