{"gold_per_floor":[116,66,82,182,105,105,125,125,125,125,44,71,98,118,118,222,222,239,251,251,264,283,283,299,299,374,393,393,413,429,447,447,545,545,564,578,878,897,897,897,907,907,907,907,926,942,955,955,955,955],"floor_reached":51,"playtime":2436,"items_purged":[],"score":730,"play_id":"27b7cd0a-6107-442e-907a-93a74dceb98c","local_time":"20180706004701","daily_mods":["Heirloom","Specialized"],"is_ascension_mode":false,"campfire_choices":[{"data":"Zap","floor":6,"key":"SMITH"},{"data":"Static Discharge","floor":8,"key":"SMITH"},{"floor":10,"key":"DIG"},{"data":"Defragment","floor":15,"key":"SMITH"},{"floor":23,"key":"REST"},{"data":"Defragment","floor":28,"key":"SMITH"},{"floor":32,"key":"REST"},{"data":"Dualcast","floor":40,"key":"SMITH"},{"floor":42,"key":"REST"},{"data":"Multi-Cast","floor":44,"key":"SMITH"},{"floor":49,"key":"REST"}],"neow_cost":"","seed_source_timestamp":126128674911560,"circlet_count":0,"master_deck":["Strike_B","Strike_B","Strike_B","Strike_B","Defend_B","Defend_B","Defend_B","Defend_B","Zap+1","Dualcast+1","Reboot","Reboot","Reboot","Reboot","Auto Shields","Skim","Cold Snap","Leap","Static Discharge+1","Defragment+1","White Noise","Sweeping Beam","Biased Cognition+1","Stack+1","Tempest","Skim+1","Redo","Defragment+1","Aggregate","Compile Driver+1","Multi-Cast+1","Barrage+1","Ball Lightning","Bandage Up","Fission"],"relics":["Cracked Core","Shovel","Blue Candle","DataDisk","Ancient Tea Set","Regal Pillow","Cursed Key","Letter Opener","Inserter","Bottled Lightning"],"potions_floor_usage":[50,50,50],"damage_taken":[{"damage":0,"enemies":"2 Louse","floor":1,"turns":4},{"damage":2,"enemies":"Small Slimes","floor":3,"turns":3},{"damage":0,"enemies":"Jaw Worm","floor":7,"turns":2},{"damage":8,"enemies":"Gremlin Nob","floor":12,"turns":4},{"damage":0,"enemies":"Exordium Thugs","floor":14,"turns":5},{"damage":25,"enemies":"Hexaghost","floor":16,"turns":9},{"damage":0,"enemies":"Spheric Guardian","floor":18,"turns":3},{"damage":14,"enemies":"2 Thieves","floor":19,"turns":3},{"damage":21,"enemies":"Centurion and Healer","floor":21,"turns":3},{"damage":2,"enemies":"Snecko","floor":22,"turns":3},{"damage":6,"enemies":"Snake Plant","floor":24,"turns":3},{"damage":2,"enemies":"Cultist and Chosen","floor":27,"turns":3},{"damage":7,"enemies":"Centurion and Healer","floor":29,"turns":4},{"damage":2,"enemies":"Chosen and Byrds","floor":30,"turns":4},{"damage":12,"enemies":"Snecko","floor":31,"turns":4},{"damage":39,"enemies":"Champ","floor":33,"turns":6},{"damage":1,"enemies":"Orb Walker","floor":35,"turns":4},{"damage":8,"enemies":"3 Shapes","floor":36,"turns":2},{"damage":18,"enemies":"3 Darklings","floor":38,"turns":3},{"damage":18,"enemies":"Maw","floor":41,"turns":4},{"damage":2,"enemies":"Sphere and 2 Shapes","floor":45,"turns":3},{"damage":27,"enemies":"3 Darklings","floor":46,"turns":3},{"damage":14,"enemies":"Maw","floor":47,"turns":6},{"damage":31,"enemies":"Time Eater","floor":50,"turns":8}],"seed_played":"-5444980063363844734","potions_obtained":[{"floor":12,"key":"Swift Potion"},{"floor":14,"key":"SteroidPotion"},{"floor":16,"key":"SkillPotion"},{"floor":19,"key":"FocusPotion"},{"floor":35,"key":"PowerPotion"}],"is_trial":true,"path_per_floor":["M","?","M","?","$","R","M","R","T","R","$","E","T","M","R","B",null,"M","M","?","M","M","R","M","?","T","M","R","M","M","M","R","B",null,"M","M","?","M","?","R","M","R","T","R","M","M","M","?","R","B"],"character_chosen":"DEFECT","items_purchased":["Cold Snap","Leap","Defragment"],"campfire_rested":4,"item_purchase_floors":[5,5,11],"current_hp_per_floor":[75,75,73,73,73,73,73,73,73,73,73,65,65,65,65,40,75,75,61,61,40,45,75,69,69,69,67,67,60,58,46,75,36,75,75,67,67,49,49,49,35,72,72,72,74,51,41,41,75,48],"gold":955,"neow_bonus":"","is_prod":false,"is_daily":false,"chose_seed":false,"campfire_upgraded":6,"win_rate":0,"timestamp":1530809221,"path_taken":["M","?","M","?","$","R","M","R","T","R","?","E","?","M","R","BOSS","M","M","?","M","?","R","?","?","T","M","R","?","M","M","R","BOSS","M","M","?","M","?","R","M","R","T","R","?","M","M","?","R","BOSS"],"build_version":"2018-06-28","purchased_purges":0,"victory":true,"max_hp_per_floor":[75,75,75,75,75,75,75,75,75,75,75,75,75,75,75,75,75,75,75,75,75,75,75,75,75,75,75,75,75,75,75,75,75,75,75,75,75,75,75,75,75,75,75,75,75,75,75,75,75,75],"card_choices":[{"not_picked":["Turbo","Genetic Algorithm"],"picked":"Auto Shields","floor":1},{"not_picked":["Chill","Cold Snap"],"picked":"Skim","floor":3},{"not_picked":["Compile Driver","Rebound"],"picked":"Static Discharge","floor":7},{"not_picked":["Gash","Turbo"],"picked":"White Noise","floor":12},{"not_picked":["Sunder","Reprogram"],"picked":"Sweeping Beam","floor":14},{"not_picked":["Amplify","Fission"],"picked":"Biased Cognition","floor":16},{"not_picked":["Heatsinks","Streamline+1"],"picked":"Stack+1","floor":18},{"not_picked":["Sunder","Chill"],"picked":"Tempest","floor":19},{"not_picked":["Turbo","Genetic Algorithm+1"],"picked":"Skim+1","floor":21},{"not_picked":["Scrape+1","Go for the Eyes"],"picked":"Redo","floor":22},{"not_picked":["Barrage","Chaos"],"picked":"Defragment","floor":24},{"not_picked":["Coolheaded","Redo"],"picked":"Aggregate","floor":27},{"not_picked":["Turbo","BootSequence+1","Coolheaded"],"picked":"SKIP","floor":29},{"not_picked":["Hologram","Beam Cell","Fusion"],"picked":"SKIP","floor":30},{"not_picked":["Redo","Glacier"],"picked":"Compile Driver+1","floor":31},{"not_picked":["Machine Learning","Rainbow"],"picked":"Multi-Cast","floor":33},{"not_picked":["Gash+1","Rip and Tear"],"picked":"Barrage+1","floor":35},{"not_picked":["Chill","Compile Driver","Coolheaded"],"picked":"SKIP","floor":36},{"not_picked":["Coolheaded+1","Steam"],"picked":"Ball Lightning","floor":38},{"not_picked":["Magnetism","Mind Blast"],"picked":"Bandage Up","floor":39},{"not_picked":["Recycle","Lockon","Redo"],"picked":"SKIP","floor":41},{"not_picked":["Leap+1","Sweeping Beam+1","Steam"],"picked":"SKIP","floor":45},{"not_picked":["Conserve Battery+1","Genetic Algorithm"],"picked":"Fission","floor":46},{"not_picked":["Compile Driver","Capacitor","Melter+1"],"picked":"SKIP","floor":47}],"player_experience":65722,"relics_obtained":[{"floor":9,"key":"Blue Candle"},{"floor":10,"key":"DataDisk"},{"floor":12,"key":"Ancient Tea Set"},{"floor":13,"key":"Regal Pillow"},{"floor":26,"key":"Letter Opener"},{"floor":43,"key":"Bottled Lightning"}],"event_choices":[{"event_name":"The Cleric","player_choice":"Card Removal","floor":2,"damage_taken":0},{"event_name":"Golden Shrine","player_choice":"Pray","floor":4,"damage_taken":0},{"event_name":"Upgrade Shrine","player_choice":"Upgraded","floor":20,"damage_taken":0},{"event_name":"Drug Dealer","player_choice":"Ignored","floor":25,"damage_taken":0},{"event_name":"Wheel of Change","player_choice":"Gold","floor":37,"damage_taken":0},{"event_name":"SensoryStone","player_choice":"Memory 1","floor":39,"damage_taken":0},{"event_name":"Fountain of Cleansing","player_choice":"Removed Curse","floor":48,"damage_taken":0}],"boss_relics":[{"not_picked":["Velvet Choker","Ectoplasm"],"picked":"Cursed Key"},{"not_picked":["White Beast Statue","Snecko Eye"],"picked":"Inserter"}],"items_purged_floors":[],"is_endless":false,"potions_floor_spawned":[12,14,16,19,21,24,30,33,35,45,47],"ascension_level":0}