{"path_per_floor":["M","?","M","M","M","R","E","R","T","?","M","R","M","M","R","B",null,"M","M","$","?","?","R","?","$","T","E","M","R","M","M","R"],"character_chosen":"THE_SILENT","items_purchased":["Infinite Blades","Letter Opener"],"gold_per_floor":[119,119,132,152,172,172,197,197,223,223,235,235,255,275,275,379,409,428,440,25,25,25,25,25,25,25,54,64,64,76,93,93],"floor_reached":33,"campfire_rested":6,"playtime":11584,"current_hp_per_floor":[69,69,67,63,29,50,9,30,30,30,14,35,32,14,35,23,75,69,50,50,50,50,50,50,50,50,27,3,18,24,5,20],"items_purged":["Writhe"],"gold":93,"score":295,"play_id":"9919886d-d792-46d8-9ce2-e8aa55f4b934","local_time":"20180312215420","is_prod":false,"is_daily":false,"is_ascension_mode":false,"campfire_upgraded":1,"timestamp":1520888060,"path_taken":["M","?","?","M","M","R","E","R","T","?","M","R","M","?","R","BOSS","M","M","$","?","?","R","?","?","T","E","M","R","?","M","R","BOSS"],"build_version":"2018-03-09","purchased_purges":1,"victory":false,"master_deck":["Defend_G","Defend_G","Defend_G","Defend_G","Defend_G","Survivor","Neutralize","Underhanded Strike","Bouncing Flask+1","Deadly Poison","Dagger Throw","Bane","Terror","Bane","Sucker Punch","Quick Slash","Backflip","Adrenaline","Blade Dance","PiercingWail+1","Poisoned Stab+1","Infinite Blades","Bite","Bite","Bite","Bite","Bite","Writhe","Backstab","Outmaneuver+1","Dagger Throw","Leg Sweep"],"max_hp_per_floor":[70,70,70,70,70,70,70,70,70,70,70,70,70,70,70,70,75,75,75,75,75,52,52,52,52,52,52,52,52,52,52,52],"relics":["Ring of the Snake","Prayer Wheel","Kunai","Anchor","Tiny House","Letter Opener","Ginger","Bird Faced Urn","Tingsha","Torii"],"card_choices":[{"not_picked":["Quick Slash","PiercingWail"],"picked":"Bouncing Flask"},{"not_picked":["Doppelganger","Eviscerate"],"picked":"Deadly Poison"},{"not_picked":["Prepared","Acrobatics"],"picked":"Dagger Throw"},{"not_picked":["Backflip","Venomology"],"picked":"Bane"},{"not_picked":["Acrobatics","Dodge and Roll"],"picked":"Terror"},{"not_picked":["PiercingWail","Acrobatics"],"picked":"Bane"},{"not_picked":["Dodge and Roll","Acrobatics"],"picked":"Sucker Punch"},{"not_picked":["Deadly Poison","PiercingWail"],"picked":"Quick Slash"},{"not_picked":["Slice","Outmaneuver"],"picked":"Backflip"},{"not_picked":["Night Terror","Doppelganger"],"picked":"Adrenaline"},{"not_picked":["Underhanded Strike","Skewer"],"picked":"Blade Dance"},{"not_picked":["Outmaneuver","Predator"],"picked":"PiercingWail"},{"not_picked":["Escape Plan","Deflect"],"picked":"Poisoned Stab"},{"not_picked":["Dagger Spray","Footwork"],"picked":"Backstab"},{"not_picked":["Masterful Stab","Sucker Punch"],"picked":"Outmaneuver"},{"not_picked":["Dodge and Roll","Underhanded Strike"],"picked":"Dagger Throw"},{"not_picked":["Predator","Sucker Punch"],"picked":"Leg Sweep"}],"player_experience":88894,"potions_floor_usage":[16,19,27,30,30,31],"damage_taken":[{"damage":1,"enemies":"2 Louse","floor":1,"turns":3},{"damage":2,"enemies":"Small Slimes","floor":3,"turns":3},{"damage":4,"enemies":"Cultist","floor":4,"turns":4},{"damage":34,"enemies":"Exordium Thugs","floor":5,"turns":6},{"damage":41,"enemies":"3 Sentries","floor":7,"turns":11},{"damage":16,"enemies":"2 Fungi Beasts","floor":11,"turns":4},{"damage":3,"enemies":"Red Slaver","floor":13,"turns":3},{"damage":18,"enemies":"Lots of Slimes","floor":14,"turns":5},{"damage":12,"enemies":"Hexaghost","floor":16,"turns":11},{"damage":6,"enemies":"Shell Parasite","floor":18,"turns":3},{"damage":19,"enemies":"3 Byrds","floor":19,"turns":4},{"damage":31,"enemies":"Slavers","floor":27,"turns":7},{"damage":30,"enemies":"Cultist and Chosen","floor":28,"turns":5},{"damage":0,"enemies":"Snecko","floor":30,"turns":4},{"damage":29,"enemies":"Centurion and Healer","floor":31,"turns":6},{"damage":40,"enemies":"Champ","floor":33,"turns":10}],"event_choices":[{"event_name":"Big Fish","player_choice":"Box","floor":2,"damage_taken":0},{"event_name":"Transmorgrifier","player_choice":"Transform","floor":10,"damage_taken":0},{"event_name":"Accursed Blacksmith","player_choice":"Rummage","floor":21,"damage_taken":0},{"event_name":"Vampires","player_choice":"Became a vampire","floor":22,"damage_taken":0},{"event_name":"The Mausoleum","player_choice":"Yes","floor":24,"damage_taken":0}],"boss_relics":[{"not_picked":["White Beast Statue","Philosopher\u0027s Stone"],"picked":"Tiny House"}],"potions_floor_spawned":[1,7,16,19,28],"seed_played":"6845680034167084717","killed_by":"Champ","ascension_level":0,"is_trial":false}