{"gold_per_floor":[111,111,186,201,218,218,237,248,271,17,17,37,37,49,49,153,153,168,182,182,0,0,0,0,0,27,27,27,42,42,68,68,166,166,185,106,106,406,422,422,441,468,468,468,480,480,490,490],"floor_reached":48,"playtime":1697,"items_purged":[],"score":912,"play_id":"b4c6f2a0-3e85-496b-a163-5187a1820aa7","local_time":"20180627083444","is_ascension_mode":true,"campfire_choices":[{"data":"Bash","floor":6.0,"key":"SMITH"},{"data":"Cleave","floor":11.0,"key":"SMITH"},{"floor":15.0,"key":"REST"},{"floor":23,"key":"REST"},{"floor":25,"key":"REST"},{"floor":32,"key":"REST"},{"floor":40,"key":"REST"},{"floor":44,"key":"REST"},{"data":"Limit Break","floor":46,"key":"SMITH"}],"neow_cost":"","seed_source_timestamp":77537840351700,"circlet_count":0,"master_deck":["Strike_R+1","Strike_R+1","Defend_R+1","Defend_R+1","Defend_R+1","Defend_R+1","Bash+1","Cleave+1","Battle Trance","Feed+1","Feed+1","Flex","Shrug It Off+1","Disarm","Blood for Blood+1","Shrug It Off","Limit Break+1","Inflame","Flex"],"special_seed":0,"relics":["Burning Blood","Bronze Scales","Regal Pillow","Molten Egg 2","Lantern","Orichalcum","Busted Crown","Old Coin","Ancient Tea Set","Ornamental Fan"],"potions_floor_usage":[16,16,18,19,35,42,48],"damage_taken":[{"damage":10.0,"enemies":"2 Louse","floor":1.0,"turns":2.0},{"damage":1.0,"enemies":"Cultist","floor":4.0,"turns":3.0},{"damage":0.0,"enemies":"Small Slimes","floor":5.0,"turns":3.0},{"damage":8.0,"enemies":"3 Louse","floor":7.0,"turns":2.0},{"damage":9.0,"enemies":"Red Slaver","floor":8.0,"turns":4.0},{"damage":0.0,"enemies":"Gremlin Gang","floor":12.0,"turns":2.0},{"damage":27.0,"enemies":"Exordium Thugs","floor":14.0,"turns":3.0},{"damage":81,"enemies":"Hexaghost","floor":16,"turns":10},{"damage":22,"enemies":"Spheric Guardian","floor":18,"turns":4},{"damage":33,"enemies":"Chosen","floor":19,"turns":5},{"damage":21,"enemies":"Snecko","floor":29,"turns":7},{"damage":31,"enemies":"Book of Stabbing","floor":31,"turns":7},{"damage":88,"enemies":"Collector","floor":33,"turns":13},{"damage":17,"enemies":"3 Darklings","floor":35,"turns":4},{"damage":20,"floor":38,"turns":6},{"damage":3,"enemies":"Flame Bruiser 1 Orb","floor":39,"turns":5},{"damage":20,"enemies":"4 Shapes","floor":41,"turns":6},{"damage":89,"enemies":"2 Orb Walkers","floor":42,"turns":7},{"damage":15,"enemies":"Sphere and 2 Shapes","floor":45,"turns":5},{"damage":54,"enemies":"Maw","floor":47,"turns":8},{"damage":16,"enemies":"Spire Growth","floor":48,"turns":2}],"seed_played":"-6230042324075603167","potions_obtained":[{"floor":7.0,"key":"SteroidPotion"},{"floor":8.0,"key":"Swift Potion"},{"floor":14.0,"key":"Poison Potion"},{"floor":16,"key":"Block Potion"},{"floor":18,"key":"Poison Potion"},{"floor":39,"key":"SkillPotion"},{"floor":47,"key":"PowerPotion"}],"is_trial":false,"path_per_floor":["M","?","?","M","M","R","M","M","T","$","R","M","?","M","R","B",null,"M","M","?","?","?","R","$","R","T","$","?","M","?","E","R","B",null,"M","$","?","?","M","R","M","E","T","R","M","R","M"],"character_chosen":"IRONCLAD","items_purchased":["Molten Egg 2","Inflame"],"campfire_rested":6,"item_purchase_floors":[],"current_hp_per_floor":[68,68,57,62,68,68,66,63,63,63,63,69,69,52,84,9,65,53,26,9,9,9,51,51,93,93,93,93,82,82,57,97,15,77,66,66,66,52,59,101,95,16,16,64,55,55,11,0],"gold":490,"neow_bonus":"","is_prod":false,"is_daily":false,"chose_seed":false,"campfire_upgraded":3,"win_rate":0,"timestamp":1530081284,"path_taken":["M","?","?","?","M","R","M","?","T","?","R","?","?","M","R","BOSS","M","M","?","?","?","R","$","R","T","?","?","M","?","E","R","BOSS","M","$","?","?","M","R","M","E","T","R","M","R","M","M"],"build_version":"2018-06-26","purchased_purges":0,"victory":false,"max_hp_per_floor":[80,80,80,80,80,80,80,80,80,80,80,80,80,84,84,84,84,88,88,93,93,93,93,93,93,93,93,93,97,97,97,97,97,97,97,97,97,97,101,101,109,113,113,113,113,113,117,117],"card_choices":[{"not_picked":["Wild Strike","True Grit","Infernal Blade"],"picked":"SKIP","floor":1.0},{"not_picked":["Armaments","Twin Strike"],"picked":"Cleave","floor":4.0},{"not_picked":["Reckless Charge","True Grit"],"picked":"Battle Trance","floor":5.0},{"not_picked":["Sever Soul","Havoc","Clothesline"],"picked":"SKIP","floor":7.0},{"not_picked":["Armaments","Wild Strike","Body Slam"],"picked":"SKIP","floor":8.0},{"not_picked":["Heavy Blade+1","Hemokinesis+1"],"picked":"Feed+1","floor":12.0},{"not_picked":["Dual Wield","Havoc","Cleave+1"],"picked":"SKIP","floor":14.0},{"not_picked":["Brutality","Double Tap"],"picked":"Feed+1","floor":16},{"not_picked":["Twin Strike+1","Combust"],"picked":"Flex","floor":18},{"not_picked":["Thunderclap+1","Battle Trance+1"],"picked":"Shrug It Off+1","floor":19},{"not_picked":["Armaments","Clothesline+1","Sever Soul+1"],"picked":"SKIP","floor":29},{"not_picked":["Clothesline+1","Armaments+1"],"picked":"Shrug It Off","floor":31},{"not_picked":["Brutality","Fiend Fire+1"],"picked":"Limit Break","floor":33},{"not_picked":["Pommel Strike+1"],"picked":"SKIP","floor":35},{"not_picked":[],"picked":"Flex","floor":39},{"not_picked":["Carnage+1"],"picked":"SKIP","floor":41},{"not_picked":["Wild Strike+1"],"picked":"SKIP","floor":42},{"not_picked":["Uppercut+1"],"picked":"SKIP","floor":45},{"not_picked":["Dual Wield"],"picked":"SKIP","floor":47}],"player_experience":328126,"relics_obtained":[{"floor":9.0,"key":"Regal Pillow"},{"floor":26,"key":"Lantern"},{"floor":31,"key":"Orichalcum"},{"floor":38,"key":"Old Coin"},{"floor":42,"key":"Ancient Tea Set"},{"floor":43,"key":"Ornamental Fan"}],"event_choices":[{"event_name":"Bonfire Elementals","player_choice":"BASIC","floor":2.0,"damage_taken":0.0},{"event_name":"World of Goop","player_choice":"Gather Gold","floor":3.0,"damage_taken":0.0},{"event_name":"Purifier","player_choice":"One Purge","floor":13.0,"damage_taken":0.0},{"event_name":"Forgotten Altar","player_choice":"Shed Blood","floor":20,"damage_taken":0},{"event_name":"Masked Bandits","player_choice":"Paid Bandits 182 gold","floor":21,"damage_taken":0},{"event_name":"Back to Basics","player_choice":"Simplicity","floor":22,"damage_taken":0},{"event_name":"Transmorgrifier","player_choice":"Transform","floor":28,"damage_taken":0},{"event_name":"The Library","player_choice":"Read","floor":30,"damage_taken":0},{"event_name":"Mysterious Sphere","player_choice":"Ignore","floor":37,"damage_taken":0},{"event_name":"MindBloom","player_choice":"Fight","floor":38,"damage_taken":0}],"boss_relics":[{"not_picked":["Coffee Dripper","Runic Dome","Ectoplasm"]},{"not_picked":["Orrery","Black Star"],"picked":"Busted Crown"}],"items_purged_floors":[],"is_endless":false,"potions_floor_spawned":[7,8,14,16,18,39,47],"killed_by":"Spire Growth","ascension_level":7}