{"gold_per_floor":[113,44,119,119,119,137,167,167,167,132,132,143,143,155,155,257,257,268,367,384,397,174,174,191,191,191,204,204,218,236,250,250,345,345,362,208,220,52,52,52,64,84,108,108,125,125,144,191,191,191],"floor_reached":51,"playtime":2639,"items_purged":["Stack","Rebound"],"score":901,"play_id":"b3a18353-ed66-4ce5-b5dc-390d18bd4aa3","local_time":"20180703000612","daily_mods":["Draft","Heirloom"],"is_ascension_mode":false,"campfire_choices":[{"data":"Static Discharge","floor":11.0,"key":"SMITH"},{"data":"Defragment","floor":13.0,"key":"SMITH"},{"data":"Static Discharge","floor":15.0,"key":"SMITH"},{"data":"Storm","floor":23.0,"key":"SMITH"},{"data":"Electrodynamics","floor":25.0,"key":"SMITH"},{"data":"Go for the Eyes","floor":28.0,"key":"SMITH"},{"data":"Redo","floor":32.0,"key":"SMITH"},{"data":"Aggregate","floor":40,"key":"SMITH"},{"data":"Loop","floor":46,"key":"SMITH"},{"data":"Zap","floor":49,"key":"SMITH"}],"neow_cost":"","seed_source_timestamp":12165719132457,"circlet_count":0,"master_deck":["Redo","Ball Lightning","Barrage","Static Discharge+1","Tempest","Compile Driver","White Noise","Leap","Defragment+1","Go for the Eyes+1","FTL","Genetic Algorithm","Static Discharge+1","Cold Snap","Lockon","Electrodynamics+1","Zap+1","Redo+1","Capacitor","Lockon","Reboot","Leap","Echo Form","Self Repair","Stack+1","Aggregate+1","Storm+1","Seek","Coolheaded+1","Loop+1"],"special_seed":0,"relics":["Cracked Core","Mango","Sundial","Bottled Tornado","Cables","Eternal Feather","Dream Catcher","Sozu","DataDisk","Bird Faced Urn","Orichalcum","Torii"],"potions_floor_usage":[50],"damage_taken":[{"damage":0.0,"enemies":"Cultist","floor":1.0,"turns":3.0},{"damage":7.0,"enemies":"Small Slimes","floor":6.0,"turns":2.0},{"damage":24.0,"enemies":"Lagavulin","floor":7.0,"turns":5.0},{"damage":4.0,"enemies":"2 Louse","floor":12.0,"turns":2.0},{"damage":6.0,"enemies":"2 Fungi Beasts","floor":14.0,"turns":1.0},{"damage":0.0,"enemies":"Slime Boss","floor":16.0,"turns":5.0},{"damage":0.0,"enemies":"3 Byrds","floor":18.0,"turns":2.0},{"damage":17.0,"enemies":"2 Thieves","floor":20.0,"turns":2.0},{"damage":3.0,"enemies":"3 Cultists","floor":21.0,"turns":2.0},{"damage":15.0,"enemies":"Snake Plant","floor":24.0,"turns":2.0},{"damage":13.0,"enemies":"Slaver and Parasite","floor":27.0,"turns":4.0},{"damage":21.0,"enemies":"Snecko","floor":29.0,"turns":3.0},{"damage":7.0,"enemies":"Centurion and Healer","floor":30.0,"turns":3.0},{"damage":0.0,"enemies":"3 Cultists","floor":31.0,"turns":2.0},{"damage":57.0,"enemies":"Champ","floor":33.0,"turns":8.0},{"damage":0,"enemies":"3 Shapes","floor":35,"turns":2},{"damage":10,"enemies":"Orb Walker","floor":37,"turns":2},{"damage":3,"floor":39,"turns":5},{"damage":0,"enemies":"Sphere and 2 Shapes","floor":41,"turns":2},{"damage":19,"enemies":"Maw","floor":42,"turns":5},{"damage":0,"enemies":"3 Darklings","floor":45,"turns":1},{"damage":0,"enemies":"4 Shapes","floor":47,"turns":1},{"damage":9,"floor":48,"turns":2},{"damage":81,"enemies":"Awakened One","floor":50,"turns":8}],"seed_played":"6112155760316232654","potions_obtained":[{"floor":7.0,"key":"PowerPotion"},{"floor":21.0,"key":"Weak Potion"},{"floor":27.0,"key":"PowerPotion"},{"floor":30.0,"key":"SmokeBomb"},{"floor":31.0,"key":"Strength Potion"}],"is_trial":true,"path_per_floor":["M","$","?","?","?","M","E","T","T","?","R","M","R","M","R","B",null,"M","?","M","M","$","R","M","R","T","M","R","M","M","M","R","B",null,"M","$","M","$","?","R","M","M","T","$","M","R","M","?","R","B"],"character_chosen":"DEFECT","items_purchased":["Lockon","Storm","LiquidBronze","DataDisk","Loop"],"campfire_rested":0,"item_purchase_floors":[],"current_hp_per_floor":[89,89,78,78,78,71,47,47,47,69,69,65,65,59,59,59,89,89,89,72,69,69,79,64,74,74,68,78,64,57,64,74,17,89,89,89,79,79,83,89,89,83,83,83,87,89,89,89,89,18],"gold":191,"neow_bonus":"","is_prod":false,"is_daily":false,"chose_seed":false,"campfire_upgraded":10,"win_rate":0,"timestamp":1530547572,"path_taken":["M","?","?","?","?","M","E","?","T","?","R","M","R","M","R","BOSS","M","?","M","M","$","R","M","R","T","M","R","M","M","M","R","BOSS","M","$","M","?","?","R","M","M","T","$","M","R","M","?","R","BOSS"],"build_version":"2018-06-28","purchased_purges":2,"victory":true,"max_hp_per_floor":[89,89,89,89,89,89,89,89,89,89,89,89,89,89,89,89,89,89,89,89,89,89,89,89,89,89,89,89,89,89,89,89,89,89,89,89,89,89,89,89,89,89,89,89,89,89,89,89,89,89],"card_choices":[{"not_picked":["Sweeping Beam","Reinforced Body"],"picked":"Redo","floor":0.0},{"not_picked":["Hologram","Conserve Battery"],"picked":"Ball Lightning","floor":0.0},{"not_picked":["Barrage","Sweeping Beam"],"picked":"Rebound","floor":0.0},{"not_picked":["Hologram","Conserve Battery"],"picked":"Barrage","floor":0.0},{"not_picked":["Go for the Eyes","Coolheaded"],"picked":"Static Discharge","floor":0.0},{"not_picked":["Rebound","Reprogram"],"picked":"Tempest","floor":0.0},{"not_picked":["Hologram","Redo"],"picked":"Compile Driver","floor":0.0},{"not_picked":["Chill","Hologram"],"picked":"White Noise","floor":0.0},{"not_picked":["Conserve Battery","Fusion"],"picked":"Leap","floor":0.0},{"not_picked":["Barrage","Fusion"],"picked":"Defragment","floor":0.0},{"not_picked":["Compile Driver","Chill"],"picked":"Go for the Eyes","floor":0.0},{"not_picked":["Rebound","Compile Driver"],"picked":"FTL","floor":0.0},{"not_picked":["BootSequence","Rip and Tear"],"picked":"Genetic Algorithm","floor":0.0},{"not_picked":["Leap","Redo"],"picked":"Static Discharge","floor":0.0},{"not_picked":["Chaos","Streamline"],"picked":"Stack","floor":0.0},{"not_picked":["Conserve Battery","Turbo"],"picked":"Cold Snap","floor":1.0},{"not_picked":["Streamline","Reprogram"],"picked":"Capacitor","floor":6.0},{"not_picked":["Glacier","Steam"],"picked":"Lockon","floor":7.0},{"not_picked":["Steam Power","Coolheaded"],"picked":"Reboot","floor":12.0},{"not_picked":["Coolheaded","Steam"],"picked":"Leap","floor":14.0},{"not_picked":["Reboot","Multi-Cast"],"picked":"Echo Form","floor":16.0},{"not_picked":["Coolheaded+1","Leap"],"picked":"Self Repair","floor":18.0},{"not_picked":["Capacitor","Chaos+1"],"picked":"Stack+1","floor":20.0},{"not_picked":["Leap+1","Scrape"],"picked":"Aggregate","floor":21.0},{"not_picked":["Genetic Algorithm","Redo","Cold Snap+1"],"picked":"SKIP","floor":24.0},{"not_picked":["Hologram","Tempest","FTL"],"picked":"SKIP","floor":27.0},{"not_picked":["Genetic Algorithm","Turbo","Self Repair+1"],"picked":"SKIP","floor":29.0},{"not_picked":["Stack","Go for the Eyes","Storm"],"picked":"SKIP","floor":30.0},{"not_picked":["Stack","Glacier","BootSequence"],"picked":"SKIP","floor":31.0},{"not_picked":["Thunder Strike","Hyperbeam"],"picked":"Seek","floor":33.0},{"not_picked":["Cold Snap+1","Sweeping Beam"],"picked":"Coolheaded+1","floor":35},{"not_picked":["Compile Driver+1","Beam Cell","Heatsinks"],"picked":"SKIP","floor":37},{"not_picked":["Coolheaded","Electrodynamics","Go for the Eyes"],"picked":"SKIP","floor":41},{"not_picked":["Glacier+1","Conserve Battery","Hologram+1"],"picked":"SKIP","floor":42},{"not_picked":["Hello World+1","Barrage","Streamline+1"],"picked":"SKIP","floor":45},{"not_picked":["Go for the Eyes","Coolheaded+1","Turbo+1"],"picked":"SKIP","floor":47}],"player_experience":49714,"relics_obtained":[{"floor":7.0,"key":"Sundial"},{"floor":8.0,"key":"Bottled Tornado"},{"floor":9.0,"key":"Cables"},{"floor":26.0,"key":"Dream Catcher"},{"floor":39,"key":"Bird Faced Urn"},{"floor":43,"key":"Orichalcum"},{"floor":48,"key":"Torii"}],"event_choices":[{"event_name":"World of Goop","player_choice":"Gather Gold","floor":3.0,"damage_taken":0.0},{"event_name":"Match and Keep!","player_choice":"3 cards matched","floor":4.0,"damage_taken":0.0},{"event_name":"Liars Game","player_choice":"disagreed","floor":5.0,"damage_taken":0.0},{"event_name":"The Cleric","player_choice":"Healed","floor":10.0,"damage_taken":0.0},{"event_name":"Nest","player_choice":"Stole From Cult","floor":19.0,"damage_taken":0.0},{"event_name":"MindBloom","player_choice":"Fight","floor":39,"damage_taken":0},{"event_name":"Mysterious Sphere","player_choice":"Fight","floor":48,"damage_taken":0}],"boss_relics":[{"not_picked":["Pandora\u0027s Box","Fusion Hammer"],"picked":"Eternal Feather"},{"not_picked":["Coffee Dripper","Runic Pyramid"],"picked":"Sozu"}],"items_purged_floors":[],"is_endless":false,"potions_floor_spawned":[7,21,27,30,31,39,47,48],"ascension_level":0}