{"path_per_floor":["M","$","M","?","?","R","E","$","T","M","$","R","M","M","R","B",null,"M","?","?","?","M","$","M","M","T","$","M","R","?","M","R","B",null,"M","?","?","?","M","R"],"character_chosen":"IRONCLAD","items_purchased":["Searing Blow","Shrug It Off"],"gold_per_floor":[316,121,136,136,136,136,164,64,87,100,100,100,120,130,130,235,235,250,250,250,250,262,137,152,169,169,19,38,38,137,156,156,258,258,272,272,272,272,287,287,287],"floor_reached":41,"campfire_rested":1,"playtime":1903,"item_purchase_floors":[],"current_hp_per_floor":[77,77,80,80,80,80,34,34,34,40,40,40,35,41,65,49,72,66,56,47,47,51,51,29,24,24,24,41,41,41,52,52,21,51,55,55,55,55,49,49,0],"items_purged":["Strike_R","Defend_R","Decay","Dual Wield"],"gold":287,"score":558,"play_id":"edea8d55-c6ea-4136-a65b-24fc6a4919e3","local_time":"20180620085909","is_prod":false,"is_daily":false,"chose_seed":false,"is_ascension_mode":true,"campfire_upgraded":5,"win_rate":0,"timestamp":1529477949,"campfire_choices":[{"data":"Searing Blow","floor":6.0,"key":"SMITH"},{"data":"Searing Blow+1","floor":12.0,"key":"SMITH"},{"floor":15.0,"key":"REST"},{"data":"Entrench","floor":29.0,"key":"SMITH"},{"data":"Limit Break","floor":32.0,"key":"SMITH"},{"data":"Demon Form","floor":40.0,"key":"SMITH"}],"path_taken":["M","$","M","?","?","R","E","$","T","M","?","R","?","?","R","BOSS","M","?","?","?","?","$","M","M","T","?","M","R","?","M","R","BOSS","M","?","?","?","?","R","E"],"build_version":"2018-06-19","seed_source_timestamp":521829079798196,"purchased_purges":4,"circlet_count":0,"victory":false,"master_deck":["Defend_R","Defend_R","Defend_R","Bash+1","Shrug It Off","Searing Blow+2","Shrug It Off","Disarm","Demon Form+1","Shrug It Off","Limit Break+1","Entrench+1","Bite","Bite","Bite","Bite","Bite","Disarm","Iron Wave+1","Impervious","Body Slam+1","Madness"],"max_hp_per_floor":[80,80,80,80,80,80,80,80,80,80,80,80,80,80,80,80,80,80,56,61,61,61,61,61,61,61,61,61,61,61,61,61,61,61,61,61,61,61,61,61,61],"special_seed":0,"relics":["Burning Blood","Old Coin","Gremlin Horn","Whetstone","Sozu","Pantograph","Orrery"],"card_choices":[{"not_picked":["Power Through","Twin Strike"],"picked":"Shrug It Off","floor":1.0},{"not_picked":["Havoc","Shrug It Off"],"picked":"Disarm","floor":3.0},{"not_picked":["Corruption","True Grit"],"picked":"Demon Form","floor":7.0},{"not_picked":["Wild Strike","Armaments"],"picked":"Shrug It Off","floor":10.0},{"not_picked":["Seeing Red","Combust","Reckless Charge"],"picked":"SKIP","floor":13.0},{"not_picked":["Havoc","Heavy Blade"],"picked":"Dual Wield","floor":14.0},{"not_picked":["Double Tap","Reaper"],"picked":"Limit Break","floor":16.0},{"not_picked":["Iron Wave+1","Sentinel"],"picked":"Entrench","floor":18.0},{"not_picked":["Warcry","Clothesline+1","Anger"],"picked":"SKIP","floor":22.0},{"not_picked":["Sentinel+1","Evolve","Body Slam"],"picked":"SKIP","floor":24.0},{"not_picked":["Shockwave","Wild Strike"],"picked":"Disarm","floor":25.0},{"not_picked":["Rage","Clothesline","Combust"],"picked":"SKIP","floor":28.0},{"not_picked":["Anger","Pummel+1"],"picked":"Iron Wave+1","floor":31.0},{"not_picked":["Demon Form","Offering"],"picked":"Impervious","floor":33.0},{"not_picked":["Uppercut","Dual Wield+1"],"picked":"Body Slam+1","floor":35.0},{"not_picked":["Blind","Purity"],"picked":"Madness","floor":36.0},{"not_picked":["Pommel Strike+1","Shrug It Off","Searing Blow+1"],"picked":"SKIP","floor":39.0}],"player_experience":302011,"potions_floor_usage":[],"damage_taken":[{"damage":1.0,"enemies":"Cultist","floor":1.0,"turns":3.0},{"damage":0.0,"enemies":"2 Louse","floor":3.0,"turns":2.0},{"damage":52.0,"enemies":"Lagavulin","floor":7.0,"turns":11.0},{"damage":0.0,"enemies":"Jaw Worm","floor":10.0,"turns":5.0},{"damage":11.0,"enemies":"Exordium Thugs","floor":13.0,"turns":7.0},{"damage":0.0,"enemies":"Red Slaver","floor":14.0,"turns":6.0},{"damage":22.0,"enemies":"Slime Boss","floor":16.0,"turns":12.0},{"damage":12.0,"enemies":"3 Byrds","floor":18.0,"turns":6.0},{"damage":22.0,"enemies":"Shell Parasite","floor":22.0,"turns":8.0},{"damage":36.0,"enemies":"3 Cultists","floor":24.0,"turns":6.0},{"damage":27.0,"enemies":"Snake Plant","floor":25.0,"turns":8.0},{"damage":7.0,"enemies":"Snecko","floor":28.0,"turns":6.0},{"damage":15.0,"enemies":"Cultist and Chosen","floor":31.0,"turns":8.0},{"damage":56.0,"enemies":"Automaton","floor":33.0,"turns":9.0},{"damage":10.0,"enemies":"3 Shapes","floor":35.0,"turns":10.0},{"damage":22.0,"enemies":"Flame Bruiser 1 Orb","floor":39.0,"turns":6.0},{"damage":68,"enemies":"2 Orb Walkers","floor":41,"turns":4}],"relics_obtained":[{"floor":7.0,"key":"Gremlin Horn"},{"floor":9.0,"key":"Whetstone"},{"floor":26.0,"key":"Pantograph"}],"event_choices":[{"event_name":"Bonfire Elementals","player_choice":"BASIC","floor":4.0,"damage_taken":0.0},{"event_name":"Living Wall","player_choice":"Forget","floor":5.0,"damage_taken":0.0},{"event_name":"Vampires","player_choice":"Became a vampire","floor":19.0,"damage_taken":0.0},{"event_name":"Forgotten Altar","player_choice":"Shed Blood","floor":20.0,"damage_taken":0.0},{"event_name":"Wheel of Change","player_choice":"Curse","floor":21.0,"damage_taken":0.0},{"event_name":"Nest","player_choice":"Stole From Cult","floor":30.0,"damage_taken":0.0},{"event_name":"SensoryStone","player_choice":"Memory 1","floor":36.0,"damage_taken":0.0},{"event_name":"Match and Keep!","player_choice":"0 cards matched","floor":37.0,"damage_taken":0.0},{"event_name":"Accursed Blacksmith","player_choice":"Ignore","floor":38.0,"damage_taken":0.0}],"boss_relics":[{"not_picked":["Tiny House","Pandora\u0027s Box"],"picked":"Sozu"},{"not_picked":["Runic Pyramid","Lizard Tail"],"picked":"Orrery"}],"items_purged_floors":[],"is_endless":false,"potions_floor_spawned":[1,13,16,25,28,31,35,39],"seed_played":"-6325964895718665569","killed_by":"2 Orb Walkers","ascension_level":6,"potions_obtained":[{"floor":1.0,"key":"Weak Potion"},{"floor":13.0,"key":"Poison Potion"},{"floor":16.0,"key":"Energy Potion"}],"is_trial":false}