{"path_per_floor":["M","M","M","?","?","M","R","?","T","T","M","?","M","M","R","B",null,"M","?","?","M","M","E","R","M","T","?","R","?","$","?","R","B",null,"M","M","M","?","M","R","M","R","T","$","M","M","?","M","R"],"character_chosen":"THE_SILENT","items_purchased":["Dramatic Entrance+1","War Paint","Orichalcum"],"gold_per_floor":[111,125,143,318,393,407,407,407,407,407,426,376,388,408,408,512,512,531,456,456,470,480,509,509,528,528,443,443,443,48,0,0,97,97,116,128,145,145,155,155,172,172,172,172,192,204,204,221,221,221],"floor_reached":50,"campfire_rested":6,"playtime":2766,"item_purchase_floors":[30,30,30],"current_hp_per_floor":[70,69,62,62,51,49,70,70,70,70,70,70,70,70,70,67,70,64,64,64,54,30,36,57,46,46,46,67,67,67,67,67,34,70,50,50,35,35,16,37,11,32,32,32,18,5,23,23,44,0],"items_purged":[],"gold":221,"score":483,"play_id":"346f3021-eb62-4e05-8761-c03e6157c9db","local_time":"20180523225403","is_prod":false,"is_daily":false,"chose_seed":false,"is_ascension_mode":false,"campfire_upgraded":2,"win_rate":0.0,"timestamp":1527108843,"campfire_choices":[{"floor":7,"key":"REST"},{"data":"Noxious Fumes","floor":15,"key":"SMITH"},{"floor":24,"key":"REST"},{"floor":28,"key":"REST"},{"data":"Noxious Fumes","floor":32,"key":"SMITH"},{"floor":40,"key":"REST"},{"floor":42,"key":"REST"},{"floor":49,"key":"REST"}],"path_taken":["M","M","M","?","?","M","R","?","T","?","?","?","M","M","R","BOSS","M","?","?","M","M","E","R","M","T","?","R","?","$","?","R","BOSS","M","?","M","?","M","R","?","R","T","?","M","M","?","M","R","BOSS"],"build_version":"2018-05-23","seed_source_timestamp":1135819576004594,"purchased_purges":0,"victory":false,"master_deck":["Defend_G","Defend_G","Defend_G+1","Defend_G","Strike_G","Strike_G","Strike_G","Strike_G","Strike_G","Survivor","Neutralize","Backflip","All Out Attack","Poisoned Stab","Quick Slash","Noxious Fumes+1","Terror+1","Quick Slash","Die Die Die","Noxious Fumes","Noxious Fumes+1","Deadly Poison","Malaise","Slice","Deadly Poison","Dramatic Entrance+1","Skewer+1","Slice+1","Infinite Blades+1","Infinite Blades+1","Envenom","Infinite Blades+1","Writhe","Backstab+1"],"max_hp_per_floor":[70,70,70,70,70,70,70,70,70,70,70,70,70,70,70,70,70,70,70,70,70,70,70,70,70,70,70,70,70,70,70,70,70,70,70,70,70,70,70,70,70,70,70,70,70,70,70,70,70,70],"relics":["Ring of the Snake","Ninja Scroll","Ornamental Fan","Sozu","Boot","Molten Egg 2","Kunai","War Paint","Orichalcum","Lizard Tail","Anchor"],"card_choices":[{"not_picked":["Sucker Punch","PiercingWail"],"picked":"Backflip","floor":1},{"not_picked":["Underhanded Strike","Backflip"],"picked":"All Out Attack","floor":2},{"not_picked":["Riddle With Holes","Prepared"],"picked":"Poisoned Stab","floor":3},{"not_picked":["Well Laid Plans","Underhanded Strike"],"picked":"Quick Slash","floor":6},{"not_picked":["Backflip","PiercingWail"],"picked":"Noxious Fumes","floor":11},{"not_picked":["Masterful Stab","Deflect"],"picked":"Terror","floor":13},{"not_picked":["PiercingWail","Backflip"],"picked":"Quick Slash","floor":14},{"not_picked":["Glass Knife","Venomology"],"picked":"Die Die Die","floor":16},{"not_picked":["Calculated Gamble","Outmaneuver"],"picked":"Noxious Fumes","floor":18},{"not_picked":["Deflect","Poisoned Stab"],"picked":"Deadly Poison","floor":21},{"not_picked":["Deadly Poison","Sucker Punch"],"picked":"Malaise","floor":22},{"not_picked":["Underhanded Strike","Adrenaline"],"picked":"Slice","floor":23},{"not_picked":["Poisoned Stab+1","Outmaneuver"],"picked":"Deadly Poison","floor":25},{"not_picked":["Night Terror","Bullet Time"],"picked":"Die Die Die+1","floor":33},{"not_picked":["Quick Slash+1","Eviscerate+1"],"picked":"Skewer+1","floor":35},{"not_picked":["Underhanded Strike+1","Deflect"],"picked":"Slice+1","floor":36},{"not_picked":["Poisoned Stab+1","Escape Plan+1"],"picked":"Infinite Blades+1","floor":37},{"not_picked":["Poisoned Stab+1","Dagger Throw+1"],"picked":"Infinite Blades+1","floor":39},{"not_picked":["PiercingWail","Backflip","Prepared"],"picked":"SKIP","floor":41},{"not_picked":["Leg Sweep","Outmaneuver+1"],"picked":"Envenom","floor":45},{"not_picked":["Blade Dance","Well Laid Plans"],"picked":"Infinite Blades+1","floor":46},{"not_picked":["Poisoned Stab+1","Prepared+1"],"picked":"Backstab+1","floor":48}],"player_experience":2209,"potions_floor_usage":[16,23,45],"damage_taken":[{"damage":0,"enemies":"Jaw Worm","floor":1,"turns":6},{"damage":1,"enemies":"Cultist","floor":2,"turns":4},{"damage":7,"enemies":"Small Slimes","floor":3,"turns":3},{"damage":2,"enemies":"2 Fungi Beasts","floor":6,"turns":3},{"damage":0,"enemies":"Looter","floor":11,"turns":2},{"damage":0,"enemies":"Large Slime","floor":13,"turns":4},{"damage":0,"enemies":"Lots of Slimes","floor":14,"turns":1},{"damage":3,"enemies":"Hexaghost","floor":16,"turns":9},{"damage":6,"enemies":"Chosen","floor":18,"turns":3},{"damage":10,"enemies":"Shell Parasite","floor":21,"turns":4},{"damage":24,"enemies":"Centurion and Healer","floor":22,"turns":4},{"damage":8,"enemies":"Book of Stabbing","floor":23,"turns":7},{"damage":11,"enemies":"Snake Plant","floor":25,"turns":4},{"damage":33,"enemies":"Automaton","floor":33,"turns":7},{"damage":20,"enemies":"3 Darklings","floor":35,"turns":4},{"damage":0,"enemies":"3 Shapes","floor":36,"turns":5},{"damage":68,"enemies":"Transient","floor":37,"turns":5},{"damage":19,"enemies":"Spire Growth","floor":39,"turns":4},{"damage":26,"enemies":"Sphere and 2 Shapes","floor":41,"turns":7},{"damage":14,"enemies":"Transient","floor":45,"turns":5},{"damage":13,"enemies":"Maw","floor":46,"turns":6},{"damage":0,"enemies":"4 Shapes","floor":48,"turns":3},{"damage":62,"enemies":"Awakened One","floor":50,"turns":4}],"relics_obtained":[{"floor":9,"key":"Ninja Scroll"},{"floor":10,"key":"Ornamental Fan"},{"floor":23,"key":"Boot"},{"floor":26,"key":"Molten Egg 2"},{"floor":43,"key":"Anchor"}],"event_choices":[{"event_name":"Liars Game","player_choice":"agreed","floor":4,"damage_taken":0},{"event_name":"World of Goop","player_choice":"Gather Gold","floor":5,"damage_taken":0},{"event_name":"The Lab","player_choice":"Got Potions","floor":8,"damage_taken":0},{"event_name":"The Cleric","player_choice":"Card Removal","floor":12,"damage_taken":0},{"event_name":"Beggar","player_choice":"Gave Gold","floor":19,"damage_taken":0},{"event_name":"The Library","player_choice":"Read","floor":20,"damage_taken":0},{"event_name":"Addict","player_choice":"Obtained Relic","floor":27,"damage_taken":0},{"event_name":"Ghosts","player_choice":"Ignored","floor":29,"damage_taken":0},{"event_name":"Masked Bandits","player_choice":"Paid Bandits 48 gold","floor":31,"damage_taken":0},{"event_name":"Winding Halls","player_choice":"Writhe","floor":47,"damage_taken":0}],"boss_relics":[{"not_picked":["Velvet Choker","Astrolabe"],"picked":"Sozu"},{"not_picked":["Eternal Feather","Runic Dome"],"picked":"Lizard Tail"}],"items_purged_floors":[],"potions_floor_spawned":[6,14,21,25,33,37,41,45],"seed_played":"98381190713530306","killed_by":"Awakened One","ascension_level":0,"potions_obtained":[{"floor":6,"key":"Regen Potion"},{"floor":8,"key":"GhostInAJar"},{"floor":8,"key":"Block Potion"}],"is_trial":false}