{"gold_per_floor":[118,6,26,26,26,26,76,109,109,135,154,173,173,188,188,188],"floor_reached":16,"playtime":489,"items_purged":["Strike_B"],"score":270,"play_id":"d739c13a-64eb-4030-a114-2123e4d793cb","local_time":"20190405182129","is_ascension_mode":true,"campfire_choices":[{"data":"Capacitor","floor":6.0,"key":"SMITH"},{"data":"Static Discharge","floor":13,"key":"SMITH"},{"data":"Chill","floor":15,"key":"SMITH"}],"neow_cost":"NONE","seed_source_timestamp":25067407157706,"circlet_count":0,"master_deck":["AscendersBane","Strike_B","Strike_B","Strike_B","Defend_B","Defend_B","Defend_B","Defend_B","Zap+1","Dualcast","Capacitor+1","Chill+1","Conserve Battery","Static Discharge+1","Conserve Battery+1","Tempest+1","Steam+1","Reboot+1"],"special_seed":0,"relics":["Cracked Core","NeowsBlessing","Matryoshka","Pocketwatch","Toxic Egg 2","Ancient Tea Set"],"potions_floor_usage":[10,14,16],"damage_taken":[{"damage":0.0,"enemies":"2 Louse","floor":1.0,"turns":1.0},{"damage":0.0,"enemies":"Jaw Worm","floor":3.0,"turns":1.0},{"damage":0,"enemies":"Gremlin Nob","floor":8,"turns":1},{"damage":20,"enemies":"Lagavulin","floor":10,"turns":7},{"damage":7,"enemies":"Small Slimes","floor":11,"turns":4},{"damage":0,"enemies":"Red Slaver","floor":12,"turns":5},{"damage":0,"enemies":"Gremlin Gang","floor":14,"turns":7},{"damage":33,"enemies":"Slime Boss","floor":16,"turns":7}],"seed_played":"-6949958558384464665","potions_obtained":[{"floor":1.0,"key":"Poison Potion"},{"floor":10,"key":"SteroidPotion"},{"floor":12,"key":"EssenceOfSteel"}],"is_trial":false,"path_per_floor":["M","$","M","?","T","R","?","E","T","E","M","M","R","M","R","B"],"character_chosen":"DEFECT","items_purchased":["Chill"],"campfire_rested":0,"item_purchase_floors":[2],"current_hp_per_floor":[64,64,64,64,64,64,57,57,57,37,30,30,30,30,30,0],"gold":188,"neow_bonus":"THREE_ENEMY_KILL","is_prod":false,"is_daily":false,"chose_seed":false,"campfire_upgraded":3,"win_rate":0,"timestamp":1554481289,"path_taken":["M","$","M","?","?","R","?","E","T","E","?","M","R","?","R","BOSS"],"build_version":"2019-04-04","purchased_purges":1,"victory":false,"max_hp_per_floor":[71,71,71,71,71,71,71,71,71,71,71,71,71,71,71,71],"card_choices":[{"not_picked":["Turbo","Fusion"],"picked":"Capacitor","floor":1.0},{"not_picked":["Force Field","Go for the Eyes"],"picked":"Conserve Battery","floor":3.0},{"not_picked":["Reinforced Body","Rebound"],"picked":"Static Discharge","floor":8},{"not_picked":["Leap+1","Static Discharge"],"picked":"Conserve Battery+1","floor":10},{"not_picked":["Hologram+1","Conserve Battery+1"],"picked":"Tempest+1","floor":11},{"not_picked":["Leap+1","Ball Lightning"],"picked":"Steam+1","floor":12},{"not_picked":["Redo+1","Hologram+1"],"picked":"Reboot+1","floor":14}],"player_experience":1070879,"relics_obtained":[{"floor":5.0,"key":"Matryoshka"},{"floor":8,"key":"Pocketwatch"},{"floor":9,"key":"Toxic Egg 2"},{"floor":10,"key":"Ancient Tea Set"}],"event_choices":[{"damage_healed":0.0,"max_hp_gain":0.0,"max_hp_loss":0.0,"gold_gain":0.0,"event_name":"Living Wall","player_choice":"Grow","floor":4.0,"gold_loss":0.0,"damage_taken":0.0,"cards_upgraded":["Zap"]},{"damage_healed":0,"gold_gain":50,"player_choice":"Touch","damage_taken":7,"max_hp_gain":0,"max_hp_loss":0,"event_name":"FaceTrader","floor":7,"gold_loss":0}],"is_beta":true,"boss_relics":[],"items_purged_floors":[2],"is_endless":false,"potions_floor_spawned":[1,10,12],"killed_by":"Slime Boss","ascension_level":20}