{"gold_per_floor":[112,6,18,93,146,174,174,192,218,247,247],"floor_reached":11,"playtime":169,"items_purged":[],"score":212,"play_id":"918db572-5305-4910-bd77-7d6d044cc862","local_time":"20190403230540","is_ascension_mode":true,"campfire_choices":[{"data":"Doom and Gloom","floor":7,"key":"SMITH"}],"neow_cost":"NONE","seed_source_timestamp":33327644157514,"circlet_count":0,"master_deck":["AscendersBane","Strike_B","Strike_B","Strike_B","Strike_B","Defend_B","Defend_B","Defend_B","Defend_B","Zap","Dualcast","Doom and Gloom+1","Capacitor","Cold Snap","Gash","Rebound","Leap","Rainbow"],"relics":["Cracked Core","NeowsBlessing","Smiling Mask","Art of War"],"potions_floor_usage":[],"damage_taken":[{"damage":0,"enemies":"Small Slimes","floor":1,"turns":1},{"damage":0,"enemies":"Jaw Worm","floor":3,"turns":1},{"damage":0,"enemies":"Gremlin Nob","floor":6,"turns":1},{"damage":0,"enemies":"Cultist","floor":8,"turns":3},{"damage":28,"enemies":"Lagavulin","floor":10,"turns":8},{"damage":0,"enemies":"Red Slaver","floor":11,"turns":1}],"seed_played":"-7557858660542899423","potions_obtained":[{"floor":8,"key":"AttackPotion"},{"floor":10,"key":"Swift Potion"}],"is_trial":false,"path_per_floor":["M","$","M","?","?","E","R","M","T","E","M"],"character_chosen":"DEFECT","items_purchased":["Capacitor","Cold Snap"],"campfire_rested":0,"item_purchase_floors":[2,2],"current_hp_per_floor":[64,64,64,53,53,53,53,53,53,25,25],"gold":247,"neow_bonus":"THREE_ENEMY_KILL","is_prod":false,"is_daily":false,"chose_seed":false,"campfire_upgraded":1,"win_rate":0,"timestamp":1554325540,"path_taken":["M","$","M","?","?","E","R","M","T","E","M"],"build_version":"2019-03-15","purchased_purges":0,"victory":false,"max_hp_per_floor":[71,71,71,71,71,71,71,71,71,71,71],"card_choices":[{"not_picked":["Sweeping Beam","Reinforced Body"],"picked":"Doom and Gloom","floor":1},{"not_picked":["Barrage","Darkness"],"picked":"Gash","floor":3},{"not_picked":["Skim","Barrage"],"picked":"Rebound","floor":6},{"not_picked":["Static Discharge","Lockon"],"picked":"Leap","floor":8},{"not_picked":["Leap","Sunder"],"picked":"Rainbow","floor":10}],"player_experience":1058674,"relics_obtained":[{"floor":6,"key":"Smiling Mask"},{"floor":10,"key":"Art of War"}],"event_choices":[{"damage_healed":0,"gold_gain":75,"player_choice":"Gather Gold","damage_taken":11,"max_hp_gain":0,"max_hp_loss":0,"event_name":"World of Goop","floor":4,"gold_loss":0},{"damage_healed":0,"gold_gain":53,"player_choice":"Gained Gold","damage_taken":0,"max_hp_gain":0,"max_hp_loss":0,"event_name":"Golden Wing","floor":5,"gold_loss":0}],"is_beta":true,"boss_relics":[],"items_purged_floors":[],"is_endless":false,"potions_floor_spawned":[8,10],"killed_by":"Red Slaver","ascension_level":20}