{"gold_per_floor":[119,119,136,61,76,76,110,131,131,145,178,178,189,224,224,224],"floor_reached":16,"playtime":419,"items_purged":["Regret"],"score":240,"play_id":"6682824a-cd10-432a-9c4f-a75fb34459be","local_time":"20190404210452","is_ascension_mode":true,"campfire_choices":[{"data":"Electrodynamics","floor":6.0,"key":"SMITH"},{"data":"Genetic Algorithm","floor":12,"key":"SMITH"},{"data":"Self Repair","floor":15,"key":"SMITH"}],"neow_cost":"NONE","seed_source_timestamp":25345795697932,"circlet_count":0,"master_deck":["AscendersBane","Strike_B","Strike_B","Strike_B","Strike_B","Defend_B","Defend_B","Defend_B","Defend_B","Zap","Dualcast","Cold Snap","Electrodynamics+1","Cold Snap","BootSequence","Genetic Algorithm+1","Electrodynamics","Conserve Battery","Self Repair+1"],"special_seed":0,"relics":["Cracked Core","PreservedInsect","Darkstone Periapt","Nunchaku","Odd Mushroom","Unceasing Top","Happy Flower"],"potions_floor_usage":[11,16],"damage_taken":[{"damage":0.0,"enemies":"Small Slimes","floor":1.0,"turns":2.0},{"damage":1.0,"enemies":"2 Louse","floor":3.0,"turns":2.0},{"damage":2.0,"enemies":"Jaw Worm","floor":5.0,"turns":3.0},{"damage":21.0,"enemies":"Lagavulin","floor":7.0,"turns":4.0},{"damage":0.0,"enemies":"The Mushroom Lair","floor":8.0,"turns":2.0},{"damage":0.0,"enemies":"Large Slime","floor":10.0,"turns":4.0},{"damage":9,"enemies":"Gremlin Nob","floor":11,"turns":3},{"damage":2,"enemies":"Lots of Slimes","floor":13,"turns":2},{"damage":9,"enemies":"Lagavulin","floor":14,"turns":5},{"damage":32,"enemies":"Hexaghost","floor":16,"turns":7}],"seed_played":"1355608217176789836","potions_obtained":[{"floor":1.0,"key":"Poison Potion"},{"floor":10.0,"key":"FearPotion"},{"floor":11,"key":"LiquidBronze"}],"is_trial":false,"path_per_floor":["M","?","M","$","M","R","E","?","T","M","E","R","M","E","R","B"],"character_chosen":"DEFECT","items_purchased":[],"campfire_rested":0,"item_purchase_floors":[],"current_hp_per_floor":[64,70,69,69,67,67,46,46,46,46,37,37,35,26,26,0],"gold":224,"neow_bonus":"RANDOM_COMMON_RELIC","is_prod":false,"is_daily":false,"chose_seed":false,"campfire_upgraded":3,"win_rate":0,"timestamp":1554404692,"path_taken":["M","?","M","$","M","R","E","?","T","?","E","R","M","E","R","BOSS"],"build_version":"2019-03-15","purchased_purges":1,"victory":false,"max_hp_per_floor":[71,77,77,77,77,77,77,77,77,77,77,77,77,77,77,77],"card_choices":[{"not_picked":["Redo","Coolheaded"],"picked":"Cold Snap","floor":1.0},{"not_picked":["Streamline","Compile Driver"],"picked":"Electrodynamics","floor":3.0},{"not_picked":["Steam Power","Gash"],"picked":"Cold Snap","floor":5.0},{"not_picked":["Blizzard","Barrage"],"picked":"BootSequence","floor":7.0},{"not_picked":["Darkness","Chill"],"picked":"Genetic Algorithm","floor":8.0},{"not_picked":["Beam Cell","Sweeping Beam","Blizzard"],"picked":"SKIP","floor":10.0},{"not_picked":["Gash","Genetic Algorithm"],"picked":"Electrodynamics","floor":11},{"not_picked":["Beam Cell","Sweeping Beam"],"picked":"Conserve Battery","floor":13},{"not_picked":["Auto Shields","Streamline"],"picked":"Self Repair","floor":14}],"player_experience":1063735,"relics_obtained":[{"floor":7.0,"key":"Nunchaku"},{"floor":8.0,"key":"Odd Mushroom"},{"floor":11,"key":"Unceasing Top"},{"floor":14,"key":"Happy Flower"}],"event_choices":[{"damage_healed":0.0,"max_hp_gain":0.0,"max_hp_loss":0.0,"gold_gain":0.0,"event_name":"Big Fish","player_choice":"Box","floor":2.0,"gold_loss":0.0,"damage_taken":0.0,"relics_obtained":["Darkstone Periapt"],"cards_obtained":["Regret"]},{"damage_healed":0.0,"max_hp_gain":0.0,"max_hp_loss":0.0,"gold_gain":0.0,"event_name":"Mushrooms","player_choice":"Fought Mushrooms","floor":8.0,"gold_loss":0.0,"damage_taken":0.0}],"is_beta":true,"boss_relics":[],"items_purged_floors":[4],"is_endless":false,"potions_floor_spawned":[1,10,11],"killed_by":"Hexaghost","ascension_level":20}