{"path_per_floor":["M","?","M","?","M","R","M","T","T","R","?","M","M","M","R","B",null,"M","?","M","$","?"],"character_chosen":"IRONCLAD","items_purchased":["Metallicize","Body Slam","Blood Vial","Meat on the Bone"],"gold_per_floor":[116,86,98,98,114,114,128,428,428,428,428,444,458,468,468,568,568,584,499,515,17,17],"floor_reached":23,"campfire_rested":0,"playtime":1264,"current_hp_per_floor":[77,77,68,68,72,72,78,78,78,78,71,77,76,77,77,55,80,49,49,42,42,42],"items_purged":[],"gold":17,"score":183,"play_id":"2f6bcfe7-c171-4dc7-9016-1a24cf623506","local_time":"20180311191143","is_prod":false,"is_daily":false,"is_ascension_mode":false,"campfire_upgraded":3,"timestamp":1520791903,"path_taken":["M","?","M","?","M","R","?","?","T","R","?","M","M","M","R","BOSS","M","?","M","$","?","E"],"build_version":"2018-03-09","purchased_purges":0,"victory":false,"master_deck":["Strike_R","Strike_R","Strike_R","Strike_R","Strike_R","Defend_R+1","Defend_R+1","Defend_R+1","Defend_R+1","Bash","Cleave","Clothesline","Wild Strike","Flame Barrier","Shrug It Off","Reaper","Pommel Strike","Impervious","Iron Wave","Headbutt+1","Metallicize","Body Slam"],"max_hp_per_floor":[80,80,80,80,80,80,80,80,80,80,80,80,80,80,80,80,80,80,80,80,80,80],"relics":["Burning Blood","Old Coin","Charon\u0027s Ashes","Orichalcum","Black Star","Juzu Bracelet","Blood Vial","Meat on the Bone"],"card_choices":[{"not_picked":["Hemokinesis","Combust"],"picked":"Cleave"},{"not_picked":["Clash","Carnage"],"picked":"Clothesline"},{"not_picked":["Ghostly Armor","Clothesline"],"picked":"Wild Strike"},{"not_picked":["Inflame","Warcry"],"picked":"Flame Barrier"},{"not_picked":["Wild Strike","Evolve"],"picked":"Shrug It Off"},{"not_picked":["Rupture","Thunderclap"],"picked":"Reaper"},{"not_picked":["Warcry","Flex"],"picked":"Pommel Strike"},{"not_picked":["Brutality","Reaper"],"picked":"Impervious"},{"not_picked":["Inflame","Battle Trance"],"picked":"Iron Wave"},{"not_picked":["Ghostly Armor","Twin Strike"],"picked":"Headbutt"}],"player_experience":60450,"potions_floor_usage":[16,16,16,23],"damage_taken":[{"damage":9,"enemies":"Small Slimes","floor":1,"turns":5},{"damage":15,"enemies":"Cultist","floor":3,"turns":4},{"damage":2,"enemies":"Jaw Worm","floor":5,"turns":5},{"damage":0,"enemies":"2 Fungi Beasts","floor":7,"turns":3},{"damage":0,"enemies":"Blue Slaver","floor":12,"turns":4},{"damage":7,"enemies":"Lots of Slimes","floor":13,"turns":2},{"damage":5,"enemies":"Exordium Wildlife","floor":14,"turns":5},{"damage":32,"enemies":"Slime Boss","floor":16,"turns":15},{"damage":44,"enemies":"3 Byrds","floor":18,"turns":8},{"damage":13,"enemies":"Shell Parasite","floor":20,"turns":10},{"damage":48,"enemies":"Gremlin Leader","floor":23,"turns":5}],"event_choices":[{"event_name":"The Woman in Blue","player_choice":"Bought 2 Potions","floor":2,"damage_taken":0},{"event_name":"The Cleric","player_choice":"Leave","floor":4,"damage_taken":0},{"event_name":"Scrap Ooze","player_choice":"success","floor":11,"damage_taken":7},{"event_name":"Addict","player_choice":"Obtained Relic","floor":19,"damage_taken":0},{"event_name":"Drug Dealer","player_choice":"Ignored","floor":22,"damage_taken":0}],"boss_relics":[{"not_picked":["Eternal Feather","Orrery"],"picked":"Black Star"}],"potions_floor_spawned":[1,3,5,18],"seed_played":"-769786004916722451","killed_by":"Gremlin Leader","ascension_level":0,"is_trial":false}