{"gold_per_floor":[110,185,150,150,150,150,166,166,191,191,33,61,73,106,106,180,180,192,292,292,304,229,260,260,286,286,286,316,326,342,360,360,432,432,445,463,508,527,527,553,553,586,641,20,39,39,39,57,57,57,57],"floor_reached":52,"playtime":2904,"items_purged":["Regret"],"score":1927,"play_id":"d47ddf2d-91aa-4e11-8c31-542c8cf3e21c","local_time":"20190409190054","is_ascension_mode":true,"campfire_choices":[{"data":"Glacier","floor":6.0,"key":"SMITH"},{"data":"Defend_B","floor":8.0,"key":"SMITH"},{"data":"Defend_B","floor":10.0,"key":"SMITH"},{"data":"Fission","floor":15.0,"key":"SMITH"},{"floor":24.0,"key":"REST"},{"floor":27.0,"key":"REST"},{"floor":32.0,"key":"REST"},{"floor":41.0,"key":"REST"},{"floor":46.0,"key":"REST"},{"floor":49.0,"key":"REST"}],"neow_cost":"NONE","seed_source_timestamp":7922516499724,"circlet_count":0,"master_deck":["AscendersBane","Strike_B+1","Strike_B+1","Strike_B+1","Defend_B+1","Defend_B+1","Defend_B+1","Defend_B+1","Zap+1","Dualcast","Glacier+1","Streamline+1","Capacitor","Fission+1","Rip and Tear+1","Coolheaded","Echo Form","Gash+1","Hologram+1","Beam Cell+1","Go for the Eyes+1","Ball Lightning+1","Skim","All For One+1","Gash+1","Scrape+1","Blizzard+1","Leap+1","Cold Snap+1"],"special_seed":0,"relics":["Cracked Core","NeowsBlessing","Molten Egg 2","Anchor","Pantograph","Dodecahedron","Nuclear Battery","Peace Pipe","Bottled Tornado","Sundial","Juzu Bracelet","Shuriken","The Courier","Sozu","Mango","Cables","Art of War","Bag of Marbles","Happy Flower","Bag of Preparation","Ice Cream"],"potions_floor_usage":[],"damage_taken":[{"damage":0.0,"enemies":"Small Slimes","floor":1.0,"turns":1.0},{"damage":0.0,"enemies":"2 Louse","floor":7.0,"turns":1.0},{"damage":0.0,"enemies":"3 Sentries","floor":12.0,"turns":1.0},{"damage":0.0,"enemies":"Jaw Worm","floor":13.0,"turns":3.0},{"damage":5.0,"enemies":"Lagavulin","floor":14.0,"turns":6.0},{"damage":18.0,"enemies":"The Guardian","floor":16.0,"turns":11.0},{"damage":31.0,"enemies":"Chosen","floor":18.0,"turns":6.0},{"damage":12.0,"enemies":"Colosseum Slavers","floor":19.0,"turns":4.0},{"damage":12.0,"enemies":"Colosseum Nobs","floor":19.0,"turns":5.0},{"damage":0.0,"enemies":"Spheric Guardian","floor":21.0,"turns":3.0},{"damage":1.0,"enemies":"Book of Stabbing","floor":23.0,"turns":4.0},{"damage":16.0,"enemies":"Slavers","floor":25.0,"turns":7.0},{"damage":9.0,"enemies":"Book of Stabbing","floor":28.0,"turns":5.0},{"damage":5.0,"enemies":"Cultist and Chosen","floor":29.0,"turns":4.0},{"damage":13.0,"enemies":"3 Cultists","floor":30.0,"turns":4.0},{"damage":3.0,"enemies":"Shelled Parasite and Fungi","floor":31.0,"turns":4.0},{"damage":4.0,"enemies":"Champ","floor":33.0,"turns":8.0},{"damage":13.0,"enemies":"3 Shapes","floor":35.0,"turns":4.0},{"damage":1.0,"enemies":"Orb Walker","floor":36.0,"turns":2.0},{"damage":20.0,"enemies":"2 Orb Walkers","floor":37.0,"turns":4.0},{"damage":17.0,"enemies":"Jaw Worm Horde","floor":38.0,"turns":4.0},{"damage":11.0,"enemies":"Nemesis","floor":40.0,"turns":5.0},{"damage":35.0,"enemies":"Reptomancer","floor":42.0,"turns":4.0},{"damage":0.0,"enemies":"Writhing Mass","floor":45.0,"turns":5.0},{"damage":1.0,"enemies":"Sphere and 2 Shapes","floor":48.0,"turns":4.0},{"damage":56,"enemies":"Time Eater","floor":50,"turns":13},{"damage":17,"enemies":"Donu and Deca","floor":51,"turns":9}],"seed_played":"-9205395947729650077","potions_obtained":[{"floor":1.0,"key":"Block Potion"},{"floor":12.0,"key":"Fire Potion"},{"floor":16.0,"key":"SkillPotion"},{"floor":18.0,"key":"Block Potion"},{"floor":19.0,"key":"AttackPotion"},{"floor":23.0,"key":"SkillPotion"},{"floor":29.0,"key":"SpeedPotion"},{"floor":30.0,"key":"Fire Potion"},{"floor":31.0,"key":"Energy Potion"}],"is_trial":false,"path_per_floor":["M","?","?","?","?","R","M","R","T","R","$","E","M","E","R","B",null,"M","?","?","M","?","E","R","E","T","R","E","M","M","M","R","B",null,"M","M","?","M","?","E","R","E","T","$","M","R","$","M","R","B","B",null],"character_chosen":"DEFECT","items_purchased":["Capacitor","Bag of Marbles","Happy Flower","Bag of Preparation","Ice Cream"],"campfire_rested":6,"item_purchase_floors":[11,44,44,44,44],"current_hp_per_floor":[64,53,70,70,70,70,70,70,70,70,70,70,70,65,65,53,67,36,12,12,12,12,11,32,16,16,37,28,23,10,7,28,49,66,53,52,46,29,29,18,43,8,8,8,8,33,33,32,57,26,34],"gold":57,"neow_bonus":"THREE_ENEMY_KILL","is_prod":false,"is_daily":false,"chose_seed":false,"campfire_upgraded":4,"win_rate":0,"timestamp":1554829254,"path_taken":["M","?","?","?","?","R","M","R","T","R","?","E","?","E","R","BOSS","M","?","?","?","?","E","R","E","T","R","E","M","M","M","R","BOSS","M","M","?","M","?","E","R","E","T","$","M","R","?","M","R","BOSS","BOSS"],"build_version":"2019-04-04","purchased_purges":1,"victory":true,"max_hp_per_floor":[71,71,71,71,71,71,71,71,71,71,71,71,71,71,71,71,71,71,71,71,71,71,71,71,71,71,71,71,71,71,71,71,71,71,71,71,85,85,85,85,85,85,85,85,85,85,85,85,85,85,85],"card_choices":[{"not_picked":["Tempest","Consume"],"picked":"Glacier","floor":1.0},{"not_picked":["Conserve Battery","Leap"],"picked":"Streamline+1","floor":7.0},{"not_picked":["Steam","Sweeping Beam+1"],"picked":"Fission","floor":12.0},{"not_picked":["Stack","Leap"],"picked":"Rip and Tear+1","floor":13.0},{"not_picked":["Stack","Sweeping Beam+1"],"picked":"Coolheaded","floor":14.0},{"not_picked":["Meteor Strike+1","Fission"],"picked":"Echo Form","floor":16.0},{"not_picked":["Reinforced Body","Rip and Tear+1"],"picked":"Barrage+1","floor":18.0},{"not_picked":["Turbo","Stack"],"picked":"Gash+1","floor":19.0},{"not_picked":["Stack","Streamline+1"],"picked":"Hologram+1","floor":21.0},{"not_picked":["Steam","Double Energy+1"],"picked":"Beam Cell+1","floor":23.0},{"not_picked":["Turbo+1","FTL+1"],"picked":"Go for the Eyes+1","floor":25.0},{"not_picked":["Stack","Reboot"],"picked":"Ball Lightning+1","floor":28.0},{"not_picked":["Beam Cell+1","Barrage+1","Auto Shields"],"picked":"SKIP","floor":29.0},{"not_picked":["Turbo+1","Static Discharge","Hologram"],"picked":"SKIP","floor":30.0},{"not_picked":["Turbo+1","Static Discharge","Hologram"],"picked":"SKIP","floor":30.0},{"not_picked":["Redo","Steam Power","Skim"],"picked":"SKIP","floor":31.0},{"not_picked":["Redo","Steam Power"],"picked":"Skim","floor":31.0},{"not_picked":["Buffer","Amplify"],"picked":"All For One+1","floor":33.0},{"not_picked":["Steam","Hologram","Ball Lightning+1"],"picked":"SKIP","floor":35.0},{"not_picked":["Conserve Battery","Static Discharge"],"picked":"Gash+1","floor":36.0},{"not_picked":["Leap","Double Energy+1"],"picked":"Scrape+1","floor":38.0},{"not_picked":["Ball Lightning+1","Coolheaded"],"picked":"Blizzard+1","floor":40.0},{"not_picked":["Storm","Aggregate+1"],"picked":"Leap+1","floor":42.0},{"not_picked":["Compile Driver+1","Barrage+1"],"picked":"Cold Snap+1","floor":45.0},{"not_picked":["Barrage+1","Leap","Beam Cell+1"],"picked":"SKIP","floor":48.0}],"player_experience":1092598,"relics_obtained":[{"floor":9.0,"key":"Anchor"},{"floor":12.0,"key":"Pantograph"},{"floor":14.0,"key":"Dodecahedron"},{"floor":19.0,"key":"Peace Pipe"},{"floor":19.0,"key":"Bottled Tornado"},{"floor":23.0,"key":"Sundial"},{"floor":25.0,"key":"Juzu Bracelet"},{"floor":26.0,"key":"Shuriken"},{"floor":28.0,"key":"The Courier"},{"floor":37.0,"key":"Mango"},{"floor":40.0,"key":"Cables"},{"floor":42.0,"key":"Art of War"}],"event_choices":[{"damage_healed":0.0,"max_hp_gain":0.0,"max_hp_loss":0.0,"gold_gain":75.0,"event_name":"World of Goop","player_choice":"Gather Gold","floor":2.0,"gold_loss":0.0,"damage_taken":11.0},{"damage_healed":17.0,"max_hp_gain":0.0,"max_hp_loss":0.0,"gold_gain":0.0,"event_name":"The Cleric","player_choice":"Healed","floor":3.0,"gold_loss":35.0,"damage_taken":0.0},{"damage_healed":0.0,"max_hp_gain":0.0,"max_hp_loss":0.0,"gold_gain":0.0,"event_name":"Living Wall","player_choice":"Grow","floor":4.0,"gold_loss":0.0,"damage_taken":0.0,"cards_upgraded":["Zap"]},{"damage_healed":0.0,"max_hp_gain":0.0,"max_hp_loss":0.0,"gold_gain":0.0,"event_name":"Big Fish","player_choice":"Box","floor":5.0,"gold_loss":0.0,"damage_taken":0.0,"relics_obtained":["Molten Egg 2"],"cards_obtained":["Regret"]},{"damage_healed":0.0,"max_hp_gain":0.0,"max_hp_loss":0.0,"gold_gain":0.0,"event_name":"Colosseum","player_choice":"Fight","floor":19.0,"gold_loss":0.0,"damage_taken":0.0},{"damage_healed":0.0,"max_hp_gain":0.0,"max_hp_loss":0.0,"gold_gain":0.0,"event_name":"Colosseum","player_choice":"Fought Nobs","floor":19.0,"gold_loss":0.0,"damage_taken":0.0},{"damage_healed":0.0,"max_hp_gain":0.0,"max_hp_loss":0.0,"gold_gain":0.0,"event_name":"Back to Basics","player_choice":"Simplicity","floor":20.0,"gold_loss":0.0,"damage_taken":0.0,"cards_upgraded":["Strike_B","Strike_B","Strike_B","Strike_B","Defend_B","Defend_B"]},{"cards_removed":["Strike_B"],"damage_healed":0.0,"max_hp_gain":0.0,"max_hp_loss":0.0,"gold_gain":0.0,"event_name":"Beggar","player_choice":"Gave Gold","floor":22.0,"gold_loss":75.0,"damage_taken":0.0},{"damage_healed":0.0,"max_hp_gain":0.0,"max_hp_loss":0.0,"gold_gain":0.0,"event_name":"Mysterious Sphere","player_choice":"Fight","floor":37.0,"gold_loss":0.0,"damage_taken":0.0},{"cards_removed":["Barrage"],"damage_healed":0.0,"max_hp_gain":0.0,"max_hp_loss":0.0,"gold_gain":0.0,"event_name":"Falling","player_choice":"Removed Attack","floor":39.0,"gold_loss":0.0,"damage_taken":0.0}],"is_beta":true,"boss_relics":[{"not_picked":["Orrery","Runic Dome"],"picked":"Nuclear Battery"},{"not_picked":["Tiny House","Pandora\u0027s Box"],"picked":"Sozu"}],"items_purged_floors":[11],"is_endless":false,"potions_floor_spawned":[1,12,13,16,18,19,23,29,30,31,36,40,42,48],"ascension_level":20}