{"gold_per_floor":[118,118,118,141,61,100,100,134,204,204,217,88,112,128,128,128],"floor_reached":16,"playtime":602,"items_purged":["Strike_B"],"score":270,"play_id":"07d57a9a-7168-4112-bf51-75749ca5c59c","local_time":"20190411211503","is_ascension_mode":true,"campfire_choices":[{"data":"Zap","floor":15.0,"key":"SMITH"}],"neow_cost":"NONE","seed_source_timestamp":23091559158456,"circlet_count":0,"master_deck":["AscendersBane","Strike_B","Strike_B","Defend_B","Defend_B","Defend_B","Defend_B","Zap+1","Dualcast","Hologram","Barrage","Capacitor","Conserve Battery","Genetic Algorithm+1","Steam+1","Gash","Skim+1","Fusion+1"],"special_seed":0,"relics":["Cracked Core","NeowsBlessing","Golden Idol","PreservedInsect","Toxic Egg 2","Orichalcum","Shuriken","Pantograph"],"potions_floor_usage":[16,16,16],"damage_taken":[{"damage":0.0,"enemies":"Jaw Worm","floor":1.0,"turns":1.0},{"damage":0.0,"enemies":"2 Louse","floor":4.0,"turns":1.0},{"damage":0.0,"enemies":"Gremlin Nob","floor":6.0,"turns":1.0},{"damage":18.0,"enemies":"Lagavulin","floor":8.0,"turns":7.0},{"damage":0.0,"enemies":"Cultist","floor":11.0,"turns":4.0},{"damage":9.0,"enemies":"Looter","floor":13.0,"turns":4.0},{"damage":5.0,"enemies":"Blue Slaver","floor":14.0,"turns":4.0},{"damage":57,"enemies":"Hexaghost","floor":16,"turns":10}],"seed_played":"-2103101879618393836","potions_obtained":[{"floor":4.0,"key":"EntropicBrew"},{"floor":11.0,"key":"Regen Potion"},{"floor":14.0,"key":"EntropicBrew"}],"is_trial":false,"path_per_floor":["M","?","?","M","$","E","?","E","T","T","M","$","M","M","R","B"],"character_chosen":"DEFECT","items_purchased":["Capacitor","Gash"],"campfire_rested":0,"item_purchase_floors":[5,12],"current_hp_per_floor":[64,64,64,64,64,64,46,28,28,28,28,28,19,14,14,0],"gold":128,"neow_bonus":"THREE_ENEMY_KILL","is_prod":false,"is_daily":false,"chose_seed":false,"campfire_upgraded":1,"win_rate":0,"timestamp":1555010103,"path_taken":["M","?","?","?","$","E","?","E","T","?","M","?","M","M","R","BOSS"],"build_version":"2019-04-04","purchased_purges":1,"victory":false,"max_hp_per_floor":[71,64,64,64,64,64,64,64,64,64,64,64,64,64,64,64],"card_choices":[{"not_picked":["Rebound","Turbo"],"picked":"Hologram","floor":1.0},{"not_picked":["Blizzard","Steam Power"],"picked":"Barrage","floor":4.0},{"not_picked":["Storm","Reprogram"],"picked":"Conserve Battery","floor":6.0},{"not_picked":["Sweeping Beam","Conserve Battery+1"],"picked":"Genetic Algorithm+1","floor":8.0},{"not_picked":["Hologram+1","Thunder Strike"],"picked":"Steam+1","floor":11.0},{"not_picked":["Go for the Eyes","Turbo+1"],"picked":"Skim+1","floor":13.0},{"not_picked":["Turbo+1","Beam Cell"],"picked":"Fusion+1","floor":14.0}],"player_experience":1107861,"relics_obtained":[{"floor":6.0,"key":"PreservedInsect"},{"floor":8.0,"key":"Orichalcum"},{"floor":9.0,"key":"Shuriken"},{"floor":10.0,"key":"Pantograph"}],"event_choices":[{"damage_healed":0.0,"max_hp_gain":0.0,"max_hp_loss":7.0,"gold_gain":0.0,"event_name":"Golden Idol","player_choice":"Lose Max HP","floor":2.0,"gold_loss":0.0,"damage_taken":0.0,"relics_obtained":["Golden Idol"]},{"cards_removed":["Strike_B"],"damage_healed":0.0,"max_hp_gain":0.0,"max_hp_loss":0.0,"gold_gain":0.0,"event_name":"Bonfire Elementals","player_choice":"Offered Basic","floor":3.0,"gold_loss":0.0,"damage_taken":0.0},{"damage_healed":0.0,"max_hp_gain":0.0,"max_hp_loss":0.0,"gold_gain":0.0,"event_name":"Scrap Ooze","player_choice":"Success","floor":7.0,"gold_loss":0.0,"damage_taken":18.0,"relics_obtained":["Toxic Egg 2"]}],"is_beta":true,"boss_relics":[],"items_purged_floors":[12],"is_endless":false,"potions_floor_spawned":[4,11,14],"killed_by":"Hexaghost","ascension_level":20}