{"gold_per_floor":[118,118,118,83,98,98,98,136,136,160,160,160],"floor_reached":12,"playtime":215,"items_purged":[],"score":202,"play_id":"1e9ff4da-19cd-49e3-9ec5-8f7dc387819a","local_time":"20190405000416","is_ascension_mode":true,"campfire_choices":[{"data":"Electrodynamics","floor":6.0,"key":"SMITH"}],"neow_cost":"CURSE","seed_source_timestamp":36300702056538,"circlet_count":0,"master_deck":["AscendersBane","Strike_B","Strike_B+1","Strike_B","Strike_B","Defend_B","Defend_B","Defend_B+1","Defend_B","Zap","Dualcast","Clumsy","Electrodynamics+1","Gash","Reinforced Body","Regret"],"special_seed":0,"relics":["Cracked Core","Golden Idol","Smiling Mask","Matryoshka","Mummified Hand"],"potions_floor_usage":[8],"damage_taken":[{"damage":9.0,"enemies":"Jaw Worm","floor":1.0,"turns":4.0},{"damage":0.0,"enemies":"Small Slimes","floor":5.0,"turns":2.0},{"damage":0,"enemies":"3 Sentries","floor":8,"turns":2},{"damage":0,"enemies":"2 Louse","floor":10,"turns":3},{"damage":45,"enemies":"Gremlin Nob","floor":12,"turns":3}],"seed_played":"-5472284356483927776","potions_obtained":[{"floor":5.0,"key":"Block Potion"}],"is_trial":false,"path_per_floor":["M","$","?","?","M","R","?","E","T","M","?","E"],"character_chosen":"DEFECT","items_purchased":[],"campfire_rested":0,"item_purchase_floors":[],"current_hp_per_floor":[55,55,55,64,64,64,45,45,45,45,45,0],"gold":160,"neow_bonus":"THREE_RARE_CARDS","is_prod":false,"is_daily":false,"chose_seed":false,"campfire_upgraded":1,"win_rate":0,"timestamp":1554415456,"path_taken":["M","$","?","?","M","R","?","E","T","M","?","E"],"build_version":"2019-03-15","purchased_purges":0,"victory":false,"max_hp_per_floor":[71,71,64,64,64,64,64,64,64,64,64,64],"card_choices":[{"not_picked":["Hyperbeam","Echo Form"],"picked":"Electrodynamics","floor":0.0},{"not_picked":["Steam Power","Reprogram"],"picked":"Gash","floor":1.0},{"not_picked":["Recycle","Beam Cell","Redo"],"picked":"SKIP","floor":5.0},{"not_picked":["Go for the Eyes","Beam Cell"],"picked":"Reinforced Body","floor":8},{"not_picked":["Stack","Barrage","Aggregate"],"picked":"SKIP","floor":10}],"player_experience":1065327,"relics_obtained":[{"floor":8,"key":"Smiling Mask"},{"floor":9,"key":"Matryoshka"}],"event_choices":[{"damage_healed":0.0,"max_hp_gain":0.0,"max_hp_loss":7.0,"gold_gain":0.0,"event_name":"Golden Idol","player_choice":"Lose Max HP","floor":3.0,"gold_loss":0.0,"damage_taken":0.0,"relics_obtained":["Golden Idol"]},{"damage_healed":16.0,"max_hp_gain":0.0,"max_hp_loss":0.0,"gold_gain":0.0,"event_name":"The Cleric","player_choice":"Healed","floor":4.0,"gold_loss":35.0,"damage_taken":0.0},{"damage_healed":0.0,"max_hp_gain":0.0,"max_hp_loss":0.0,"gold_gain":0.0,"event_name":"Shining Light","player_choice":"Entered Light","floor":7.0,"gold_loss":0.0,"damage_taken":19.0,"cards_upgraded":["Defend_B","Strike_B"]},{"damage_healed":0,"gold_gain":0,"player_choice":"Box","damage_taken":0,"relics_obtained":["Mummified Hand"],"max_hp_gain":0,"max_hp_loss":0,"event_name":"Big Fish","floor":11,"gold_loss":0,"cards_obtained":["Regret"]}],"is_beta":true,"boss_relics":[],"items_purged_floors":[],"is_endless":false,"potions_floor_spawned":[5],"killed_by":"Gremlin Nob","ascension_level":20}