{"gold_per_floor":[114,40,40,40,40,67,142,167,246,246,276,276,308,57,57,154,154,174,89,39,52,64,98,98,127,127,127,32,46,46,60,60,155,155,171,184,184,484,504,504,535,535,604,633,647,647,222,222,222,222],"floor_reached":50,"playtime":5646,"items_purged":["Strike_B","Defend_B"],"score":784,"play_id":"c668e36b-976b-4ddd-9852-bcd42cfb802a","local_time":"20190330121544","is_ascension_mode":true,"campfire_choices":[{"data":"Leap","floor":10.0,"key":"SMITH"},{"data":"Zap","floor":12.0,"key":"SMITH"},{"data":"Sunder","floor":15.0,"key":"SMITH"},{"data":"Genetic Algorithm","floor":24.0,"key":"SMITH"},{"data":"Biased Cognition","floor":27.0,"key":"SMITH"},{"data":"Panacea","floor":30.0,"key":"SMITH"},{"floor":32.0,"key":"RECALL"},{"data":"Buffer","floor":40.0,"key":"SMITH"},{"data":"Biased Cognition","floor":42.0,"key":"SMITH"},{"data":"Seek","floor":49,"key":"SMITH"}],"neow_cost":"NONE","seed_source_timestamp":0,"circlet_count":0,"master_deck":["Strike_B","Defend_B","Zap+1","Dualcast","Leap+1","Creative AI+1","Doom and Gloom","Electrodynamics","Genetic Algorithm+1","Coolheaded","Capacitor","Sunder+1","Ball Lightning","Biased Cognition+1","Chill+1","Barrage","Leap+1","Beam Cell","Loop","Panacea+1","Biased Cognition+1","Buffer+1","Rainbow+1","Hello World+1","Sweeping Beam+1","Stack+1","Leap+1","Seek+1"],"special_seed":0,"relics":["Cracked Core","NeowsBlessing","Matryoshka","Turnip","Ancient Tea Set","Pear","Bottled Lightning","Letter Opener","Nuclear Battery","DataDisk","PreservedInsect","Blue Candle","Meat on the Bone","FossilizedHelix","Astrolabe","Bottled Flame","Ginger","Darkstone Periapt","StoneCalendar","Membership Card","Frozen Egg 2"],"potions_floor_usage":[45,45,50,50,50],"damage_taken":[{"damage":0.0,"enemies":"Jaw Worm","floor":1.0,"turns":1.0},{"damage":0.0,"enemies":"3 Sentries","floor":6.0,"turns":1.0},{"damage":0.0,"enemies":"Gremlin Nob","floor":8.0,"turns":1.0},{"damage":8.0,"enemies":"3 Sentries","floor":11.0,"turns":6.0},{"damage":32.0,"enemies":"Gremlin Nob","floor":13.0,"turns":5.0},{"damage":24.0,"enemies":"Hexaghost","floor":16.0,"turns":9.0},{"damage":0.0,"enemies":"Chosen","floor":18.0,"turns":3.0},{"damage":1.0,"enemies":"3 Byrds","floor":21.0,"turns":3.0},{"damage":17.0,"enemies":"Centurion and Healer","floor":22.0,"turns":5.0},{"damage":2.0,"enemies":"Gremlin Leader","floor":23.0,"turns":5.0},{"damage":0.0,"enemies":"Book of Stabbing","floor":25.0,"turns":3.0},{"damage":19.0,"enemies":"Shelled Parasite and Fungi","floor":29.0,"turns":5.0},{"damage":3.0,"enemies":"Sentry and Sphere","floor":31.0,"turns":5.0},{"damage":9.0,"enemies":"Champ","floor":33.0,"turns":10.0},{"damage":1.0,"enemies":"Orb Walker","floor":35.0,"turns":5.0},{"damage":0.0,"enemies":"3 Darklings","floor":36.0,"turns":3.0},{"damage":0.0,"enemies":"Maw","floor":39.0,"turns":7.0},{"damage":0.0,"enemies":"Nemesis","floor":41.0,"turns":5.0},{"damage":1,"enemies":"Reptomancer","floor":44,"turns":5},{"damage":0,"enemies":"4 Shapes","floor":45,"turns":2},{"damage":95,"enemies":"Awakened One","floor":50,"turns":10}],"seed_played":"4006795406909033895","potions_obtained":[{"floor":6.0,"key":"EssenceOfSteel"},{"floor":18.0,"key":"Dexterity Potion"},{"floor":23.0,"key":"SneckoOil"},{"floor":25.0,"key":"Energy Potion"},{"floor":31.0,"key":"Energy Potion"},{"floor":36.0,"key":"FearPotion"},{"floor":41.0,"key":"AttackPotion"},{"floor":44,"key":"Swift Potion"}],"is_trial":false,"path_per_floor":["M","$","?","?","T","E","?","E","T","R","E","R","E","$","R","B",null,"M","?","?","M","M","E","R","E","T","R","$","M","R","M","R","B",null,"M","M","T","?","M","R","E","R","T","E","M","?","$","?","R","B"],"character_chosen":"DEFECT","items_purchased":["Creative AI","Capacitor","Sunder","Ball Lightning","Panacea","Membership Card","Frozen Egg 2","PowerPotion","Fire Potion"],"campfire_rested":0,"item_purchase_floors":[2,14,14,14,28,47,47,47,47],"current_hp_per_floor":[75,75,80,80,80,80,69,69,79,79,71,71,39,39,39,15,90,90,90,90,89,72,70,70,70,70,70,70,51,51,48,48,51,90,89,89,89,89,89,89,89,89,89,88,88,88,88,85,85,0],"gold":222,"neow_bonus":"THREE_ENEMY_KILL","is_prod":false,"is_daily":false,"chose_seed":false,"campfire_upgraded":9,"win_rate":0,"timestamp":1553966144,"path_taken":["M","$","?","?","?","E","?","E","T","R","E","R","E","$","R","BOSS","M","?","?","M","M","E","R","E","T","R","$","M","R","M","R","BOSS","M","M","?","?","?","R","E","R","T","E","M","?","$","?","R","BOSS"],"build_version":"2019-01-23","purchased_purges":2,"victory":false,"max_hp_per_floor":[75,75,80,80,80,80,80,80,90,90,90,90,90,90,90,90,90,90,90,90,90,90,90,90,90,90,90,90,90,90,90,90,90,90,90,90,90,90,90,90,90,90,90,90,90,90,90,85,85,85],"card_choices":[{"not_picked":["Barrage","Hologram"],"picked":"Leap","floor":1.0},{"not_picked":["Compile Driver","Redo"],"picked":"Doom and Gloom","floor":6.0},{"not_picked":["Turbo","Cold Snap"],"picked":"Electrodynamics","floor":8.0},{"not_picked":["Hologram","Thunder Strike"],"picked":"Genetic Algorithm","floor":11.0},{"not_picked":["Barrage","Auto Shields"],"picked":"Coolheaded","floor":13.0},{"not_picked":["Multi-Cast","All For One"],"picked":"Biased Cognition","floor":16.0},{"not_picked":["Ball Lightning","Barrage"],"picked":"Chill+1","floor":18.0},{"not_picked":["Cold Snap","Gash+1"],"picked":"Barrage","floor":21.0},{"not_picked":["Heatsinks","Cold Snap"],"picked":"Leap+1","floor":22.0},{"not_picked":["Steam","Redo"],"picked":"Beam Cell","floor":23.0},{"not_picked":["Streamline+1","Reinforced Body"],"picked":"Loop","floor":25.0},{"not_picked":["Ball Lightning","Hologram"],"picked":"Biased Cognition","floor":29.0},{"not_picked":["BootSequence","Redo","Beam Cell"],"picked":"SKIP","floor":31.0},{"not_picked":["All For One","Multi-Cast"],"picked":"Buffer","floor":33.0},{"not_picked":["Sweeping Beam+1","Barrage","Chill+1"],"picked":"SKIP","floor":35.0},{"not_picked":["FTL","Steam"],"picked":"Stack+1","floor":36.0},{"not_picked":["Undo+1","Force Field+1","Cold Snap+1"],"picked":"SKIP","floor":39.0},{"not_picked":["Compile Driver+1","Streamline+1","White Noise+1"],"picked":"SKIP","floor":41.0},{"not_picked":["Gash","Rebound+1"],"picked":"Leap+1","floor":44},{"not_picked":["Skim","Storm"],"picked":"Seek","floor":45}],"player_experience":183449,"relics_obtained":[{"floor":5.0,"key":"Matryoshka"},{"floor":6.0,"key":"Turnip"},{"floor":8.0,"key":"Ancient Tea Set"},{"floor":9.0,"key":"Pear"},{"floor":11.0,"key":"Bottled Lightning"},{"floor":13.0,"key":"Letter Opener"},{"floor":23.0,"key":"PreservedInsect"},{"floor":25.0,"key":"Blue Candle"},{"floor":26.0,"key":"Meat on the Bone"},{"floor":26.0,"key":"FossilizedHelix"},{"floor":37.0,"key":"Bottled Flame"},{"floor":41.0,"key":"Ginger"},{"floor":43,"key":"Darkstone Periapt"},{"floor":44,"key":"StoneCalendar"}],"event_choices":[{"damage_healed":0.0,"max_hp_gain":5.0,"max_hp_loss":0.0,"gold_gain":0.0,"event_name":"Big Fish","player_choice":"Donut","floor":3.0,"gold_loss":0.0,"damage_taken":0.0},{"damage_healed":0.0,"max_hp_gain":0.0,"max_hp_loss":0.0,"gold_gain":0.0,"event_name":"Living Wall","player_choice":"Grow","floor":4.0,"gold_loss":0.0,"damage_taken":0.0,"cards_upgraded":["Creative AI"]},{"damage_healed":0.0,"max_hp_gain":0.0,"max_hp_loss":0.0,"gold_gain":75.0,"event_name":"World of Goop","player_choice":"Gather Gold","floor":7.0,"gold_loss":0.0,"damage_taken":11.0},{"damage_healed":0.0,"max_hp_gain":0.0,"max_hp_loss":0.0,"gold_gain":0.0,"event_name":"Addict","player_choice":"Obtained Relic","floor":19.0,"gold_loss":85.0,"damage_taken":0.0,"relics_obtained":["DataDisk"]},{"damage_healed":0.0,"max_hp_gain":0.0,"max_hp_loss":0.0,"gold_gain":0.0,"event_name":"The Joust","player_choice":"Bet on Murderer","floor":20.0,"gold_loss":50.0,"damage_taken":0.0},{"damage_healed":0.0,"max_hp_gain":0.0,"max_hp_loss":0.0,"gold_gain":300.0,"event_name":"Wheel of Change","player_choice":"Gold","floor":38.0,"gold_loss":0.0,"damage_taken":0.0},{"cards_removed":["Defend_B"],"damage_healed":0,"gold_gain":0,"player_choice":"Removed Skill","damage_taken":0,"max_hp_gain":0,"max_hp_loss":0,"event_name":"Falling","floor":46,"gold_loss":0},{"damage_healed":0,"gold_gain":0,"player_choice":"Max HP","damage_taken":0,"max_hp_gain":0,"max_hp_loss":5,"event_name":"Winding Halls","floor":48,"gold_loss":0}],"is_beta":false,"boss_relics":[{"not_picked":["White Beast Statue","Pandora\u0027s Box"],"picked":"Nuclear Battery"},{"not_picked":["Calling Bell","Tiny House"],"picked":"Astrolabe"}],"items_purged_floors":[14,47],"is_endless":false,"potions_floor_spawned":[6,18,23,25,31,36,41,44],"killed_by":"Awakened One","ascension_level":3}