{"gold_per_floor":[119,38,48,13,30,30,65,65,89,89,114,114,132,195,195,291,291,307,307,340,340,350,350,370,381,404,414,414,414,414,434,434,531,531,545,767,767,784,804,804,178,194,218,79,79,89,108,121,121,121],"floor_reached":51,"playtime":8465,"items_purged":["Well Laid Plans"],"score":983,"play_id":"581ddf58-83b2-41d0-8e95-feedee51f983","local_time":"20190412103829","is_ascension_mode":true,"campfire_choices":[{"data":"Dash","floor":6.0,"key":"SMITH"},{"floor":8.0,"key":"REST"},{"data":"Deadly Poison","floor":12.0,"key":"SMITH"},{"data":"Neutralize","floor":15.0,"key":"SMITH"},{"floor":23.0,"key":"REST"},{"data":"Acrobatics","floor":29,"key":"SMITH"},{"floor":32,"key":"REST"},{"data":"Footwork","floor":40,"key":"SMITH"},{"floor":45,"key":"REST"},{"floor":49,"key":"REST"}],"neow_cost":"TEN_PERCENT_HP_LOSS","seed_source_timestamp":0,"circlet_count":0,"master_deck":["AscendersBane","Defend_G","Defend_G","Defend_G","Defend_G","Defend_G","Strike_G","Strike_G","Survivor","Neutralize+1","After Image","Deadly Poison+1","Dash+1","Tactician","Backflip","Tactician","Prepared","After Image","Blur","Acrobatics+1","Escape Plan","Adrenaline","All Out Attack","Prepared","Calculated Gamble","Burst","Impatience","Acrobatics","Footwork+1","Panache","Deep Breath","Adrenaline","Acrobatics"],"special_seed":0,"relics":["Ring of the Snake","Oddly Smooth Stone","PreservedInsect","Odd Mushroom","HoveringKite","Red Mask","Boot","Runic Pyramid","Paper Crane","Dream Catcher","Bag of Marbles"],"potions_floor_usage":[28,33,50,50],"damage_taken":[{"damage":0.0,"enemies":"Jaw Worm","floor":1.0,"turns":4.0},{"damage":5.0,"enemies":"Small Slimes","floor":3.0,"turns":4.0},{"damage":0.0,"enemies":"2 Louse","floor":5.0,"turns":4.0},{"damage":31.0,"enemies":"Gremlin Nob","floor":7.0,"turns":7.0},{"damage":0.0,"enemies":"The Mushroom Lair","floor":11.0,"turns":6.0},{"damage":0.0,"enemies":"2 Fungi Beasts","floor":13.0,"turns":4.0},{"damage":19.0,"enemies":"Slime Boss","floor":16.0,"turns":18.0},{"damage":0.0,"enemies":"Spheric Guardian","floor":18.0,"turns":11.0},{"damage":19.0,"enemies":"Masked Bandits","floor":20.0,"turns":9.0},{"damage":0.0,"enemies":"Shell Parasite","floor":22.0,"turns":11.0},{"damage":0.0,"enemies":"Snake Plant","floor":24.0,"turns":6.0},{"damage":5.0,"enemies":"Shelled Parasite and Fungi","floor":25.0,"turns":9.0},{"damage":1.0,"enemies":"Centurion and Healer","floor":27.0,"turns":9.0},{"damage":1,"enemies":"Colosseum Slavers","floor":28,"turns":3},{"damage":15,"enemies":"Snake Plant","floor":31,"turns":5},{"damage":33,"enemies":"Collector","floor":33,"turns":15},{"damage":0,"enemies":"3 Shapes","floor":35,"turns":10},{"damage":13,"enemies":"3 Darklings","floor":38,"turns":9},{"damage":0,"enemies":"Jaw Worm Horde","floor":39,"turns":8},{"damage":2,"enemies":"Transient","floor":42,"turns":5},{"damage":0,"enemies":"Sphere and 2 Shapes","floor":46,"turns":5},{"damage":8,"enemies":"Maw","floor":47,"turns":8},{"damage":14,"enemies":"3 Darklings","floor":48,"turns":5},{"damage":2,"enemies":"Donu and Deca","floor":50,"turns":13}],"seed_played":"-2338522245501642491","potions_obtained":[{"floor":1.0,"key":"SteroidPotion"},{"floor":3.0,"key":"AttackPotion"},{"floor":11.0,"key":"Explosive Potion"},{"floor":18.0,"key":"Poison Potion"},{"floor":20.0,"key":"Block Potion"},{"floor":24.0,"key":"SkillPotion"},{"floor":39,"key":"AttackPotion"},{"floor":42,"key":"FearPotion"}],"is_trial":false,"path_per_floor":["M","$","M","$","M","R","E","R","T","?","?","R","M","?","R","B",null,"M","?","?","?","M","R","M","M","T","M","?","R","?","M","R","B",null,"M","?","?","M","M","R","$","M","T","?","R","M","M","M","R","B",null],"character_chosen":"THE_SILENT","items_purchased":["Tactician","Well Laid Plans","Panache","Paper Crane","Deep Breath"],"campfire_rested":5,"item_purchase_floors":[2,4,41,41,41],"current_hp_per_floor":[63,63,58,58,58,58,27,45,45,45,45,45,45,45,45,26,54,54,43,24,24,24,44,44,39,39,38,37,37,37,22,42,9,53,53,53,53,40,40,40,40,38,38,38,58,58,50,36,56,54],"gold":121,"neow_bonus":"TRANSFORM_TWO_CARDS","is_prod":false,"is_daily":false,"chose_seed":false,"campfire_upgraded":5,"win_rate":0,"timestamp":1555058309,"path_taken":["M","$","M","$","M","R","E","R","T","?","?","R","M","?","R","BOSS","M","?","?","?","M","R","M","M","T","?","?","R","?","M","R","BOSS","M","?","?","M","?","R","$","M","T","?","R","?","M","?","R","BOSS"],"build_version":"2019-04-04","purchased_purges":1,"victory":true,"max_hp_per_floor":[63,63,63,63,63,63,63,63,63,63,63,63,63,63,63,63,63,63,68,68,68,68,68,68,68,68,68,68,68,68,68,68,68,68,68,68,68,68,68,68,68,68,68,68,68,68,68,68,68,68],"card_choices":[{"not_picked":["Dodge and Roll","Finisher"],"picked":"Dash","floor":1.0},{"not_picked":["Masterful Stab","Deadly Poison"],"picked":"Backflip","floor":3.0},{"not_picked":["Flying Knee","Sucker Punch","Cloak And Dagger"],"picked":"SKIP","floor":5.0},{"not_picked":["Underhanded Strike","Predator"],"picked":"Tactician","floor":7.0},{"not_picked":["Leg Sweep","Slice"],"picked":"Prepared","floor":11.0},{"not_picked":["Riddle With Holes","Finisher","Deflect"],"picked":"SKIP","floor":13.0},{"not_picked":["Unload","A Thousand Cuts"],"picked":"After Image","floor":16.0},{"not_picked":["Slice","Sucker Punch"],"picked":"Blur","floor":18.0},{"not_picked":["Skewer","Endless Agony"],"picked":"Escape Plan","floor":22.0},{"not_picked":["Dodge and Roll","Terror"],"picked":"Adrenaline","floor":24.0},{"not_picked":["Crippling Poison","Slice"],"picked":"All Out Attack","floor":25.0},{"not_picked":["Slice","Backflip"],"picked":"Prepared","floor":27.0},{"not_picked":["All Out Attack","Outmaneuver+1"],"picked":"Calculated Gamble","floor":31},{"not_picked":["Night Terror","Grand Finale"],"picked":"Burst","floor":33},{"not_picked":["Prepared","Riddle With Holes","Deadly Poison"],"picked":"SKIP","floor":35},{"not_picked":["Cloak And Dagger","Bane"],"picked":"Acrobatics","floor":38},{"not_picked":["Sucker Punch","Deadly Poison"],"picked":"Footwork","floor":39},{"not_picked":["Eviscerate","PiercingWail","Crippling Poison+1"],"picked":"SKIP","floor":42},{"not_picked":["Sucker Punch","Deflect+1"],"picked":"Adrenaline","floor":46},{"not_picked":["Dagger Throw","Blade Dance","Deadly Poison"],"picked":"SKIP","floor":47},{"not_picked":["Sucker Punch","All Out Attack"],"picked":"Acrobatics","floor":48}],"player_experience":427443,"relics_obtained":[{"floor":7.0,"key":"Oddly Smooth Stone"},{"floor":9.0,"key":"PreservedInsect"},{"floor":11.0,"key":"Odd Mushroom"},{"floor":20.0,"key":"Red Mask"},{"floor":26.0,"key":"Boot"},{"floor":43,"key":"Dream Catcher"}],"event_choices":[{"cards_removed":["Strike_G"],"damage_healed":0.0,"max_hp_gain":0.0,"max_hp_loss":0.0,"gold_gain":0.0,"event_name":"Living Wall","player_choice":"Forget","floor":10.0,"gold_loss":0.0,"damage_taken":0.0},{"damage_healed":0.0,"max_hp_gain":0.0,"max_hp_loss":0.0,"gold_gain":0.0,"event_name":"Mushrooms","player_choice":"Fought Mushrooms","floor":11.0,"gold_loss":0.0,"damage_taken":0.0},{"damage_healed":0.0,"max_hp_gain":0.0,"max_hp_loss":0.0,"gold_gain":63.0,"event_name":"Golden Wing","player_choice":"Gained Gold","floor":14.0,"gold_loss":0.0,"damage_taken":0.0},{"damage_healed":0.0,"max_hp_gain":5.0,"max_hp_loss":0.0,"gold_gain":0.0,"event_name":"Forgotten Altar","player_choice":"Shed Blood","floor":19.0,"gold_loss":0.0,"damage_taken":16.0},{"damage_healed":0.0,"max_hp_gain":0.0,"max_hp_loss":0.0,"gold_gain":0.0,"event_name":"Masked Bandits","player_choice":"Fought Bandits","floor":20.0,"gold_loss":0.0,"damage_taken":0.0},{"damage_healed":0.0,"max_hp_gain":0.0,"max_hp_loss":0.0,"gold_gain":0.0,"event_name":"The Library","player_choice":"Read","floor":21.0,"gold_loss":0.0,"damage_taken":0.0,"cards_obtained":["Acrobatics"]},{"damage_healed":0,"gold_gain":0,"player_choice":"Fight","damage_taken":0,"max_hp_gain":0,"max_hp_loss":0,"event_name":"Colosseum","floor":28,"gold_loss":0},{"damage_healed":0,"gold_gain":0,"player_choice":"Fled From Nobs","damage_taken":0,"max_hp_gain":0,"max_hp_loss":0,"event_name":"Colosseum","floor":28,"gold_loss":0},{"damage_healed":0,"gold_gain":0,"player_choice":"Ignored","damage_taken":0,"max_hp_gain":0,"max_hp_loss":0,"event_name":"Ghosts","floor":30,"gold_loss":0},{"damage_healed":0,"gold_gain":222,"player_choice":"Wore Mask","damage_taken":0,"max_hp_gain":0,"max_hp_loss":0,"event_name":"Tomb of Lord Red Mask","floor":36,"gold_loss":0},{"damage_healed":0,"gold_gain":0,"player_choice":"1 cards matched","damage_taken":0,"max_hp_gain":0,"max_hp_loss":0,"event_name":"Match and Keep!","floor":37,"gold_loss":0,"cards_obtained":["Impatience"]},{"damage_healed":0,"gold_gain":0,"player_choice":"Paid Gold","damage_taken":0,"relics_obtained":["Bag of Marbles"],"max_hp_gain":0,"max_hp_loss":0,"event_name":"WeMeetAgain","floor":44,"gold_loss":139}],"is_beta":true,"boss_relics":[{"not_picked":["Lizard Tail","Tiny House"],"picked":"HoveringKite"},{"not_picked":["Orrery","WristBlade"],"picked":"Runic Pyramid"}],"items_purged_floors":[41],"is_endless":false,"potions_floor_spawned":[1,3,11,18,20,24,28,39,42,46],"ascension_level":12}