{"path_per_floor":["M","M","?","M","T","$","E","R","T","E","M","M","R","M","R","B",null,"M"],"character_chosen":"IRONCLAD","items_purchased":["Armaments","Body Slam","Evolve"],"gold_per_floor":[109,124,124,145,145,12,50,50,50,84,100,119,119,133,133,254,254,274],"floor_reached":19,"campfire_rested":2,"playtime":1178,"current_hp_per_floor":[83,86,86,75,75,75,51,78,78,48,37,40,69,69,69,26,101,74],"items_purged":[],"gold":274,"score":313,"play_id":"ddea3f00-4605-4eba-b257-fd6dcfcbf1f1","local_time":"20180315113641","is_prod":false,"is_daily":false,"is_ascension_mode":true,"campfire_upgraded":1,"timestamp":1521110201,"path_taken":["M","M","?","M","?","?","E","R","T","E","M","?","R","M","R","BOSS","M","M"],"build_version":"2018-03-09","purchased_purges":0,"victory":false,"master_deck":["Strike_R","Strike_R","Strike_R","Strike_R+1","Strike_R+1","Defend_R","Defend_R","Defend_R","Defend_R","Bash","Parasite","Feed","Injury","Shrug It Off","Armaments+1","Body Slam","Evolve","Iron Wave","Wild Strike","Dropkick","Immolate","Doubt","Writhe","Normality","Iron Wave"],"max_hp_per_floor":[83,86,86,89,89,89,92,92,92,92,95,98,98,101,101,101,101,104],"relics":["Burning Blood","Golden Idol","Whetstone","Ancient Tea Set","Sundial","Matryoshka","Calling Bell","Self Forming Clay","Omamori","Pantograph"],"card_choices":[{"not_picked":["Dark Embrace","Barricade"],"picked":"Feed"},{"not_picked":["Carnage","Twin Strike"],"picked":"Shrug It Off"},{"not_picked":["Fiend Fire","Warcry"],"picked":"Iron Wave"},{"not_picked":["Pommel Strike","Sever Soul"],"picked":"Wild Strike"},{"not_picked":["Searing Blow","Burning Pact"],"picked":"Dropkick"},{"not_picked":["Offering","Demon Form"],"picked":"Immolate"},{"not_picked":["Headbutt","Clothesline"],"picked":"Iron Wave"}],"player_experience":134989,"potions_floor_usage":[10,11,16,16],"damage_taken":[{"damage":2,"enemies":"2 Louse","floor":1,"turns":3},{"damage":5,"enemies":"Small Slimes","floor":2,"turns":3},{"damage":20,"enemies":"Jaw Worm","floor":4,"turns":7},{"damage":33,"enemies":"3 Sentries","floor":7,"turns":12},{"damage":36,"enemies":"Gremlin Nob","floor":10,"turns":5},{"damage":20,"enemies":"Exordium Thugs","floor":11,"turns":5},{"damage":6,"enemies":"Exordium Wildlife","floor":12,"turns":3},{"damage":9,"enemies":"Blue Slaver","floor":14,"turns":5},{"damage":49,"enemies":"The Guardian","floor":16,"turns":15},{"damage":36,"enemies":"3 Byrds","floor":18,"turns":9},{"damage":80,"enemies":"Chosen","floor":19,"turns":8}],"event_choices":[{"event_name":"Golden Idol","player_choice":"Take Wound","floor":3,"damage_taken":0}],"boss_relics":[{"not_picked":["White Beast Statue","Pandora\u0027s Box"],"picked":"Calling Bell"}],"potions_floor_spawned":[1,10,12,14],"seed_played":"-8208967196624575585","killed_by":"Chosen","ascension_level":1,"is_trial":false}