{"gold_per_floor":[114,264,264,149,119,119,152,164,191,224,246,284,296,321,333,418,430,456,468,480],"floor_reached":20,"playtime":495,"items_purged":["Regret"],"score":430,"play_id":"f20cb75d-0e0d-4990-984a-fddb7a9183ef","local_time":"20190405115936","is_ascension_mode":true,"campfire_choices":[{"data":"Defragment","floor":6.0,"key":"SMITH"},{"data":"Consume","floor":15.0,"key":"SMITH"}],"neow_cost":"NONE","seed_source_timestamp":2030915740525,"circlet_count":0,"master_deck":["AscendersBane","Strike_B","Strike_B","Strike_B","Strike_B","Defend_B","Defend_B","Defend_B","Defend_B","Zap","Dualcast","Defragment+1","Doubt","Defragment+1","BootSequence","Consume+1","Auto Shields","Capacitor","Steam","Creative AI","White Noise"],"special_seed":0,"relics":["Cracked Core","NeowsBlessing","Gremlin Horn","Mummified Hand","Anchor","MawBank","Symbiotic Virus","Letter Opener","Sozu"],"potions_floor_usage":[20],"damage_taken":[{"damage":0.0,"enemies":"Small Slimes","floor":1.0,"turns":1.0},{"damage":0.0,"enemies":"Gremlin Nob","floor":7.0,"turns":1.0},{"damage":0.0,"enemies":"2 Louse","floor":8.0,"turns":1.0},{"damage":14.0,"enemies":"Lagavulin","floor":10.0,"turns":8.0},{"damage":0.0,"enemies":"Cultist","floor":11.0,"turns":3.0},{"damage":4.0,"enemies":"3 Sentries","floor":12.0,"turns":3.0},{"damage":8.0,"enemies":"Blue Slaver","floor":14.0,"turns":3.0},{"damage":32.0,"enemies":"The Guardian","floor":16.0,"turns":7.0},{"damage":27,"enemies":"Spheric Guardian","floor":18,"turns":5},{"damage":4,"enemies":"3 Byrds","floor":20,"turns":2}],"seed_played":"6140975645630413121","potions_obtained":[{"floor":5.0,"key":"SpeedPotion"},{"floor":5.0,"key":"PowerPotion"},{"floor":10.0,"key":"Fire Potion"},{"floor":12.0,"key":"SpeedPotion"},{"floor":16.0,"key":"GamblersBrew"}],"is_trial":false,"path_per_floor":["M","?","?","$","?","R","E","M","T","E","M","E","?","M","R","B",null,"M","?","M"],"character_chosen":"DEFECT","items_purchased":["Defragment"],"campfire_rested":0,"item_purchase_floors":[4],"current_hp_per_floor":[64,64,64,64,64,64,64,64,64,50,50,46,41,33,33,1,54,27,27,23],"gold":480,"neow_bonus":"THREE_ENEMY_KILL","is_prod":false,"is_daily":false,"chose_seed":false,"campfire_upgraded":2,"win_rate":0,"timestamp":1554458376,"path_taken":["M","?","?","$","?","R","E","M","T","E","?","E","?","M","R","BOSS","M","?","?"],"build_version":"2019-04-04","purchased_purges":1,"victory":false,"max_hp_per_floor":[71,71,71,71,71,71,71,71,71,71,71,71,71,71,71,71,71,71,71,71],"card_choices":[{"not_picked":["Gash","Self Repair"],"picked":"Defragment","floor":1.0},{"not_picked":["Skim","Sunder"],"picked":"BootSequence","floor":7.0},{"not_picked":["Stack","Reinforced Body"],"picked":"Consume","floor":8.0},{"not_picked":["Sweeping Beam","Tempest","Scrape"],"picked":"SKIP","floor":10.0},{"not_picked":["Blizzard","Skim"],"picked":"Auto Shields","floor":11.0},{"not_picked":["Hello World","Steam Power"],"picked":"Capacitor","floor":12.0},{"not_picked":["Redo","FTL"],"picked":"Steam","floor":14.0},{"not_picked":["Reboot","Multi-Cast"],"picked":"Creative AI","floor":16.0},{"not_picked":["Steam","Compile Driver"],"picked":"White Noise","floor":18}],"player_experience":1067173,"relics_obtained":[{"floor":7.0,"key":"Mummified Hand"},{"floor":9.0,"key":"Anchor"},{"floor":10.0,"key":"MawBank"},{"floor":12.0,"key":"Symbiotic Virus"}],"event_choices":[{"damage_healed":0.0,"max_hp_gain":0.0,"max_hp_loss":0.0,"gold_gain":150.0,"event_name":"Liars Game","player_choice":"AGREE","floor":2.0,"gold_loss":0.0,"damage_taken":0.0,"cards_obtained":["Doubt"]},{"damage_healed":0.0,"max_hp_gain":0.0,"max_hp_loss":0.0,"gold_gain":0.0,"event_name":"Big Fish","player_choice":"Box","floor":3.0,"gold_loss":0.0,"damage_taken":0.0,"relics_obtained":["Gremlin Horn"],"cards_obtained":["Regret"]},{"damage_healed":0.0,"max_hp_gain":0.0,"max_hp_loss":0.0,"gold_gain":0.0,"event_name":"The Woman in Blue","player_choice":"Bought 2 Potions","floor":5.0,"gold_loss":0.0,"damage_taken":0.0},{"damage_healed":0.0,"max_hp_gain":0.0,"max_hp_loss":0.0,"gold_gain":0.0,"event_name":"Scrap Ooze","player_choice":"Success","floor":13.0,"gold_loss":0.0,"damage_taken":5.0,"relics_obtained":["Letter Opener"]},{"damage_healed":0,"gold_gain":0,"player_choice":"Upgraded","damage_taken":0,"max_hp_gain":0,"max_hp_loss":0,"event_name":"Upgrade Shrine","floor":19,"gold_loss":0,"cards_upgraded":["Defragment"]}],"is_beta":true,"boss_relics":[{"not_picked":["Nuclear Battery","Ectoplasm"],"picked":"Sozu"}],"items_purged_floors":[4],"is_endless":false,"potions_floor_spawned":[10,12,16],"killed_by":"3 Byrds","ascension_level":20}