{"path_per_floor":["M","?","M","?","?","E","M","R","T","R","E","$","M","?","R","B",null,"M","M","?","?","$","R","$","R","T","R","E","$","M","M","R","B",null,"M","?","?","M","M","R","M","E","T","M","?","?","M","E","R"],"character_chosen":"THE_SILENT","items_purchased":["Dodge and Roll","Poisoned Stab+1","Paper Crane","Footwork"],"gold_per_floor":[112,112,129,129,129,172,195,195,195,195,226,77,98,98,98,218,218,238,262,262,262,21,21,21,21,47,47,83,13,36,60,60,188,188,202,202,302,325,344,344,357,396,396,396,396,729,744,778,778,778],"floor_reached":50,"campfire_rested":6,"playtime":2772,"item_purchase_floors":[],"current_hp_per_floor":[61,61,61,61,61,23,23,23,23,23,22,22,22,22,22,22,54,51,29,29,13,13,32,32,51,51,65,65,65,34,32,51,24,55,42,34,34,11,1,20,9,11,11,11,72,72,57,20,41,0],"items_purged":["Strike_G"],"gold":778,"score":864,"play_id":"88507c6c-d6fe-4a44-84be-3d4c186bbbd4","local_time":"20180613140258","is_prod":false,"is_daily":false,"chose_seed":false,"is_ascension_mode":true,"campfire_upgraded":3,"win_rate":0,"timestamp":1528891378,"campfire_choices":[{"data":"Malaise","floor":8.0,"key":"SMITH"},{"data":"Blur","floor":10.0,"key":"SMITH"},{"data":"Dodge and Roll","floor":15.0,"key":"SMITH"},{"floor":23.0,"key":"REST"},{"floor":25.0,"key":"REST"},{"floor":27.0,"key":"REST"},{"floor":32.0,"key":"REST"},{"floor":40.0,"key":"REST"},{"floor":49.0,"key":"REST"}],"path_taken":["M","?","M","?","?","E","?","R","T","R","E","?","M","?","R","BOSS","M","M","?","?","?","R","?","R","T","R","E","$","?","M","R","BOSS","M","?","?","?","M","R","M","E","T","M","?","?","M","E","R","BOSS"],"build_version":"2018-06-12","seed_source_timestamp":262627947458471,"purchased_purges":1,"victory":false,"master_deck":["Defend_G","Defend_G","Defend_G","Defend_G","Defend_G","Strike_G","Survivor","Neutralize","Backflip","Blur+1","Malaise+1","Slice+1","Doppelganger","Dodge and Roll+1","Poisoned Stab+1","Poisoned Stab+1","Burst","Dodge and Roll","Footwork","Slice+1","Adrenaline","All Out Attack+1","Madness","Madness","Dodge and Roll+1","Die Die Die+1","Doubt","Catalyst","Corpse Explosion+1"],"max_hp_per_floor":[70,70,70,65,65,65,65,65,65,65,65,65,65,65,65,65,65,65,65,65,65,65,65,65,65,65,65,65,65,65,65,65,65,65,65,65,65,65,65,65,65,72,72,72,72,72,72,72,72,72],"special_seed":0,"relics":["Molten Egg 2","Mummified Hand","Bronze Scales","Nloth\u0027s Gift","Enchiridion","Paper Crane","Snake Skull","Bird Faced Urn","Empty Cage","Strawberry","Du-Vu Doll","Happy Flower"],"card_choices":[{"not_picked":["Underhanded Strike","Acrobatics"],"picked":"Backflip","floor":1.0},{"not_picked":["Well Laid Plans","Dagger Spray"],"picked":"Blur","floor":3.0},{"not_picked":["Dodge and Roll","PiercingWail"],"picked":"Malaise","floor":6.0},{"not_picked":["Well Laid Plans","Deflect"],"picked":"Slice+1","floor":7.0},{"not_picked":["Night Terror","Acrobatics"],"picked":"Doppelganger","floor":11.0},{"not_picked":["Concentrate","Flying Knee+1"],"picked":"Poisoned Stab+1","floor":13.0},{"not_picked":["A Thousand Cuts","Doppelganger"],"picked":"Burst","floor":16.0},{"not_picked":["Masterful Stab+1","Cloak And Dagger","Prepared"],"picked":"SKIP","floor":18.0},{"not_picked":["Skewer+1","Backflip"],"picked":"Dodge and Roll","floor":19.0},{"not_picked":["Setup","Heel Hook+1","Grand Finale+1"],"picked":"SKIP","floor":28.0},{"not_picked":["Blade Dance","Backflip"],"picked":"Slice+1","floor":30.0},{"not_picked":["PiercingWail","Slice+1","Poisoned Stab+1"],"picked":"SKIP","floor":31.0},{"not_picked":["Wraith Form v2","Envenom"],"picked":"Adrenaline","floor":33.0},{"not_picked":["Dagger Spray+1","Masterful Stab+1"],"picked":"All Out Attack+1","floor":35.0},{"not_picked":["Flying Knee+1","Dagger Throw+1"],"picked":"Dodge and Roll+1","floor":38.0},{"not_picked":["Leg Sweep","Phantasmal Killer","Prepared"],"picked":"SKIP","floor":39.0},{"not_picked":["Underhanded Strike+1","All Out Attack+1","PiercingWail"],"picked":"SKIP","floor":41.0},{"not_picked":["Deflect","Unload+1"],"picked":"Die Die Die+1","floor":42.0},{"not_picked":["All Out Attack+1","Flying Knee+1"],"picked":"Catalyst","floor":47.0},{"not_picked":["Underhanded Strike+1","PiercingWail+1"],"picked":"Corpse Explosion+1","floor":48.0}],"player_experience":237152,"potions_floor_usage":[50],"damage_taken":[{"damage":2.0,"enemies":"2 Louse","floor":1.0,"turns":4.0},{"damage":0.0,"enemies":"Cultist","floor":3.0,"turns":4.0},{"damage":38.0,"enemies":"Lagavulin","floor":6.0,"turns":11.0},{"damage":0.0,"enemies":"Small Slimes","floor":7.0,"turns":6.0},{"damage":1.0,"enemies":"3 Sentries","floor":11.0,"turns":10.0},{"damage":0.0,"enemies":"Looter","floor":13.0,"turns":3.0},{"damage":0.0,"enemies":"Hexaghost","floor":16.0,"turns":10.0},{"damage":3.0,"enemies":"Shell Parasite","floor":18.0,"turns":6.0},{"damage":22.0,"enemies":"3 Byrds","floor":19.0,"turns":4.0},{"damage":0.0,"enemies":"Book of Stabbing","floor":28.0,"turns":7.0},{"damage":33.0,"enemies":"Cultist and Chosen","floor":30.0,"turns":11.0},{"damage":6.0,"enemies":"Centurion and Healer","floor":31.0,"turns":11.0},{"damage":31.0,"enemies":"Collector","floor":33.0,"turns":20.0},{"damage":17.0,"enemies":"3 Darklings","floor":35.0,"turns":7.0},{"damage":27.0,"enemies":"Flame Bruiser 1 Orb","floor":38.0,"turns":16.0},{"damage":14.0,"enemies":"Transient","floor":39.0,"turns":5.0},{"damage":15.0,"enemies":"Spire Growth","floor":41.0,"turns":8.0},{"damage":9.0,"enemies":"Giant Head","floor":42.0,"turns":17.0},{"damage":0.0,"enemies":"3 Darklings","floor":44.0,"turns":1.0},{"damage":17.0,"enemies":"Flame Bruiser 2 Orb","floor":47.0,"turns":8.0},{"damage":39.0,"enemies":"Nemesis","floor":48.0,"turns":9.0},{"damage":42,"enemies":"Donu and Deca","floor":50,"turns":3}],"relics_obtained":[{"floor":6.0,"key":"Molten Egg 2"},{"floor":9.0,"key":"Mummified Hand"},{"floor":11.0,"key":"Bronze Scales"},{"floor":21.0,"key":"Enchiridion"},{"floor":26.0,"key":"Snake Skull"},{"floor":28.0,"key":"Bird Faced Urn"},{"floor":42.0,"key":"Strawberry"},{"floor":43.0,"key":"Du-Vu Doll"},{"floor":48.0,"key":"Happy Flower"}],"event_choices":[{"event_name":"The Lab","player_choice":"Got Potions","floor":2.0,"damage_taken":0.0},{"event_name":"Golden Idol","player_choice":"Lose Max HP","floor":4.0,"damage_taken":0.0},{"event_name":"Living Wall","player_choice":"Forget","floor":5.0,"damage_taken":0.0},{"event_name":"Dead Adventurer","player_choice":"Searched \u00270\u0027 times","floor":14.0,"damage_taken":0.0},{"event_name":"N\u0027loth","player_choice":"Traded a Coffee Dripper","floor":20.0,"damage_taken":0.0},{"event_name":"Cursed Tome","player_choice":"Obtained Book","floor":21.0,"damage_taken":0.0},{"event_name":"Winding Halls","player_choice":"Embrace Madness","floor":36.0,"damage_taken":0.0},{"event_name":"Golden Shrine","player_choice":"Pray","floor":37.0,"damage_taken":0.0},{"event_name":"MindBloom","player_choice":"Heal","floor":45.0,"damage_taken":0.0},{"event_name":"The Moai Head","player_choice":"Gave Idol","floor":46.0,"damage_taken":0.0}],"boss_relics":[{"not_picked":["Philosopher\u0027s Stone","Snecko Eye","Calling Bell"]},{"not_picked":["Tiny House","Sozu"],"picked":"Empty Cage"}],"items_purged_floors":[],"potions_floor_spawned":[7,11,16,28,30,31,38,41,44,47],"seed_played":"6842365557096754433","killed_by":"Donu and Deca","ascension_level":7,"potions_obtained":[{"floor":2.0,"key":"EntropicBrew"},{"floor":2.0,"key":"Explosive Potion"},{"floor":2.0,"key":"SteroidPotion"},{"floor":7.0,"key":"EntropicBrew"},{"floor":11.0,"key":"Energy Potion"},{"floor":16.0,"key":"Block Potion"},{"floor":30.0,"key":"Ancient Potion"},{"floor":31.0,"key":"Energy Potion"},{"floor":38.0,"key":"SkillPotion"},{"floor":41.0,"key":"Block Potion"},{"floor":47.0,"key":"Fire Potion"}],"is_trial":false}