{"path_per_floor":["M","M","?","$","M","E","M","?","T","T","M","$","M","M","R","B",null,"M","M","M","?","?","E","$","R","T","$","E","M","M","M","R"],"character_chosen":"DEFECT","items_purchased":["Pantograph","Capacitor","Defragment"],"gold_per_floor":[119,134,134,59,79,105,122,122,122,148,163,163,175,195,195,293,293,303,316,332,332,332,358,57,57,57,17,50,70,88,98,98,98],"floor_reached":33,"campfire_rested":2,"playtime":2693,"item_purchase_floors":[24,24,27],"current_hp_per_floor":[75,74,74,74,70,60,60,60,60,60,58,58,52,52,52,40,75,69,66,48,48,48,23,23,45,45,45,38,33,23,19,56,0],"items_purged":["Regret"],"gold":98,"score":316,"play_id":"3c9fce96-4302-4920-8ef1-0d19d23d0668","local_time":"20180525122525","is_prod":false,"is_daily":false,"chose_seed":false,"is_ascension_mode":false,"campfire_upgraded":1,"win_rate":0,"timestamp":1527243925,"campfire_choices":[{"data":"Multi-Cast","floor":15.0,"key":"SMITH"},{"floor":25,"key":"REST"},{"floor":32,"key":"REST"}],"path_taken":["M","M","?","?","M","E","M","?","T","?","M","$","M","M","R","BOSS","M","M","?","?","?","E","$","R","T","$","E","M","M","M","R","BOSS"],"build_version":"2018-05-24","seed_source_timestamp":0,"purchased_purges":1,"victory":false,"master_deck":["Strike_B","Strike_B","Strike_B","Strike_B","Defend_B","Defend_B","Defend_B","Zap","Dualcast","Coolheaded","Cold Snap","Cold Snap","Multi-Cast+1","Steam","Redo","Reinforced Body","Cold Snap","Multi-Cast","Rebound","Chill","Hello World","Cold Snap","Capacitor","Decay","Defragment","Auto Shields","Barrage","Creative AI","Steam"],"max_hp_per_floor":[75,75,75,75,75,75,75,75,75,75,75,75,75,75,75,75,75,75,75,75,75,75,75,75,75,75,75,75,75,75,75,75,75],"relics":["Cracked Core","Meat on the Bone","Boot","Centennial Puzzle","Anchor","Cursed Key","Happy Flower","Pantograph","Oddly Smooth Stone","Regal Pillow"],"card_choices":[{"not_picked":["Sweeping Beam","Go for the Eyes"],"picked":"Coolheaded","floor":0.0},{"not_picked":["Go for the Eyes","Hologram"],"picked":"Cold Snap","floor":1.0},{"not_picked":["Go for the Eyes","Ball Lightning"],"picked":"Cold Snap","floor":2.0},{"not_picked":["Stack","Cold Snap"],"picked":"Multi-Cast","floor":5.0},{"not_picked":["Turbo","Genetic Algorithm"],"picked":"Steam","floor":6.0},{"not_picked":["Turbo","Hologram"],"picked":"Redo","floor":7.0},{"not_picked":["Barrage","FTL"],"picked":"Cold Snap","floor":11.0},{"not_picked":["Steam Power","Cold Snap","Gash"],"picked":"SKIP","floor":13.0},{"not_picked":["Beam Cell","Compile Driver","Turbo"],"picked":"SKIP","floor":14.0},{"not_picked":["Biased Cognition","Seek"],"picked":"Multi-Cast","floor":16.0},{"not_picked":["Ball Lightning","Redo"],"picked":"Rebound","floor":18},{"not_picked":["Seek","Rebound+1"],"picked":"Chill","floor":19},{"not_picked":["Redo","Barrage"],"picked":"Hello World","floor":20},{"not_picked":["Rebound","Streamline","Scrape"],"picked":"SKIP","floor":23},{"not_picked":["FTL","Lockon+1"],"picked":"Auto Shields","floor":28},{"not_picked":["Coolheaded+1","Skim"],"picked":"Barrage","floor":29},{"not_picked":["Sweeping Beam","Ball Lightning"],"picked":"Creative AI","floor":30},{"not_picked":["Genetic Algorithm","Cold Snap"],"picked":"Steam","floor":31}],"player_experience":16821,"potions_floor_usage":[19,28],"damage_taken":[{"damage":0.0,"enemies":"Cultist","floor":1.0,"turns":4.0},{"damage":1.0,"enemies":"Small Slimes","floor":2.0,"turns":3.0},{"damage":4.0,"enemies":"2 Louse","floor":5.0,"turns":3.0},{"damage":10.0,"enemies":"Lagavulin","floor":6.0,"turns":11.0},{"damage":0.0,"enemies":"Exordium Thugs","floor":7.0,"turns":5.0},{"damage":2.0,"enemies":"2 Fungi Beasts","floor":11.0,"turns":3.0},{"damage":6.0,"enemies":"Large Slime","floor":13.0,"turns":5.0},{"damage":0.0,"enemies":"Looter","floor":14.0,"turns":2.0},{"damage":24.0,"enemies":"Hexaghost","floor":16.0,"turns":11.0},{"damage":6,"enemies":"Chosen","floor":18,"turns":4},{"damage":3,"enemies":"2 Thieves","floor":19,"turns":4},{"damage":18,"enemies":"Snake Plant","floor":20,"turns":5},{"damage":37,"enemies":"Book of Stabbing","floor":23,"turns":9},{"damage":19,"enemies":"Slavers","floor":28,"turns":9},{"damage":17,"enemies":"Snecko","floor":29,"turns":6},{"damage":22,"enemies":"Slaver and Parasite","floor":30,"turns":7},{"damage":16,"enemies":"3 Cultists","floor":31,"turns":6},{"damage":93,"enemies":"Collector","floor":33,"turns":16}],"relics_obtained":[{"floor":6.0,"key":"Boot"},{"floor":9.0,"key":"Centennial Puzzle"},{"floor":10.0,"key":"Anchor"},{"floor":23,"key":"Happy Flower"},{"floor":26,"key":"Oddly Smooth Stone"},{"floor":28,"key":"Regal Pillow"}],"event_choices":[{"event_name":"Big Fish","player_choice":"Box","floor":3.0,"damage_taken":0.0},{"event_name":"Living Wall","player_choice":"Change","floor":8.0,"damage_taken":0.0},{"event_name":"Duplicator","player_choice":"One dupe","floor":21,"damage_taken":0},{"event_name":"Drug Dealer","player_choice":"Ignored","floor":22,"damage_taken":0}],"boss_relics":[{"not_picked":["Sozu","Astrolabe"],"picked":"Cursed Key"}],"items_purged_floors":[],"potions_floor_spawned":[2,6,7,13,18,19],"seed_played":"7054486901382962830","killed_by":"Collector","ascension_level":0,"potions_obtained":[{"floor":2.0,"key":"LiquidBronze"},{"floor":6.0,"key":"Fire Potion"},{"floor":7.0,"key":"Dexterity Potion"},{"floor":18,"key":"Fire Potion"},{"floor":19,"key":"Dexterity Potion"}],"is_trial":false}