{"gold_per_floor":[112,2,152,152,152,152,179,179,179,214,214,214,214],"floor_reached":13,"playtime":174,"items_purged":[],"score":274,"play_id":"fa278afd-aa82-4c0d-ab30-1bbd5a05bbe3","local_time":"20190402034411","is_ascension_mode":true,"campfire_choices":[{"data":"Melter","floor":6.0,"key":"SMITH"},{"data":"Gash","floor":8.0,"key":"SMITH"},{"data":"Gash","floor":12.0,"key":"SMITH"}],"neow_cost":"NONE","seed_source_timestamp":34511206585517,"circlet_count":0,"master_deck":["AscendersBane","Strike_B+1","Strike_B","Strike_B","Defend_B","Defend_B","Defend_B","Defend_B","Zap+1","Dualcast","Melter+1","Gash+1","Go for the Eyes","Go for the Eyes","Gash+1"],"special_seed":0,"relics":["Cracked Core","NeowsBlessing","Meat on the Bone","Singing Bowl","Dream Catcher"],"potions_floor_usage":[],"damage_taken":[{"damage":0.0,"enemies":"2 Louse","floor":1.0,"turns":1.0},{"damage":0.0,"enemies":"3 Sentries","floor":7.0,"turns":1.0},{"damage":0.0,"enemies":"Gremlin Nob","floor":10.0,"turns":1.0},{"damage":30,"enemies":"3 Sentries","floor":13,"turns":6}],"seed_played":"-4649260411713388779","potions_obtained":[],"is_trial":false,"path_per_floor":["M","$","?","?","?","R","E","R","T","E","?","R","E"],"character_chosen":"DEFECT","items_purchased":["Gash","Go for the Eyes"],"campfire_rested":0,"item_purchase_floors":[2,2],"current_hp_per_floor":[64,64,64,43,36,36,36,36,36,36,36,36,6],"gold":214,"neow_bonus":"THREE_ENEMY_KILL","is_prod":false,"is_daily":false,"chose_seed":false,"campfire_upgraded":3,"win_rate":0,"timestamp":1554169451,"path_taken":["M","$","?","?","?","R","E","R","T","E","?","R","E"],"build_version":"2019-03-15","purchased_purges":0,"victory":false,"max_hp_per_floor":[71,71,71,71,71,71,71,71,71,71,71,71,71],"card_choices":[{"not_picked":["Sweeping Beam","Hello World","Melter"],"picked":"SKIP","floor":1.0},{"not_picked":["Sweeping Beam","Hello World"],"picked":"Melter","floor":1.0},{"not_picked":["Compile Driver","Thunder Strike"],"picked":"Go for the Eyes","floor":7.0},{"not_picked":["Tempest","Conserve Battery"],"picked":"Gash","floor":10.0}],"player_experience":1052922,"relics_obtained":[{"floor":7.0,"key":"Meat on the Bone"},{"floor":9.0,"key":"Singing Bowl"},{"floor":10.0,"key":"Dream Catcher"}],"event_choices":[{"damage_healed":0.0,"max_hp_gain":0.0,"max_hp_loss":0.0,"gold_gain":150.0,"event_name":"Liars Game","player_choice":"AGREE","floor":3.0,"gold_loss":0.0,"damage_taken":0.0,"cards_obtained":["Doubt"]},{"damage_healed":0.0,"max_hp_gain":0.0,"max_hp_loss":0.0,"gold_gain":0.0,"event_name":"Shining Light","player_choice":"Entered Light","floor":4.0,"gold_loss":0.0,"damage_taken":21.0,"cards_upgraded":["Zap","Strike_B"]},{"cards_removed":["Doubt"],"damage_healed":0.0,"max_hp_gain":0.0,"max_hp_loss":0.0,"gold_gain":0.0,"event_name":"Golden Wing","player_choice":"Card Removal","floor":5.0,"gold_loss":0.0,"damage_taken":7.0},{"cards_removed":["Strike_B"],"damage_healed":0.0,"max_hp_gain":0.0,"max_hp_loss":0.0,"gold_gain":0.0,"event_name":"Purifier","player_choice":"Purged","floor":11.0,"gold_loss":0.0,"damage_taken":0.0}],"is_beta":true,"boss_relics":[],"items_purged_floors":[],"is_endless":false,"potions_floor_spawned":[],"killed_by":"3 Sentries","ascension_level":20}