{"gold_per_floor":[113,113,113,113,126,190,200,200,200,200,218,183,242,284,296,411,423,449,475,138,158,158,158,186,198,198,198,198,98,98,109,109,207,207,218,15,15,29,29,29,55,55,80,94,111,127,127,127,127,127],"floor_reached":50,"playtime":6789,"items_purged":["Regret","Strike_R","Defend_R"],"score":523,"play_id":"74e7bc64-70e4-4872-a6ee-56e29546470b","local_time":"20190318203550","is_ascension_mode":false,"campfire_choices":[{"data":"Anger","floor":10.0,"key":"SMITH"},{"data":"Flex","floor":15.0,"key":"SMITH"},{"data":"J.A.X.","floor":23.0,"key":"SMITH"},{"data":"True Grit","floor":27,"key":"SMITH"},{"data":"Headbutt","floor":30,"key":"SMITH"},{"data":"Anger","floor":32,"key":"SMITH"},{"data":"Spot Weakness","floor":40,"key":"SMITH"},{"data":"Iron Wave","floor":42,"key":"SMITH"},{"data":"Shrug It Off","floor":47,"key":"SMITH"},{"floor":49,"key":"REST"}],"neow_cost":"NONE","seed_source_timestamp":0,"circlet_count":0,"master_deck":["Strike_R","Strike_R","Strike_R","Defend_R","Defend_R","Defend_R","Bash","Warcry","Shockwave","Anger+1","Offering","Armaments","Flex+1","Reaper","Barricade+1","Headbutt+1","Rupture","True Grit+1","Spot Weakness+1","J.A.X.+1","Anger+1","Demon Form","Pommel Strike","Twin Strike","Iron Wave+1","Headbutt","Shrug It Off+1","Anger+1"],"special_seed":0,"relics":["Burning Blood","NeowsBlessing","Orichalcum","Bag of Marbles","Tiny Chest","Meat on the Bone","Boot","MawBank","Centennial Puzzle","Tiny House","Omamori","Self Forming Clay","Matryoshka","Lizard Tail","GremlinMask","Oddly Smooth Stone","Gremlin Horn","Regal Pillow","Juzu Bracelet","Ornamental Fan"],"potions_floor_usage":[31,33,33,35,45,46,50,50],"damage_taken":[{"damage":0.0,"enemies":"2 Louse","floor":1.0,"turns":1.0},{"damage":0.0,"enemies":"Jaw Worm","floor":5.0,"turns":1.0},{"damage":0.0,"enemies":"Gremlin Nob","floor":6.0,"turns":1.0},{"damage":3.0,"enemies":"Small Slimes","floor":7.0,"turns":3.0},{"damage":11.0,"enemies":"3 Louse","floor":11.0,"turns":3.0},{"damage":11.0,"enemies":"3 Sentries","floor":13.0,"turns":7.0},{"damage":16.0,"enemies":"3 Sentries","floor":14.0,"turns":7.0},{"damage":41.0,"enemies":"Slime Boss","floor":16.0,"turns":12.0},{"damage":30.0,"enemies":"Spheric Guardian","floor":18.0,"turns":4.0},{"damage":16.0,"enemies":"Chosen","floor":19.0,"turns":4.0},{"damage":8.0,"enemies":"3 Cultists","floor":21.0,"turns":4.0},{"damage":33.0,"enemies":"Gremlin Leader","floor":24.0,"turns":8.0},{"damage":32.0,"enemies":"Chosen and Byrds","floor":25.0,"turns":5.0},{"damage":15,"enemies":"Snake Plant","floor":31,"turns":6},{"damage":48,"enemies":"Automaton","floor":33,"turns":10},{"damage":36,"enemies":"3 Darklings","floor":35,"turns":6},{"damage":25,"enemies":"Orb Walker","floor":38,"turns":3},{"damage":65,"enemies":"Giant Head","floor":41,"turns":8},{"damage":45,"enemies":"4 Shapes","floor":44,"turns":4},{"damage":23,"enemies":"Transient","floor":45,"turns":5},{"damage":17,"enemies":"Jaw Worm Horde","floor":46,"turns":4},{"damage":85,"enemies":"Donu and Deca","floor":50,"turns":6}],"seed_played":"1203827985711545414","potions_obtained":[{"floor":1.0,"key":"Poison Potion"},{"floor":5.0,"key":"Poison Potion"},{"floor":6.0,"key":"Dexterity Potion"},{"floor":16.0,"key":"PowerPotion"},{"floor":19.0,"key":"Block Potion"},{"floor":24.0,"key":"Weak Potion"},{"floor":28,"key":"LiquidBronze"},{"floor":28,"key":"SpeedPotion"},{"floor":33,"key":"Regen Potion"},{"floor":44,"key":"Swift Potion"},{"floor":45,"key":"SteroidPotion"},{"floor":46,"key":"Fire Potion"}],"is_trial":false,"path_per_floor":["M","?","T","?","M","E","M","?","T","R","M","?","?","E","R","B",null,"M","M","$","M","?","R","E","M","T","R","?","$","R","M","R","B",null,"M","$","?","M","$","R","E","R","T","M","M","M","R","T","R","B"],"character_chosen":"IRONCLAD","items_purchased":["Rupture","Omamori","True Grit","LiquidBronze"],"campfire_rested":1,"item_purchase_floors":[20,20,20,36],"current_hp_per_floor":[80,73,73,73,79,80,80,47,47,47,54,74,69,59,59,48,85,61,51,51,75,75,75,63,53,53,53,53,53,53,55,55,57,85,64,64,64,57,57,57,60,60,60,49,44,45,45,45,85,0],"gold":127,"neow_bonus":"THREE_ENEMY_KILL","is_prod":false,"is_daily":false,"chose_seed":false,"campfire_upgraded":9,"win_rate":0.0,"timestamp":1552959350,"path_taken":["M","?","?","?","M","E","M","?","T","R","M","?","?","E","R","BOSS","M","M","$","M","?","R","E","M","T","R","?","$","R","M","R","BOSS","M","$","?","M","?","R","E","R","T","M","M","?","R","?","R","BOSS"],"build_version":"2019-01-23","purchased_purges":3,"victory":false,"max_hp_per_floor":[80,80,80,80,80,80,80,80,80,80,80,80,80,80,80,80,85,85,85,85,85,85,85,85,85,85,85,85,85,85,85,85,85,85,85,85,85,85,85,85,85,85,85,85,85,85,85,85,85,85],"card_choices":[{"not_picked":["Uppercut","Perfected Strike"],"picked":"Warcry","floor":1.0},{"not_picked":["Rampage","Warcry"],"picked":"Shockwave","floor":5.0},{"not_picked":["Rampage","Bloodletting"],"picked":"Anger","floor":6.0},{"not_picked":["Cleave","Clash"],"picked":"Offering","floor":7.0},{"not_picked":["Heavy Blade","Anger"],"picked":"Armaments","floor":11.0},{"not_picked":["Searing Blow","Clash"],"picked":"Flex","floor":13.0},{"not_picked":["Second Wind","Cleave"],"picked":"Reaper","floor":14.0},{"not_picked":["Fiend Fire","Juggernaut"],"picked":"Barricade","floor":16.0},{"not_picked":["Fire Breathing","Clothesline"],"picked":"Headbutt","floor":18.0},{"not_picked":["Headbutt","Sword Boomerang","Corruption+1"],"picked":"SKIP","floor":19.0},{"not_picked":["Sever Soul","Anger"],"picked":"Spot Weakness","floor":21.0},{"not_picked":["Carnage","Dual Wield","Rampage"],"picked":"SKIP","floor":24.0},{"not_picked":["Feel No Pain","Thunderclap","Entrench"],"picked":"SKIP","floor":25.0},{"not_picked":["Feel No Pain","Thunderclap","Entrench"],"picked":"SKIP","floor":25.0},{"not_picked":["Armaments+1","Cleave"],"picked":"Anger","floor":31},{"not_picked":["Barricade","Fiend Fire"],"picked":"Demon Form","floor":33},{"not_picked":["Shrug It Off","Warcry"],"picked":"Pommel Strike","floor":35},{"not_picked":["Thunderclap+1","Fire Breathing"],"picked":"Twin Strike","floor":38},{"not_picked":["Sever Soul+1","Searing Blow"],"picked":"Iron Wave","floor":41},{"not_picked":["Disarm","Clothesline"],"picked":"Headbutt","floor":44},{"not_picked":["Wild Strike+1","Carnage+1"],"picked":"Shrug It Off","floor":45},{"not_picked":["Clothesline","Heavy Blade"],"picked":"Anger+1","floor":46}],"player_experience":55677,"relics_obtained":[{"floor":3.0,"key":"Orichalcum"},{"floor":6.0,"key":"Tiny Chest"},{"floor":9.0,"key":"Boot"},{"floor":13.0,"key":"MawBank"},{"floor":14.0,"key":"Centennial Puzzle"},{"floor":24.0,"key":"Self Forming Clay"},{"floor":26,"key":"Matryoshka"},{"floor":41,"key":"Oddly Smooth Stone"},{"floor":43,"key":"Gremlin Horn"},{"floor":43,"key":"Regal Pillow"},{"floor":48,"key":"Juzu Bracelet"},{"floor":48,"key":"Ornamental Fan"}],"event_choices":[{"cards_removed":["Strike_R"],"damage_healed":0.0,"max_hp_gain":0.0,"max_hp_loss":0.0,"gold_gain":0.0,"event_name":"Golden Wing","player_choice":"Card Removal","floor":2.0,"gold_loss":0.0,"damage_taken":7.0},{"damage_healed":0.0,"max_hp_gain":0.0,"max_hp_loss":0.0,"gold_gain":0.0,"event_name":"Big Fish","player_choice":"Box","floor":4.0,"gold_loss":0.0,"damage_taken":0.0,"relics_obtained":["Bag of Marbles"],"cards_obtained":["Regret"]},{"damage_healed":0.0,"max_hp_gain":0.0,"max_hp_loss":0.0,"gold_gain":0.0,"event_name":"Scrap Ooze","player_choice":"Success","floor":8.0,"gold_loss":0.0,"damage_taken":33.0,"relics_obtained":["Meat on the Bone"]},{"damage_healed":20.0,"max_hp_gain":0.0,"max_hp_loss":0.0,"gold_gain":0.0,"event_name":"The Cleric","player_choice":"Healed","floor":12.0,"gold_loss":35.0,"damage_taken":0.0},{"damage_healed":0.0,"max_hp_gain":0.0,"max_hp_loss":0.0,"gold_gain":30.0,"event_name":"Dead Adventurer","player_choice":"Searched \u00273\u0027 times","floor":13.0,"gold_loss":0.0,"damage_taken":0.0},{"damage_healed":0.0,"max_hp_gain":0.0,"max_hp_loss":0.0,"gold_gain":0.0,"event_name":"Drug Dealer","player_choice":"Obtain J.A.X.","floor":22.0,"gold_loss":0.0,"damage_taken":0.0,"cards_obtained":["J.A.X."]},{"damage_healed":0,"gold_gain":0,"player_choice":"Got Potions","damage_taken":0,"max_hp_gain":0,"max_hp_loss":0,"event_name":"Lab","floor":28,"gold_loss":0},{"damage_healed":0,"gold_gain":0,"player_choice":"Trade","damage_taken":0,"relics_obtained":["GremlinMask"],"max_hp_gain":0,"max_hp_loss":0,"event_name":"FaceTrader","floor":37,"gold_loss":0}],"is_beta":false,"boss_relics":[{"not_picked":["Velvet Choker","Fusion Hammer"],"picked":"Tiny House"},{"not_picked":["Runic Dome","Snecko Eye"],"picked":"Lizard Tail"}],"items_purged_floors":[20,29,36],"is_endless":false,"potions_floor_spawned":[1,5,6,16,19,24,33,44,45,46],"killed_by":"Donu and Deca","ascension_level":0}