{"gold_per_floor":[114,39,39,94,94,127,277,277,277,303,313,313],"floor_reached":12,"playtime":180,"items_purged":["Strike_B"],"score":268,"play_id":"28757e75-2f23-4292-85b8-fb2a6e7bb069","local_time":"20190405000726","is_ascension_mode":true,"campfire_choices":[{"data":"FTL","floor":8,"key":"SMITH"}],"neow_cost":"NONE","seed_source_timestamp":36607781224683,"circlet_count":0,"master_deck":["AscendersBane","Strike_B","Strike_B","Defend_B","Defend_B","Defend_B","Defend_B","Zap+1","Dualcast","FTL+1","Auto Shields","Doubt","Conserve Battery","Coolheaded"],"relics":["Cracked Core","NeowsBlessing","Ancient Tea Set","Dream Catcher","Du-Vu Doll"],"potions_floor_usage":[12,12],"damage_taken":[{"damage":0,"enemies":"Jaw Worm","floor":1,"turns":1},{"damage":0,"enemies":"3 Sentries","floor":6,"turns":2},{"damage":0,"enemies":"Lagavulin","floor":10,"turns":1},{"damage":0,"enemies":"Small Slimes","floor":11,"turns":3},{"damage":48,"enemies":"Gremlin Nob","floor":12,"turns":5}],"seed_played":"-4029329924450196864","potions_obtained":[{"floor":10,"key":"Block Potion"},{"floor":11,"key":"FearPotion"}],"is_trial":false,"path_per_floor":["M","$","?","T","?","E","?","R","T","E","M","E"],"character_chosen":"DEFECT","items_purchased":[],"campfire_rested":0,"item_purchase_floors":[],"current_hp_per_floor":[64,64,64,64,57,57,57,57,57,57,57,9],"gold":313,"neow_bonus":"THREE_ENEMY_KILL","is_prod":false,"is_daily":false,"chose_seed":false,"campfire_upgraded":1,"win_rate":0,"timestamp":1554415646,"path_taken":["M","$","?","?","?","E","?","R","T","E","M","E"],"build_version":"2019-03-15","purchased_purges":1,"victory":false,"max_hp_per_floor":[71,71,71,71,71,71,71,71,71,71,71,71],"card_choices":[{"not_picked":["Barrage","Darkness"],"picked":"FTL","floor":1},{"not_picked":["Beam Cell","Melter"],"picked":"Auto Shields","floor":6},{"not_picked":["Darkness","Streamline"],"picked":"Conserve Battery","floor":10},{"not_picked":["Rebound","Reprogram"],"picked":"Coolheaded","floor":11}],"player_experience":1065542,"relics_obtained":[{"floor":4,"key":"Ancient Tea Set"},{"floor":6,"key":"Dream Catcher"},{"floor":10,"key":"Du-Vu Doll"}],"event_choices":[{"damage_healed":0,"gold_gain":0,"player_choice":"Grow","damage_taken":0,"max_hp_gain":0,"max_hp_loss":0,"event_name":"Living Wall","floor":3,"gold_loss":0,"cards_upgraded":["Zap"]},{"cards_removed":["Strike_B"],"damage_healed":0,"gold_gain":0,"player_choice":"Card Removal","damage_taken":7,"max_hp_gain":0,"max_hp_loss":0,"event_name":"Golden Wing","floor":5,"gold_loss":0},{"damage_healed":0,"gold_gain":150,"player_choice":"AGREE","damage_taken":0,"max_hp_gain":0,"max_hp_loss":0,"event_name":"Liars Game","floor":7,"gold_loss":0,"cards_obtained":["Doubt"]}],"is_beta":true,"boss_relics":[],"items_purged_floors":[2],"is_endless":false,"potions_floor_spawned":[10,11],"killed_by":"Gremlin Nob","ascension_level":20}