{"gold_per_floor":[109,109,40,57,57,57,68,68,117,117,144,161,176,251,251,356,356,372,372,155,166,11,11,24,24,104,132,152,152,152,164,164,267,267,282,282,282,282,296,296,325,325,395,415,429,444,28,44,44,44],"floor_reached":51,"playtime":2467,"items_purged":["Strike_B","Strike_B"],"score":779,"play_id":"535d482e-541f-4e1b-bac4-6de579c6036d","local_time":"20180710225529","is_ascension_mode":true,"campfire_choices":[{"data":"Zap","floor":6.0,"key":"SMITH"},{"data":"Dualcast","floor":10.0,"key":"SMITH"},{"data":"Defragment","floor":15.0,"key":"SMITH"},{"data":"Static Discharge","floor":29.0,"key":"SMITH"},{"floor":32.0,"key":"REST"},{"floor":40.0,"key":"REST"},{"floor":42.0,"key":"REST"},{"data":"Defragment","floor":49.0,"key":"SMITH"}],"neow_cost":"NONE","seed_source_timestamp":644798791445,"circlet_count":0,"master_deck":["Strike_B","Defend_B","Defend_B","Defend_B","Defend_B","Zap+1","Dualcast+1","Stack","Self Repair","Sweeping Beam","Leap","Defragment+1","Go for the Eyes","Self Repair","Reboot","Loop","Ball Lightning","Redo","Leap","Static Discharge+1","Skim","Necronomicurse","Force Field","Static Discharge+1","Storm+1","White Noise+1","FTL","Cold Snap+1","Madness","Madness","Injury","Defragment+1","Defragment+1","Consume","Redo+1"],"special_seed":0,"relics":["Cracked Core","Bag of Preparation","Pen Nib","Busted Crown","Darkstone Periapt","Necronomicon","Mercury Hourglass","Turnip","Orrery","Ornamental Fan","Bronze Scales","Bottled Lightning","DollysMirror"],"potions_floor_usage":[50],"damage_taken":[{"damage":3.0,"enemies":"Jaw Worm","floor":1.0,"turns":4.0},{"damage":2.0,"enemies":"Small Slimes","floor":4.0,"turns":4.0},{"damage":0.0,"enemies":"Cultist","floor":7.0,"turns":3.0},{"damage":8.0,"enemies":"3 Sentries","floor":11.0,"turns":7.0},{"damage":5.0,"enemies":"Blue Slaver","floor":12.0,"turns":3.0},{"damage":3.0,"enemies":"Red Slaver","floor":13.0,"turns":3.0},{"damage":49.0,"enemies":"Slime Boss","floor":16.0,"turns":14.0},{"damage":20.0,"enemies":"2 Thieves","floor":18.0,"turns":4.0},{"damage":3.0,"enemies":"Shell Parasite","floor":21.0,"turns":5.0},{"damage":1.0,"enemies":"Cultist and Chosen","floor":24.0,"turns":5.0},{"damage":21.0,"enemies":"Book of Stabbing","floor":27.0,"turns":5.0},{"damage":6.0,"enemies":"Snecko","floor":28.0,"turns":5.0},{"damage":20.0,"enemies":"Sentry and Sphere","floor":31.0,"turns":4.0},{"damage":42.0,"enemies":"Champ","floor":33.0,"turns":11.0},{"damage":9.0,"enemies":"3 Shapes","floor":35.0,"turns":4.0},{"damage":27.0,"enemies":"Orb Walker","floor":39.0,"turns":3.0},{"damage":66.0,"enemies":"Giant Head","floor":41.0,"turns":7.0},{"damage":0.0,"enemies":"Maw","floor":44.0,"turns":6.0},{"damage":21.0,"enemies":"3 Darklings","floor":45.0,"turns":3.0},{"damage":6.0,"enemies":"Sphere and 2 Shapes","floor":46.0,"turns":3.0},{"damage":0.0,"enemies":"4 Shapes","floor":48.0,"turns":2.0},{"damage":40,"enemies":"Donu and Deca","floor":50,"turns":6}],"seed_played":"3781921932365321709","potions_obtained":[{"floor":4.0,"key":"GamblersBrew"},{"floor":13.0,"key":"Swift Potion"},{"floor":18.0,"key":"Block Potion"},{"floor":27.0,"key":"FearPotion"},{"floor":31.0,"key":"Dexterity Potion"},{"floor":39.0,"key":"Ancient Potion"},{"floor":45.0,"key":"Weak Potion"}],"is_trial":false,"path_per_floor":["M","?","$","M","?","R","M","$","T","R","E","M","M","?","R","B",null,"M","T","$","M","$","?","M","?","T","E","M","R","?","M","R","B",null,"M","?","T","?","M","R","E","R","T","M","M","M","$","M","R","B"],"character_chosen":"DEFECT","items_purchased":["Self Repair","Loop","Ball Lightning","Redo","Static Discharge","Skim","Defragment","DollysMirror","Consume"],"campfire_rested":3,"item_purchase_floors":[3,20,20,20,22,22,47,47,47],"current_hp_per_floor":[72,77,77,80,80,80,80,80,80,80,79,80,77,66,66,31,80,74,74,74,80,80,80,80,70,70,63,64,64,64,51,76,48,86,84,73,73,79,59,86,34,61,61,75,68,76,76,83,83,57],"gold":44,"neow_bonus":"THREE_CARDS","is_prod":false,"is_daily":false,"chose_seed":false,"campfire_upgraded":5,"win_rate":0,"timestamp":1531234529,"path_taken":["M","?","$","M","?","R","M","$","T","R","E","?","M","?","R","BOSS","M","?","$","M","$","?","?","?","T","E","M","R","?","M","R","BOSS","M","?","?","?","M","R","E","R","T","M","M","M","$","?","R","BOSS"],"build_version":"2018-07-05","purchased_purges":2,"victory":true,"max_hp_per_floor":[75,80,80,80,80,80,80,80,80,80,80,80,80,80,80,80,80,80,80,80,80,80,80,80,86,86,86,86,86,86,86,86,86,86,86,86,86,92,92,92,92,92,92,92,92,92,92,92,92,92],"card_choices":[{"not_picked":["Compile Driver","Beam Cell"],"picked":"Stack","floor":0.0},{"not_picked":["Turbo","Hologram","Recycle"],"picked":"SKIP","floor":1.0},{"not_picked":["Self Repair","Chaos"],"picked":"Sweeping Beam","floor":4.0},{"not_picked":["Hologram","Doom and Gloom"],"picked":"Leap","floor":7.0},{"not_picked":["Hologram","Barrage"],"picked":"Defragment","floor":11.0},{"not_picked":["Darkness","Gash"],"picked":"Go for the Eyes","floor":12.0},{"not_picked":["Fusion","Force Field"],"picked":"Self Repair","floor":13.0},{"not_picked":["Amplify","Machine Learning"],"picked":"Reboot","floor":16.0},{"not_picked":["Hologram"],"picked":"SKIP","floor":18.0},{"not_picked":[],"picked":"Leap","floor":21.0},{"not_picked":["Steam"],"picked":"SKIP","floor":24.0},{"not_picked":[],"picked":"Force Field","floor":27.0},{"not_picked":["Streamline"],"picked":"SKIP","floor":28.0},{"not_picked":["Scrape"],"picked":"SKIP","floor":31.0},{"not_picked":[],"picked":"Storm+1","floor":34.0},{"not_picked":[],"picked":"White Noise+1","floor":34.0},{"not_picked":[],"picked":"FTL","floor":34.0},{"not_picked":[],"picked":"Cold Snap+1","floor":35.0},{"not_picked":["Turbo+1"],"picked":"SKIP","floor":39.0},{"not_picked":["Stack"],"picked":"SKIP","floor":41.0},{"not_picked":["Skim"],"picked":"SKIP","floor":44.0},{"not_picked":["Sunder+1"],"picked":"SKIP","floor":45.0},{"not_picked":["Leap+1"],"picked":"SKIP","floor":46.0},{"not_picked":[],"picked":"Redo+1","floor":48.0}],"player_experience":71710,"relics_obtained":[{"floor":9.0,"key":"Bag of Preparation"},{"floor":11.0,"key":"Pen Nib"},{"floor":19.0,"key":"Darkstone Periapt"},{"floor":25.0,"key":"Necronomicon"},{"floor":26.0,"key":"Mercury Hourglass"},{"floor":27.0,"key":"Turnip"},{"floor":37.0,"key":"Ornamental Fan"},{"floor":41.0,"key":"Bronze Scales"},{"floor":43.0,"key":"Bottled Lightning"}],"event_choices":[{"event_name":"Big Fish","player_choice":"Donut","floor":2.0,"damage_taken":0.0},{"event_name":"Bonfire Elementals","player_choice":"BASIC","floor":5.0,"damage_taken":0.0},{"event_name":"World of Goop","player_choice":"Gather Gold","floor":14.0,"damage_taken":0.0},{"event_name":"Ghosts","player_choice":"Ignored","floor":23.0,"damage_taken":0.0},{"event_name":"Cursed Tome","player_choice":"Obtained Book","floor":25.0,"damage_taken":0.0},{"event_name":"The Library","player_choice":"Read","floor":30.0,"damage_taken":0.0},{"event_name":"Winding Halls","player_choice":"Embrace Madness","floor":36.0,"damage_taken":0.0},{"event_name":"Accursed Blacksmith","player_choice":"Forge","floor":38.0,"damage_taken":0.0}],"boss_relics":[{"not_picked":["Black Star","Fusion Hammer"],"picked":"Busted Crown"},{"not_picked":["Calling Bell","Lizard Tail"],"picked":"Orrery"}],"items_purged_floors":[20,47],"is_endless":false,"potions_floor_spawned":[4,13,18,27,31,39,45,46],"ascension_level":1}