{"gold_per_floor":[110,110,34,34,34,34,34,47,98,98,126,141,141,167,167,264,264,278,295,310,321,336,336,354,372,421,77,89,100,100,111,111,206,206,223,223,223,80,91,91,21,21,21,41,41,41,41,58,58,58],"floor_reached":51,"playtime":2157,"items_purged":["Strike_B"],"score":659,"play_id":"5dfb4f9a-6e9f-4d06-8eb6-9adb1c3648b0","local_time":"20180705214331","is_ascension_mode":false,"campfire_choices":[{"data":"Self Repair","floor":6.0,"key":"SMITH"},{"data":"Coolheaded","floor":10.0,"key":"SMITH"},{"floor":13.0,"key":"REST"},{"floor":15.0,"key":"REST"},{"floor":23.0,"key":"REST"},{"floor":30.0,"key":"REST"},{"data":"Static Discharge","floor":32.0,"key":"SMITH"},{"data":"Storm","floor":40.0,"key":"SMITH"},{"data":"Biased Cognition","floor":42.0,"key":"SMITH"},{"data":"Defragment","floor":45.0,"key":"SMITH"},{"floor":49.0,"key":"REST"}],"neow_cost":"","seed_source_timestamp":0,"circlet_count":0,"master_deck":["Strike_B","Strike_B","Defend_B","Defend_B","Defend_B","Defend_B","Zap+1","Dualcast+1","Genetic Algorithm","Self Repair+1","Coolheaded+1","Chill","Ball Lightning","Biased Cognition+1","Hello World+1","Beam Cell","Storm+1","Loop","Amplify","Static Discharge+1","Skim+1","Creative AI","Loop+1","Biased Cognition","Core Surge","Redo+1","Defragment+1","Master of Strategy"],"special_seed":0,"relics":["Cracked Core","Ancient Tea Set","Mercury Hourglass","Kunai","Nuclear Battery","Happy Flower","Frozen Eye","Sozu","Unceasing Top"],"potions_floor_usage":[50,50,50],"damage_taken":[{"damage":0.0,"enemies":"2 Louse","floor":1.0,"turns":3.0},{"damage":0.0,"enemies":"Cultist","floor":8.0,"turns":3.0},{"damage":32.0,"enemies":"Lagavulin","floor":11.0,"turns":8.0},{"damage":0.0,"enemies":"Jaw Worm","floor":12.0,"turns":4.0},{"damage":53.0,"enemies":"Gremlin Nob","floor":14.0,"turns":5.0},{"damage":24.0,"enemies":"Slime Boss","floor":16.0,"turns":8.0},{"damage":0.0,"enemies":"Spheric Guardian","floor":18.0,"turns":3.0},{"damage":0.0,"enemies":"Shell Parasite","floor":19.0,"turns":6.0},{"damage":28.0,"enemies":"Centurion and Healer","floor":20.0,"turns":6.0},{"damage":27.0,"enemies":"Snake Plant","floor":21.0,"turns":3.0},{"damage":23.0,"enemies":"Chosen and Byrds","floor":22.0,"turns":5.0},{"damage":11.0,"enemies":"Cultist and Chosen","floor":24.0,"turns":6.0},{"damage":8.0,"enemies":"Snake Plant","floor":25.0,"turns":4.0},{"damage":15.0,"enemies":"Chosen and Byrds","floor":28.0,"turns":4.0},{"damage":5.0,"enemies":"Snecko","floor":29.0,"turns":4.0},{"damage":14.0,"enemies":"Snake Plant","floor":31.0,"turns":3.0},{"damage":31.0,"enemies":"Collector","floor":33.0,"turns":7.0},{"damage":0.0,"enemies":"3 Shapes","floor":35.0,"turns":5.0},{"damage":14.0,"enemies":"Orb Walker","floor":39.0,"turns":3.0},{"damage":22.0,"enemies":"Maw","floor":44.0,"turns":4.0},{"damage":10.0,"enemies":"Sphere and 2 Shapes","floor":48.0,"turns":3.0},{"damage":25,"enemies":"Donu and Deca","floor":50,"turns":4}],"seed_played":"-5346293004131848494","potions_obtained":[{"floor":1.0,"key":"GamblersBrew"},{"floor":12.0,"key":"Poison Potion"},{"floor":16.0,"key":"Explosive Potion"},{"floor":24.0,"key":"Weak Potion"},{"floor":28.0,"key":"Fruit Juice"},{"floor":31.0,"key":"Weak Potion"},{"floor":33.0,"key":"FocusPotion"}],"is_trial":false,"path_per_floor":["M","?","$","?","?","R","?","M","T","R","E","M","R","E","R","B",null,"M","M","M","M","M","R","M","M","T","$","M","M","R","M","R","B",null,"M","?","?","$","M","R","$","R","T","M","R","?","$","M","R","B"],"character_chosen":"DEFECT","items_purchased":["Self Repair","Static Discharge","Frozen Eye","Core Surge","Defragment"],"campfire_rested":5,"item_purchase_floors":[],"current_hp_per_floor":[75,75,75,75,68,68,68,75,75,75,53,63,75,32,54,40,75,75,75,57,40,27,49,48,50,50,50,35,45,69,65,65,44,80,80,80,80,80,76,76,76,76,76,64,64,64,64,54,78,63],"gold":58,"neow_bonus":"","is_prod":false,"is_daily":false,"chose_seed":false,"campfire_upgraded":6,"win_rate":0,"timestamp":1530798211,"path_taken":["M","?","$","?","?","R","?","M","T","R","E","M","R","E","R","BOSS","M","M","M","M","M","R","M","M","T","$","M","M","R","M","R","BOSS","M","?","?","$","M","R","$","R","T","M","R","?","?","M","R","BOSS"],"build_version":"2018-06-28","purchased_purges":1,"victory":true,"max_hp_per_floor":[75,75,75,75,75,75,75,75,75,75,75,75,75,75,75,75,75,75,75,75,75,75,75,75,75,75,75,75,80,80,80,80,80,80,80,80,80,80,80,80,80,80,80,80,80,80,80,80,80,80],"card_choices":[{"not_picked":["Steam","Glacier"],"picked":"Genetic Algorithm","floor":1.0},{"not_picked":["Gash","Turbo"],"picked":"Coolheaded","floor":8.0},{"not_picked":["Beam Cell","Compile Driver"],"picked":"Chill","floor":11.0},{"not_picked":["Streamline","Barrage","Turbo"],"picked":"SKIP","floor":12.0},{"not_picked":["Doom and Gloom","Leap"],"picked":"Ball Lightning","floor":14.0},{"not_picked":["Meteor Strike","Buffer"],"picked":"Biased Cognition","floor":16.0},{"not_picked":["Genetic Algorithm","Beam Cell"],"picked":"Hello World+1","floor":18.0},{"not_picked":["Conserve Battery","Rebound+1","Barrage"],"picked":"SKIP","floor":19.0},{"not_picked":["Hologram","Streamline"],"picked":"Beam Cell","floor":20.0},{"not_picked":["Cold Snap+1","Compile Driver"],"picked":"Storm","floor":21.0},{"not_picked":["Compile Driver","Gash"],"picked":"Loop","floor":22.0},{"not_picked":["Compile Driver","Conserve Battery+1","Steam"],"picked":"SKIP","floor":24.0},{"not_picked":["Chill","Gash"],"picked":"Amplify","floor":25.0},{"not_picked":["Go for the Eyes","Turbo","Streamline"],"picked":"SKIP","floor":28.0},{"not_picked":["Conserve Battery","Rebound","Hologram"],"picked":"SKIP","floor":29.0},{"not_picked":["Doom and Gloom","Steam"],"picked":"Skim+1","floor":31.0},{"not_picked":["Amplify","All For One"],"picked":"Creative AI","floor":33.0},{"not_picked":["Sunder+1","Conserve Battery"],"picked":"Loop+1","floor":35.0},{"not_picked":["Beam Cell+1","Turbo+1"],"picked":"Redo+1","floor":39.0},{"not_picked":["Beam Cell","Coolheaded","Compile Driver"],"picked":"SKIP","floor":44.0},{"not_picked":["Panacea","Good Instincts"],"picked":"Master of Strategy","floor":46.0},{"not_picked":["Scrape+1","Sunder+1","Cold Snap"],"picked":"SKIP","floor":48.0}],"player_experience":55864,"relics_obtained":[{"floor":9.0,"key":"Ancient Tea Set"},{"floor":11.0,"key":"Mercury Hourglass"},{"floor":14.0,"key":"Kunai"},{"floor":26.0,"key":"Happy Flower"},{"floor":43.0,"key":"Unceasing Top"}],"event_choices":[{"event_name":"Accursed Blacksmith","player_choice":"Forge","floor":2.0,"damage_taken":0.0},{"event_name":"Liars Game","player_choice":"disagreed","floor":4.0,"damage_taken":0.0},{"event_name":"Golden Wing","player_choice":"Card Removal","floor":5.0,"damage_taken":0.0},{"event_name":"Dead Adventurer","player_choice":"Searched \u00270\u0027 times","floor":7.0,"damage_taken":0.0},{"event_name":"Duplicator","player_choice":"One dupe","floor":36.0,"damage_taken":0.0},{"event_name":"The Woman in Blue","player_choice":"Bought 0 Potions","floor":37.0,"damage_taken":0.0},{"event_name":"SensoryStone","player_choice":"Memory 1","floor":46.0,"damage_taken":0.0}],"boss_relics":[{"not_picked":["Black Star","Calling Bell"],"picked":"Nuclear Battery"},{"not_picked":["Coffee Dripper","Fusion Hammer"],"picked":"Sozu"}],"items_purged_floors":[],"is_endless":false,"potions_floor_spawned":[1,12,16,19,24,28,31,33,44],"ascension_level":0}