{"gold_per_floor":[118,136,136,154,173,208,208,198,198,214,214,214,249,265,265,361,361,378,26,38,54,71,71,103,103,103,130,130,130,145,145,145,249,249,268,368,382,28,45,75,75,88,88,98,98,123,149,195,195,195],"floor_reached":50,"playtime":9161,"items_purged":["Clothesline"],"score":704,"play_id":"934a212a-7cc2-42de-a475-4df6e17021d3","local_time":"20190314050058","is_ascension_mode":false,"campfire_choices":[{"data":"Searing Blow","floor":7.0,"key":"SMITH"},{"data":"Searing Blow+1","floor":11.0,"key":"SMITH"},{"floor":15.0,"key":"REST"},{"floor":23.0,"key":"REST"},{"floor":28.0,"key":"REST"},{"data":"Searing Blow+2","floor":32.0,"key":"SMITH"},{"data":"Defend_R","floor":41,"key":"PURGE"},{"data":"Bash","floor":45,"key":"PURGE"},{"data":"Pommel Strike","floor":49,"key":"SMITH"}],"neow_cost":"","seed_source_timestamp":0,"circlet_count":0,"master_deck":["Defend_R","Defend_R","Defend_R","Shrug It Off","Searing Blow+3","Demon Form","Pommel Strike","Thunderclap","Armaments+1","Flex+1","Clash","Master of Strategy+1","Seeing Red+1","Pommel Strike+1","Anger+1","Sword Boomerang+1","Shrug It Off+1","Battle Trance+1","Barricade","Metallicize","Sword Boomerang+1","Anger+1","Ghostly+1","Ghostly+1","Ghostly+1","Ghostly+1","Ghostly+1","Seeing Red+1","Bite+1","Bite+1","Bite+1","Bite+1","Bite+1","Bludgeon+1","Uppercut+1","Flame Barrier+1","Rage+1","Pommel Strike+1","Backflip+1"],"special_seed":0,"relics":["Burning Blood","Toxic Egg 2","Boot","Dodecahedron","Meat on the Bone","Velvet Choker","Dream Catcher","Molten Egg 2","PreservedInsect","Lizard Tail","Unceasing Top","PrismaticShard","Peace Pipe","Anchor","Vajra","Potion Belt","Charon\u0027s Ashes"],"potions_floor_usage":[39,39,39,46,50],"damage_taken":[{"damage":1.0,"enemies":"Cultist","floor":1.0,"turns":4.0},{"damage":5.0,"enemies":"Small Slimes","floor":2.0,"turns":4.0},{"damage":6.0,"enemies":"2 Louse","floor":4.0,"turns":3.0},{"damage":13.0,"enemies":"Large Slime","floor":5.0,"turns":7.0},{"damage":43.0,"enemies":"Gremlin Nob","floor":6.0,"turns":6.0},{"damage":17.0,"enemies":"Exordium Thugs","floor":8.0,"turns":4.0},{"damage":11.0,"enemies":"Blue Slaver","floor":10.0,"turns":4.0},{"damage":28.0,"enemies":"Lagavulin","floor":13.0,"turns":7.0},{"damage":15.0,"enemies":"Looter","floor":14.0,"turns":3.0},{"damage":54.0,"enemies":"The Guardian","floor":16.0,"turns":10.0},{"damage":9.0,"enemies":"3 Byrds","floor":18.0,"turns":6.0},{"damage":39.0,"enemies":"2 Thieves","floor":20.0,"turns":4.0},{"damage":41.0,"enemies":"Centurion and Healer","floor":21.0,"turns":5.0},{"damage":25.0,"enemies":"Snake Plant","floor":22.0,"turns":3.0},{"damage":37.0,"enemies":"Book of Stabbing","floor":24.0,"turns":6.0},{"damage":27.0,"enemies":"Slavers","floor":27.0,"turns":4.0},{"damage":19.0,"enemies":"Shelled Parasite and Fungi","floor":30.0,"turns":6.0},{"damage":0.0,"enemies":"Champ","floor":33.0,"turns":11.0},{"damage":9,"enemies":"3 Shapes","floor":35,"turns":6},{"damage":0,"enemies":"Mind Bloom Boss Battle","floor":36,"turns":2},{"damage":1,"enemies":"Orb Walker","floor":37,"turns":2},{"damage":33,"enemies":"Sphere and 2 Shapes","floor":39,"turns":5},{"damage":9,"enemies":"Nemesis","floor":40,"turns":5},{"damage":27,"enemies":"Spire Growth","floor":42,"turns":4},{"damage":2,"enemies":"Transient","floor":44,"turns":5},{"damage":0,"enemies":"Reptomancer","floor":46,"turns":4},{"damage":2,"enemies":"2 Orb Walkers","floor":48,"turns":5},{"damage":40,"enemies":"Awakened One","floor":50,"turns":11}],"seed_played":"5126312676162534167","potions_obtained":[{"floor":2.0,"key":"LiquidBronze"},{"floor":4.0,"key":"BloodPotion"},{"floor":6.0,"key":"SpeedPotion"},{"floor":20.0,"key":"PowerPotion"},{"floor":21.0,"key":"SkillPotion"},{"floor":22.0,"key":"Fire Potion"},{"floor":27.0,"key":"SteroidPotion"},{"floor":36,"key":"Fire Potion"},{"floor":37,"key":"Explosive Potion"},{"floor":39,"key":"Fire Potion"},{"floor":48,"key":"Explosive Potion"}],"is_trial":false,"path_per_floor":["M","M","T","M","M","E","R","M","T","M","R","?","E","M","R","B",null,"M","$","M","M","M","R","E","?","T","E","R","?","M","?","R","B",null,"M","?","M","$","M","E","R","M","T","M","R","E","T","?","R","B"],"character_chosen":"IRONCLAD","items_purchased":["Master of Strategy+1","Seeing Red+1","PowerPotion","Pommel Strike","Rage+1","PrismaticShard"],"campfire_rested":3,"item_purchase_floors":[19,19,19,19,38,38],"current_hp_per_floor":[80,80,80,80,73,44,44,33,33,28,28,54,32,35,59,23,80,77,77,56,33,26,50,31,31,31,22,46,40,27,27,27,28,28,28,28,28,28,28,25,25,22,22,28,28,28,28,28,28,0],"gold":195,"neow_bonus":"","is_prod":false,"is_daily":false,"chose_seed":false,"campfire_upgraded":4,"win_rate":0.0,"timestamp":1552557658,"path_taken":["M","M","?","M","M","E","R","M","T","M","R","?","E","M","R","BOSS","M","$","M","M","M","R","E","?","T","E","R","?","M","?","R","BOSS","M","?","M","$","M","E","R","M","T","M","R","E","?","?","R","BOSS"],"build_version":"2019-01-23","purchased_purges":1,"victory":false,"max_hp_per_floor":[80,80,80,80,80,80,80,80,80,80,80,80,80,80,80,80,80,80,80,80,80,80,80,80,80,80,80,80,40,40,28,28,28,28,28,28,28,28,28,28,28,28,28,28,28,28,28,28,28,28],"card_choices":[{"not_picked":["Twin Strike","Pummel"],"picked":"Shrug It Off","floor":1.0},{"not_picked":["Clash","Thunderclap"],"picked":"Searing Blow","floor":2.0},{"not_picked":["Hemokinesis","Whirlwind"],"picked":"Clothesline","floor":4.0},{"not_picked":["Shrug It Off+1","Bloodletting+1"],"picked":"Searing Blow","floor":5.0},{"not_picked":["Fiend Fire","Searing Blow"],"picked":"Demon Form","floor":6.0},{"not_picked":["Feel No Pain","Thunderclap"],"picked":"Pommel Strike","floor":8.0},{"not_picked":["Pommel Strike","Searing Blow"],"picked":"Thunderclap","floor":10.0},{"not_picked":["Twin Strike","Searing Blow"],"picked":"Armaments+1","floor":13.0},{"not_picked":["Anger","Disarm+1"],"picked":"Flex+1","floor":14.0},{"not_picked":["Demon Form","Dark Embrace"],"picked":"Barricade","floor":16.0},{"not_picked":["Shockwave+1","Clothesline"],"picked":"Clash","floor":18.0},{"not_picked":["Whirlwind","Ghostly Armor+1"],"picked":"Anger+1","floor":20.0},{"not_picked":["True Grit+1","Iron Wave"],"picked":"Sword Boomerang+1","floor":21.0},{"not_picked":["Hemokinesis","Reckless Charge"],"picked":"Shrug It Off+1","floor":22.0},{"not_picked":["Corruption","Thunderclap"],"picked":"Battle Trance+1","floor":24.0},{"not_picked":["Disarm+1","Rampage+1"],"picked":"Sword Boomerang+1","floor":27.0},{"not_picked":["Clash+1","Twin Strike+1"],"picked":"Anger+1","floor":28.0},{"not_picked":["Dual Wield+1","Twin Strike+1"],"picked":"Seeing Red+1","floor":30.0},{"not_picked":["Barricade","Fiend Fire+1"],"picked":"Bludgeon+1","floor":33.0},{"not_picked":["Perfected Strike+1","Shrug It Off+1"],"picked":"Uppercut+1","floor":35},{"not_picked":["Carnage+1","Blood for Blood+1"],"picked":"Flame Barrier+1","floor":36},{"not_picked":["Bloodletting+1","Flex+1","Warcry+1"],"picked":"SKIP","floor":37},{"not_picked":["Poisoned Stab+1","Gash+1"],"picked":"Pommel Strike+1","floor":39},{"not_picked":["Riddle With Holes+1","Prepared+1","True Grit+1"],"picked":"SKIP","floor":40},{"not_picked":["Dagger Throw+1","Backflip+1","Cleave+1"],"picked":"SKIP","floor":42},{"not_picked":["Biased Cognition","Corruption"],"picked":"Backflip+1","floor":44},{"not_picked":["Coolheaded+1","Double Tap+1","Entrench+1"],"picked":"SKIP","floor":46}],"player_experience":0,"relics_obtained":[{"floor":3.0,"key":"Toxic Egg 2"},{"floor":6.0,"key":"Boot"},{"floor":9.0,"key":"Dodecahedron"},{"floor":13.0,"key":"Meat on the Bone"},{"floor":24.0,"key":"Dream Catcher"},{"floor":26.0,"key":"Molten Egg 2"},{"floor":27.0,"key":"PreservedInsect"},{"floor":36,"key":"Unceasing Top"},{"floor":40,"key":"Peace Pipe"},{"floor":43,"key":"Anchor"},{"floor":46,"key":"Vajra"},{"floor":47,"key":"Potion Belt"},{"floor":48,"key":"Charon\u0027s Ashes"}],"event_choices":[{"damage_healed":26.0,"max_hp_gain":0.0,"max_hp_loss":0.0,"gold_gain":0.0,"event_name":"Big Fish","player_choice":"Banana","floor":12.0,"gold_loss":0.0,"damage_taken":0.0},{"damage_healed":0.0,"max_hp_gain":0.0,"max_hp_loss":0.0,"gold_gain":0.0,"cards_transformed":["Searing Blow","Barricade"],"event_name":"Drug Dealer","player_choice":"Became Test Subject","floor":25.0,"gold_loss":0.0,"damage_taken":0.0,"cards_obtained":["Barricade","Metallicize"]},{"damage_healed":0.0,"max_hp_gain":0.0,"max_hp_loss":40.0,"gold_gain":0.0,"event_name":"Ghosts","player_choice":"Became a Ghost","floor":29.0,"gold_loss":0.0,"damage_taken":0.0,"cards_obtained":["Ghostly","Ghostly","Ghostly","Ghostly","Ghostly"]},{"damage_healed":0.0,"max_hp_gain":0.0,"max_hp_loss":12.0,"gold_gain":0.0,"event_name":"Vampires","player_choice":"Became a vampire","floor":31.0,"gold_loss":0.0,"damage_taken":0.0,"cards_obtained":["Bite","Bite","Bite","Bite","Bite"]},{"damage_healed":0,"gold_gain":0,"player_choice":"Fight","damage_taken":0,"max_hp_gain":0,"max_hp_loss":0,"event_name":"MindBloom","floor":36,"gold_loss":0},{"damage_healed":0,"gold_gain":0,"player_choice":"Fight","damage_taken":0,"max_hp_gain":0,"max_hp_loss":0,"event_name":"Mysterious Sphere","floor":48,"gold_loss":0}],"is_beta":false,"boss_relics":[{"not_picked":["Black Blood","Runic Pyramid"],"picked":"Velvet Choker"},{"not_picked":["Runic Cube","Sozu"],"picked":"Lizard Tail"}],"items_purged_floors":[38],"is_endless":false,"potions_floor_spawned":[2,4,6,20,21,22,27,36,37,39,48],"killed_by":"Awakened One","ascension_level":0}