{"gold_per_floor":[117,130,11,23,23,23,57,57,87,112,92,103,121,133,133,204,204,204,204,204,204,204,204,204,115,115,115,115,115,115,115,115,115,115,115,115,115,115,115,115,115,115,115,115,115,36,36,36,36,36],"floor_reached":51,"playtime":4890,"items_purged":["Strike_G"],"score":1511,"play_id":"d558c180-3aad-402c-89b9-7520b9f4b3b6","local_time":"20190506140232","is_ascension_mode":true,"campfire_choices":[{"data":"Sucker Punch","floor":6.0,"key":"SMITH"},{"data":"Terror","floor":8.0,"key":"SMITH"},{"floor":15.0,"key":"REST"},{"data":"After Image","floor":23.0,"key":"SMITH"},{"data":"Cloak And Dagger","floor":27.0,"key":"SMITH"},{"floor":32.0,"key":"REST"},{"data":"Well Laid Plans","floor":41.0,"key":"SMITH"},{"data":"Neutralize","floor":44.0,"key":"SMITH"},{"floor":49.0,"key":"REST"}],"neow_cost":"NONE","seed_source_timestamp":154108580764997,"circlet_count":0,"master_deck":["AscendersBane","Defend_G+1","Defend_G","Defend_G","Defend_G","Defend_G","Survivor","Neutralize+1","Sucker Punch+1","Footwork","Poisoned Stab","Terror+1","Dodge and Roll","PiercingWail","After Image+1","Heel Hook","Storm of Steel","Noxious Fumes","Blade Dance+1","Dash","Bite","Bite","Bite","Bite","Cloak And Dagger+1","Well Laid Plans+1","Crippling Poison","RitualDagger","Bouncing Flask+1","After Image","Panache","Cloak And Dagger+1","Leg Sweep","Venomology","Endless Agony","Bane+1"],"special_seed":0,"relics":["Ring of the Snake","NeowsBlessing","Mercury Hourglass","Tiny Chest","Kunai","Ectoplasm","Tough Bandages","Omamori","Turnip","Boot","War Paint","Philosopher\u0027s Stone","Bag of Marbles","Dream Catcher","Mango","The Courier"],"potions_floor_usage":[50,50,50],"damage_taken":[{"damage":0.0,"enemies":"Small Slimes","floor":1.0,"turns":1.0},{"damage":0.0,"enemies":"2 Louse","floor":2.0,"turns":1.0},{"damage":0.0,"enemies":"Cultist","floor":4.0,"turns":1.0},{"damage":25.0,"enemies":"3 Sentries","floor":7.0,"turns":10.0},{"damage":8.0,"enemies":"Gremlin Nob","floor":10.0,"turns":3.0},{"damage":8.0,"enemies":"Gremlin Gang","floor":12.0,"turns":6.0},{"damage":0.0,"enemies":"2 Fungi Beasts","floor":13.0,"turns":4.0},{"damage":0.0,"enemies":"Looter","floor":14.0,"turns":4.0},{"damage":10.0,"enemies":"The Guardian","floor":16.0,"turns":10.0},{"damage":0.0,"enemies":"Spheric Guardian","floor":18.0,"turns":5.0},{"damage":17.0,"enemies":"Chosen","floor":19.0,"turns":6.0},{"damage":2.0,"enemies":"Centurion and Healer","floor":21.0,"turns":7.0},{"damage":29.0,"enemies":"Book of Stabbing","floor":24.0,"turns":8.0},{"damage":8.0,"enemies":"Gremlin Leader","floor":28.0,"turns":8.0},{"damage":36.0,"enemies":"Slavers","floor":31.0,"turns":7.0},{"damage":12.0,"enemies":"Automaton","floor":33.0,"turns":12.0},{"damage":9.0,"enemies":"Orb Walker","floor":35.0,"turns":4.0},{"damage":6.0,"enemies":"3 Shapes","floor":39.0,"turns":4.0},{"damage":7.0,"enemies":"Nemesis","floor":40.0,"turns":9.0},{"damage":22.0,"enemies":"Reptomancer","floor":42.0,"turns":6.0},{"damage":15.0,"enemies":"Transient","floor":47.0,"turns":6.0},{"damage":25.0,"enemies":"Giant Head","floor":48.0,"turns":11.0},{"damage":49,"enemies":"Time Eater","floor":50,"turns":16}],"seed_played":"-6815297243763842581","potions_obtained":[{"floor":2.0,"key":"Poison Potion"},{"floor":10.0,"key":"SpeedPotion"},{"floor":11.0,"key":"GhostInAJar"},{"floor":14.0,"key":"Regen Potion"},{"floor":24.0,"key":"Energy Potion"},{"floor":31.0,"key":"Fire Potion"},{"floor":33.0,"key":"Block Potion"},{"floor":35.0,"key":"SkillPotion"},{"floor":47.0,"key":"EssenceOfSteel"}],"is_trial":false,"path_per_floor":["M","M","$","M","?","R","E","R","T","E","?","M","M","M","R","B",null,"M","M","?","M","?","R","E","$","T","R","E","?","T","E","R","B",null,"M","?","?","?","M","E","R","E","T","R","?","$","M","E","R","B",null],"character_chosen":"THE_SILENT","items_purchased":["Footwork","Well Laid Plans","GhostInAJar"],"campfire_rested":3,"item_purchase_floors":[3,25,46],"current_hp_per_floor":[59,59,59,59,59,59,34,34,34,26,26,18,18,18,37,27,56,56,39,39,52,46,46,27,27,27,27,37,31,31,5,18,26,41,34,34,34,34,30,31,31,15,29,29,60,60,51,42,60,23],"gold":36,"neow_bonus":"THREE_ENEMY_KILL","is_prod":false,"is_daily":false,"chose_seed":false,"campfire_upgraded":6,"win_rate":0,"timestamp":1557165752,"path_taken":["M","M","$","M","?","R","E","R","T","E","?","?","M","?","R","BOSS","M","M","?","M","?","R","E","$","T","R","E","?","?","E","R","BOSS","M","?","?","?","M","E","R","E","T","R","?","$","M","E","R","BOSS"],"build_version":"2019-01-23","purchased_purges":1,"victory":true,"max_hp_per_floor":[66,66,66,66,66,66,66,66,66,66,66,66,66,66,66,66,66,66,66,66,66,46,46,46,46,46,46,46,46,46,46,46,46,46,46,46,46,46,46,46,46,46,60,60,60,60,60,60,60,60],"card_choices":[{"not_picked":["Outmaneuver","Masterful Stab"],"picked":"Sucker Punch","floor":1.0},{"not_picked":["Concentrate","Outmaneuver"],"picked":"Bouncing Flask","floor":2.0},{"not_picked":["Accuracy","Deadly Poison"],"picked":"Poisoned Stab","floor":4.0},{"not_picked":["Predator","Outmaneuver"],"picked":"Terror","floor":7.0},{"not_picked":["All Out Attack","Deflect"],"picked":"Dodge and Roll","floor":10.0},{"not_picked":["Escape Plan","Sucker Punch"],"picked":"PiercingWail","floor":12.0},{"not_picked":["Blade Dance","Choke"],"picked":"After Image","floor":13.0},{"not_picked":["Deadly Poison","Flying Knee"],"picked":"Heel Hook","floor":14.0},{"not_picked":["Unload","Grand Finale"],"picked":"Storm of Steel","floor":16.0},{"not_picked":["Setup","Dodge and Roll"],"picked":"Noxious Fumes","floor":18.0},{"not_picked":["Outmaneuver","Poisoned Stab"],"picked":"Blade Dance","floor":19.0},{"not_picked":["Concentrate","Quick Slash"],"picked":"Dash","floor":21.0},{"not_picked":["Heel Hook","Predator"],"picked":"Cloak And Dagger","floor":24.0},{"not_picked":["Tools of the Trade","Riddle With Holes"],"picked":"Crippling Poison","floor":28.0},{"not_picked":["Blur","Deflect"],"picked":"Bouncing Flask+1","floor":31.0},{"not_picked":["Tools of the Trade","Adrenaline"],"picked":"After Image","floor":33.0},{"not_picked":["Deflect","Bouncing Flask","Dagger Spray"],"picked":"SKIP","floor":35.0},{"not_picked":["Master of Strategy","Mayhem"],"picked":"Panache","floor":38.0},{"not_picked":["Blade Dance+1","Deadly Poison"],"picked":"Cloak And Dagger+1","floor":39.0},{"not_picked":["Well Laid Plans+1","Deflect"],"picked":"Leg Sweep","floor":40.0},{"not_picked":["Skewer+1","Eviscerate"],"picked":"Venomology","floor":42.0},{"not_picked":["Sucker Punch","Cloak And Dagger"],"picked":"Endless Agony","floor":47.0},{"not_picked":["Acrobatics","Reflex+1"],"picked":"Bane+1","floor":48.0}],"player_experience":366796,"relics_obtained":[{"floor":7.0,"key":"Mercury Hourglass"},{"floor":9.0,"key":"Tiny Chest"},{"floor":10.0,"key":"Kunai"},{"floor":24.0,"key":"Tough Bandages"},{"floor":26.0,"key":"Omamori"},{"floor":28.0,"key":"Turnip"},{"floor":30.0,"key":"Boot"},{"floor":31.0,"key":"War Paint"},{"floor":40.0,"key":"Bag of Marbles"},{"floor":42.0,"key":"Dream Catcher"},{"floor":43.0,"key":"Mango"},{"floor":48.0,"key":"The Courier"}],"event_choices":[{"damage_healed":0.0,"max_hp_gain":0.0,"max_hp_loss":0.0,"gold_gain":0.0,"event_name":"Liars Game","player_choice":"Ignored","floor":5.0,"gold_loss":0.0,"damage_taken":0.0},{"damage_healed":0.0,"max_hp_gain":0.0,"max_hp_loss":0.0,"gold_gain":0.0,"event_name":"The Woman in Blue","player_choice":"Bought 1 Potion","floor":11.0,"gold_loss":0.0,"damage_taken":0.0},{"damage_healed":0.0,"max_hp_gain":0.0,"max_hp_loss":0.0,"gold_gain":0.0,"event_name":"Ghosts","player_choice":"Ignored","floor":20.0,"gold_loss":0.0,"damage_taken":0.0},{"damage_healed":0.0,"max_hp_gain":0.0,"max_hp_loss":20.0,"gold_gain":0.0,"event_name":"Vampires","player_choice":"Became a vampire","floor":22.0,"gold_loss":0.0,"damage_taken":0.0,"cards_obtained":["Bite","Bite","Bite","Bite","Bite"]},{"damage_healed":0.0,"max_hp_gain":0.0,"max_hp_loss":0.0,"gold_gain":0.0,"event_name":"Nest","player_choice":"Joined the Cult","floor":29.0,"gold_loss":0.0,"damage_taken":6.0,"cards_obtained":["RitualDagger"]},{"cards_removed":["Bite"],"damage_healed":0.0,"max_hp_gain":0.0,"max_hp_loss":0.0,"gold_gain":0.0,"event_name":"Falling","player_choice":"Removed Attack","floor":36.0,"gold_loss":0.0,"damage_taken":0.0},{"damage_healed":0.0,"max_hp_gain":0.0,"max_hp_loss":0.0,"gold_gain":0.0,"event_name":"Mysterious Sphere","player_choice":"Ignored","floor":37.0,"gold_loss":0.0,"damage_taken":0.0},{"damage_healed":0.0,"max_hp_gain":0.0,"max_hp_loss":0.0,"gold_gain":0.0,"event_name":"SensoryStone","player_choice":"Memory 1","floor":38.0,"gold_loss":0.0,"damage_taken":0.0},{"cards_removed":["Bouncing Flask"],"damage_healed":31.0,"max_hp_gain":0.0,"max_hp_loss":0.0,"gold_gain":0.0,"event_name":"Bonfire Elementals","player_choice":"Offered Uncommon","floor":45.0,"gold_loss":0.0,"damage_taken":0.0}],"is_beta":false,"boss_relics":[{"not_picked":["Busted Crown","Runic Pyramid"],"picked":"Ectoplasm"},{"not_picked":["Coffee Dripper","Eternal Feather"],"picked":"Philosopher\u0027s Stone"}],"items_purged_floors":[3],"is_endless":false,"potions_floor_spawned":[2,10,12,14,24,31,33,35,47,48],"ascension_level":19}