{"gold_per_floor":[109,128,128,128,149,149,149,165,192,211,234,258,277,295,295,425,425,448,448,164,164,164,164,181,32,59,59,73,73,83,98,98,98],"floor_reached":33,"playtime":2354,"items_purged":[],"score":255,"play_id":"c2e36033-d7d9-4181-a73c-bf5c726d6c8d","local_time":"20180926044948","is_ascension_mode":true,"campfire_choices":[{"data":"Armaments","floor":6,"key":"SMITH"},{"data":"Inflame","floor":15,"key":"SMITH"},{"data":"Limit Break","floor":23,"key":"SMITH"},{"data":"Intimidate","floor":29,"key":"SMITH"},{"floor":32,"key":"REST"}],"neow_cost":"","seed_source_timestamp":86002751958198,"circlet_count":0,"master_deck":["Strike_R+1","Strike_R+1","Strike_R+1","Strike_R+1","Strike_R+1","Defend_R+1","Defend_R+1","Defend_R+1","Defend_R+1","Bash","Hemokinesis","Armaments+1","Armaments","Cleave","Flex","Inflame+1","Inflame","Flex","Limit Break+1","Heavy Blade","Pommel Strike","Pommel Strike+1","Wild Strike","Ghostly Armor","Writhe","Intimidate+1","Shrug It Off","Clothesline"],"relics":["Black Blood","Bloody Idol","Oddly Smooth Stone","Shuriken","PreservedInsect","Bronze Scales"],"potions_floor_usage":[16,16,28,30,33,33],"damage_taken":[{"damage":1,"enemies":"Cultist","floor":1,"turns":3},{"damage":7,"enemies":"Jaw Worm","floor":2,"turns":4},{"damage":0,"enemies":"2 Louse","floor":5,"turns":3},{"damage":8,"enemies":"Gremlin Gang","floor":8,"turns":5},{"damage":4,"enemies":"2 Fungi Beasts","floor":10,"turns":3},{"damage":9,"enemies":"Lots of Slimes","floor":11,"turns":4},{"damage":7,"enemies":"Gremlin Gang","floor":12,"turns":5},{"damage":2,"enemies":"2 Fungi Beasts","floor":13,"turns":3},{"damage":14,"enemies":"Exordium Wildlife","floor":14,"turns":5},{"damage":28,"enemies":"The Guardian","floor":16,"turns":9},{"damage":38,"enemies":"Chosen","floor":18,"turns":6},{"damage":21,"enemies":"Shell Parasite","floor":24,"turns":4},{"damage":24,"enemies":"3 Cultists","floor":28,"turns":5},{"damage":27,"enemies":"Centurion and Healer","floor":30,"turns":5},{"damage":19,"enemies":"Cultist and Chosen","floor":31,"turns":5},{"damage":83,"enemies":"Automaton","floor":33,"turns":8}],"seed_played":"7453748267431429100","potions_obtained":[{"floor":2,"key":"Ancient Potion"},{"floor":5,"key":"FearPotion"},{"floor":7,"key":"Block Potion"},{"floor":7,"key":"BloodPotion"},{"floor":11,"key":"Dexterity Potion"},{"floor":24,"key":"SkillPotion"},{"floor":28,"key":"SkillPotion"}],"is_trial":false,"path_per_floor":["M","M","?","?","M","R","?","M","T","M","M","M","M","M","R","B",null,"M","?","$","?","?","R","M","$","T","?","M","R","M","M","R"],"character_chosen":"IRONCLAD","items_purchased":["Shuriken","Pommel Strike","Wild Strike","Ghostly Armor","Explosive Potion"],"campfire_rested":1,"item_purchase_floors":[20,20,25,25,25],"current_hp_per_floor":[80,79,80,60,66,66,66,64,64,66,63,62,66,58,58,36,80,52,78,78,78,78,78,72,72,77,77,68,68,56,52,76,0],"gold":98,"neow_bonus":"","is_prod":false,"is_daily":false,"chose_seed":false,"campfire_upgraded":4,"win_rate":0,"timestamp":1537951788,"path_taken":["M","M","?","?","M","R","?","M","T","?","M","M","M","M","R","BOSS","M","?","?","?","?","R","M","$","T","?","M","R","M","?","R","BOSS"],"build_version":"2018-09-20","purchased_purges":0,"victory":false,"max_hp_per_floor":[80,80,80,80,80,80,80,80,80,80,80,80,80,80,80,80,80,80,80,80,80,80,80,80,80,80,80,80,80,80,80,80,80],"card_choices":[{"not_picked":["True Grit","Clash"],"picked":"Hemokinesis","floor":1},{"not_picked":["Perfected Strike","Flame Barrier"],"picked":"Power Through","floor":2},{"not_picked":["Rage","True Grit"],"picked":"Armaments","floor":5},{"not_picked":["Clash","Perfected Strike"],"picked":"Armaments","floor":8},{"not_picked":["Reckless Charge","Clash"],"picked":"Cleave","floor":10},{"not_picked":["Warcry","Twin Strike"],"picked":"Flex","floor":11},{"not_picked":["Evolve","Wild Strike"],"picked":"Inflame","floor":12},{"not_picked":["Dual Wield","Armaments"],"picked":"Inflame","floor":13},{"not_picked":["True Grit","Corruption"],"picked":"Flex","floor":14},{"not_picked":["Bludgeon","Impervious"],"picked":"Limit Break","floor":16},{"not_picked":["Shrug It Off","Infernal Blade"],"picked":"Heavy Blade","floor":18},{"not_picked":["Burning Pact","Wild Strike"],"picked":"Pommel Strike+1","floor":24},{"not_picked":["Rage","Clash+1"],"picked":"Intimidate","floor":28},{"not_picked":["Pommel Strike","Flex"],"picked":"Shrug It Off","floor":30},{"not_picked":["Limit Break","Power Through"],"picked":"Clothesline","floor":31}],"player_experience":75384,"relics_obtained":[{"floor":9,"key":"Oddly Smooth Stone"},{"floor":26,"key":"PreservedInsect"}],"event_choices":[{"event_name":"Bonfire Elementals","player_choice":"UNCOMMON","floor":3,"damage_taken":0},{"event_name":"Golden Idol","player_choice":"Take Damage","floor":4,"damage_taken":0},{"event_name":"The Lab","player_choice":"Got Potions","floor":7,"damage_taken":0},{"event_name":"The Library","player_choice":"Heal","floor":19,"damage_taken":0},{"event_name":"Back to Basics","player_choice":"Simplicity","floor":21,"damage_taken":0},{"event_name":"Forgotten Altar","player_choice":"Gave Idol","floor":22,"damage_taken":0},{"event_name":"The Mausoleum","player_choice":"Yes","floor":27,"damage_taken":0}],"is_beta":false,"boss_relics":[{"not_picked":["Astrolabe","White Beast Statue"],"picked":"Black Blood"}],"items_purged_floors":[],"is_endless":false,"potions_floor_spawned":[2,5,11,24,28],"killed_by":"Automaton","ascension_level":1}