{"gold_per_floor":[209,226,240,240,260,277,277,311,311,323,188,43,61,89,89,187,237,225,242,242,157,167,167,181,181,181,181,200,200,30,45,45,148,148,165,265,284,284,284,284,300,300,325,342,361,87,87],"floor_reached":47,"playtime":3635,"items_purged":["Defend_G","Strike_G"],"score":489,"play_id":"29e781d5-f145-4640-ab66-cb03a3824978","local_time":"20190309171422","is_ascension_mode":false,"campfire_choices":[{"floor":7,"key":"REST"},{"data":"Footwork","floor":10,"key":"SMITH"},{"data":"Bouncing Flask","floor":15,"key":"SMITH"},{"data":"Bouncing Flask","floor":23,"key":"SMITH"},{"floor":25,"key":"REST"},{"floor":29,"key":"REST"},{"floor":32,"key":"REST"},{"data":"Bouncing Flask","floor":40,"key":"SMITH"},{"floor":42,"key":"REST"}],"neow_cost":"NONE","seed_source_timestamp":1786133988851500,"circlet_count":0,"master_deck":["Defend_G","Defend_G","Defend_G","Defend_G","Strike_G","Strike_G","Strike_G","Strike_G","Survivor","Neutralize","Cloak And Dagger","Noxious Fumes+1","Footwork+1","Deflect","Slice","Dash","Bouncing Flask+1","Storm of Steel+1","Footwork","Escape Plan","Burst","Bullet Time","Bouncing Flask+1","Slice","Setup+1","Deadly Poison","RitualDagger","Leg Sweep+1","Cloak And Dagger","Bouncing Flask+1","Bane","Bullet Time","Flying Knee+1","Skewer+1","Blade Dance+1","Bane+1","Backflip","Apotheosis","Finesse"],"relics":["Ring of the Snake","Ancient Tea Set","MawBank","Dream Catcher","Tiny House","Nilry\u0027s Codex","Pear","Lantern","Busted Crown","Unceasing Top","Regal Pillow"],"potions_floor_usage":[24,31],"damage_taken":[{"damage":0,"enemies":"Cultist","floor":1,"turns":3},{"damage":0,"enemies":"2 Louse","floor":2,"turns":2},{"damage":2,"enemies":"Jaw Worm","floor":3,"turns":6},{"damage":17,"enemies":"Exordium Wildlife","floor":5,"turns":6},{"damage":5,"enemies":"2 Fungi Beasts","floor":6,"turns":4},{"damage":13,"enemies":"3 Sentries","floor":8,"turns":9},{"damage":0,"enemies":"Blue Slaver","floor":13,"turns":3},{"damage":9,"enemies":"Lagavulin","floor":14,"turns":6},{"damage":22,"enemies":"Hexaghost","floor":16,"turns":8},{"damage":9,"enemies":"2 Thieves","floor":18,"turns":4},{"damage":4,"enemies":"Chosen","floor":19,"turns":6},{"damage":15,"enemies":"Snake Plant","floor":22,"turns":3},{"damage":30,"enemies":"Shelled Parasite and Fungi","floor":24,"turns":8},{"damage":16,"enemies":"Centurion and Healer","floor":28,"turns":7},{"damage":16,"enemies":"Cultist and Chosen","floor":31,"turns":5},{"damage":67,"enemies":"Automaton","floor":33,"turns":9},{"damage":16,"enemies":"3 Darklings","floor":35,"turns":4},{"damage":23,"enemies":"Mind Bloom Boss Battle","floor":36,"turns":7},{"damage":20,"enemies":"Orb Walker","floor":37,"turns":3},{"damage":33,"enemies":"3 Darklings","floor":41,"turns":5},{"damage":27,"enemies":"4 Shapes","floor":44,"turns":6},{"damage":12,"enemies":"Maw","floor":45,"turns":6},{"damage":22,"enemies":"Reptomancer","floor":47,"turns":3}],"seed_played":"-8596129967881389777","potions_obtained":[{"floor":2,"key":"Strength Potion"},{"floor":5,"key":"Energy Potion"},{"floor":14,"key":"EssenceOfSteel"},{"floor":16,"key":"FairyPotion"},{"floor":17,"key":"GamblersBrew"},{"floor":31,"key":"Swift Potion"},{"floor":33,"key":"Dexterity Potion"},{"floor":36,"key":"Fire Potion"},{"floor":37,"key":"FearPotion"}],"is_trial":false,"path_per_floor":["M","M","M","?","M","M","R","E","T","R","$","$","M","E","R","B",null,"M","M","?","?","M","R","M","R","T","?","M","R","$","M","R","B",null,"M","?","M","?","?","R","M","R","T","M","M","$","E"],"character_chosen":"THE_SILENT","items_purchased":["Bouncing Flask","Storm of Steel","Footwork","Bouncing Flask","Apotheosis","Finesse"],"campfire_rested":5,"item_purchase_floors":[11,12,12,30,46,46],"current_hp_per_floor":[70,70,68,68,51,46,67,54,54,54,54,54,54,45,45,23,75,66,62,46,56,41,41,11,36,36,30,14,39,39,23,48,2,85,69,46,26,26,71,71,38,59,59,32,20,20,0],"gold":87,"neow_bonus":"HUNDRED_GOLD","is_prod":false,"is_daily":false,"chose_seed":false,"campfire_upgraded":4,"win_rate":0,"timestamp":1552173262,"path_taken":["M","M","?","?","M","M","R","E","T","R","?","$","M","E","R","BOSS","M","M","?","?","M","R","M","R","T","?","M","R","?","M","R","BOSS","M","?","M","?","?","R","M","R","T","M","M","?","E"],"build_version":"2019-01-23","purchased_purges":2,"victory":false,"max_hp_per_floor":[70,70,70,70,70,70,70,70,70,70,70,70,70,70,70,70,75,75,75,75,85,85,85,85,85,85,85,85,85,85,85,85,85,85,85,85,85,81,71,71,71,71,71,71,71,71,71],"card_choices":[{"not_picked":["Slice","Dagger Throw"],"picked":"Cloak And Dagger","floor":1},{"not_picked":["Dodge and Roll","Flying Knee"],"picked":"Noxious Fumes","floor":2},{"not_picked":["Caltrops","All Out Attack"],"picked":"Footwork","floor":3},{"not_picked":["Outmaneuver","Finisher"],"picked":"Deflect","floor":5},{"not_picked":["Dodge and Roll","Heel Hook"],"picked":"Slice","floor":6},{"not_picked":["Prepared","Predator"],"picked":"Dash","floor":8},{"not_picked":["Prepared","Sucker Punch"],"picked":"Escape Plan","floor":13},{"not_picked":["Slice","A Thousand Cuts"],"picked":"Burst","floor":14},{"not_picked":["Unload","Storm of Steel"],"picked":"Bullet Time","floor":16},{"not_picked":["Deadly Poison","Deflect+1"],"picked":"Bouncing Flask","floor":18},{"not_picked":["Dodge and Roll+1","Heel Hook+1"],"picked":"Slice","floor":19},{"not_picked":["Outmaneuver","PiercingWail","Flying Knee+1"],"picked":"SKIP","floor":22},{"not_picked":["Slice","Quick Slash"],"picked":"Setup+1","floor":24},{"not_picked":["Venomology","Deflect"],"picked":"Deadly Poison","floor":25},{"not_picked":["Dodge and Roll","Dash"],"picked":"Leg Sweep+1","floor":28},{"not_picked":["Dagger Spray","Flying Knee"],"picked":"Cloak And Dagger","floor":29},{"not_picked":["Calculated Gamble","Deflect","Flying Knee"],"picked":"SKIP","floor":31},{"not_picked":["Quick Slash+1","Deadly Poison"],"picked":"Bane","floor":32},{"not_picked":["Night Terror","Envenom"],"picked":"Bullet Time","floor":33},{"not_picked":[],"picked":"Flying Knee+1","floor":35},{"not_picked":[],"picked":"Skewer+1","floor":36},{"not_picked":["Underhanded Strike"],"picked":"SKIP","floor":37},{"not_picked":["Accuracy"],"picked":"SKIP","floor":41},{"not_picked":[],"picked":"Blade Dance+1","floor":42},{"not_picked":[],"picked":"Bane+1","floor":44},{"not_picked":[],"picked":"Backflip","floor":45}],"player_experience":116377,"relics_obtained":[{"floor":8,"key":"Ancient Tea Set"},{"floor":9,"key":"MawBank"},{"floor":14,"key":"Dream Catcher"},{"floor":20,"key":"Nilry\u0027s Codex"},{"floor":26,"key":"Lantern"},{"floor":36,"key":"Unceasing Top"},{"floor":43,"key":"Regal Pillow"}],"event_choices":[{"damage_healed":0,"gold_gain":0,"player_choice":"Upgraded","damage_taken":0,"max_hp_gain":0,"max_hp_loss":0,"event_name":"Upgrade Shrine","floor":4,"gold_loss":0,"cards_upgraded":["Noxious Fumes"]},{"damage_healed":0,"gold_gain":0,"player_choice":"Obtained Book","damage_taken":16,"max_hp_gain":0,"max_hp_loss":0,"event_name":"Cursed Tome","floor":20,"gold_loss":0},{"damage_healed":0,"gold_gain":0,"player_choice":"Obtained Relic","damage_taken":0,"relics_obtained":["Pear"],"max_hp_gain":0,"max_hp_loss":0,"event_name":"Addict","floor":21,"gold_loss":85},{"damage_healed":0,"gold_gain":0,"player_choice":"Joined the Cult","damage_taken":6,"max_hp_gain":0,"max_hp_loss":0,"event_name":"Nest","floor":27,"gold_loss":0,"cards_obtained":["RitualDagger"]},{"damage_healed":0,"gold_gain":0,"player_choice":"Fight","damage_taken":0,"max_hp_gain":0,"max_hp_loss":0,"event_name":"MindBloom","floor":36,"gold_loss":0},{"damage_healed":0,"gold_gain":0,"player_choice":"Max HP","damage_taken":0,"max_hp_gain":0,"max_hp_loss":4,"event_name":"Winding Halls","floor":38,"gold_loss":0},{"damage_healed":71,"gold_gain":0,"player_choice":"Heal","damage_taken":0,"max_hp_gain":0,"max_hp_loss":10,"event_name":"The Moai Head","floor":39,"gold_loss":0}],"is_beta":false,"boss_relics":[{"not_picked":["Coffee Dripper","Snecko Eye"],"picked":"Tiny House"},{"not_picked":["WristBlade","Astrolabe"],"picked":"Busted Crown"}],"items_purged_floors":[11,30],"is_endless":false,"potions_floor_spawned":[2,5,14,16,31,33,36,37,44],"killed_by":"Reptomancer","ascension_level":0}