{"gold_per_floor":[13,13,24,24,24,24,34,64,64,89,14,66,166,179,179,283,283,297,127,52,151,165,165,165,196,278,40,40,53,73,102,102,201,201,213,223,223,238,254,254,254,254,308,339,339,339,0,14,14,14],"floor_reached":51,"playtime":3713,"items_purged":[],"score":973,"play_id":"19958c1a-dbb9-4eb3-bea2-53e6da912959","local_time":"20190326205239","is_ascension_mode":true,"campfire_choices":[{"data":"Ball Lightning","floor":6,"key":"SMITH"},{"floor":15,"key":"REST"},{"data":"Defragment","floor":23,"key":"SMITH"},{"floor":28,"key":"REST"},{"floor":32,"key":"REST"},{"floor":40,"key":"REST"},{"data":"Conserve Battery","floor":42,"key":"SMITH"},{"data":"Echo Form","floor":46,"key":"SMITH"},{"floor":49,"key":"REST"}],"neow_cost":"NO_GOLD","seed_source_timestamp":509705775007034,"circlet_count":0,"master_deck":["Strike_B","Strike_B+1","Defend_B","Defend_B+1","Zap","Dualcast","Ball Lightning+1","Go for the Eyes+1","Auto Shields","Cold Snap+1","Genetic Algorithm","Conserve Battery+1","Leap","Multi-Cast","Echo Form+1","Hologram+1","Defragment+1","Bandage Up","Go for the Eyes","Reprogram","Force Field","Capacitor","Loop+1","Ball Lightning+1","Cold Snap+1","Electrodynamics","Cold Snap+1","Ball Lightning+1","Capacitor","Blizzard+1","Parasite","Defragment"],"relics":["Cracked Core","Turnip","Whetstone","Bottled Flame","Du-Vu Doll","Centennial Puzzle","Sozu","Molten Egg 2","Symbiotic Virus","Cables","Boot","Busted Crown","Bronze Scales","Question Card","Calipers"],"potions_floor_usage":[10,14,16],"damage_taken":[{"damage":4,"enemies":"Jaw Worm","floor":1,"turns":4},{"damage":3,"enemies":"2 Louse","floor":3,"turns":2},{"damage":0,"enemies":"Cultist","floor":7,"turns":2},{"damage":26,"enemies":"3 Sentries","floor":8,"turns":9},{"damage":0,"enemies":"Lagavulin","floor":10,"turns":5},{"damage":3,"enemies":"Lots of Slimes","floor":14,"turns":4},{"damage":6,"enemies":"Slime Boss","floor":16,"turns":10},{"damage":10,"enemies":"Shell Parasite","floor":18,"turns":4},{"damage":14,"enemies":"2 Thieves","floor":22,"turns":4},{"damage":19,"enemies":"Slavers","floor":25,"turns":6},{"damage":10,"enemies":"Centurion and Healer","floor":29,"turns":8},{"damage":2,"enemies":"Sentry and Sphere","floor":30,"turns":3},{"damage":11,"enemies":"Book of Stabbing","floor":31,"turns":5},{"damage":41,"enemies":"Automaton","floor":33,"turns":11},{"damage":5,"enemies":"3 Shapes","floor":35,"turns":4},{"damage":8,"enemies":"3 Darklings","floor":36,"turns":3},{"damage":15,"enemies":"Maw","floor":38,"turns":9},{"damage":4,"enemies":"4 Shapes","floor":39,"turns":3},{"damage":12,"enemies":"Nemesis","floor":44,"turns":7},{"damage":18,"enemies":"Writhing Mass","floor":48,"turns":5},{"damage":41,"enemies":"Awakened One","floor":50,"turns":15}],"seed_played":"-1133413092368400246","potions_obtained":[{"floor":1,"key":"Block Potion"},{"floor":7,"key":"Dexterity Potion"},{"floor":8,"key":"Swift Potion"},{"floor":10,"key":"FearPotion"}],"is_trial":false,"path_per_floor":["M","?","M","?","$","R","M","E","T","E","$","T","?","M","R","B",null,"M","$","?","?","M","R","?","E","T","$","R","M","M","E","R","B",null,"M","M","?","M","M","R","?","R","T","E","?","R","$","M","R","B",null],"character_chosen":"DEFECT","items_purchased":["Conserve Battery","Leap","Defragment","Bandage Up","Cables","Calipers","Blizzard+1"],"campfire_rested":5,"item_purchase_floors":[11,11,19,19,27,47,47],"current_hp_per_floor":[64,64,61,46,46,46,46,20,20,20,20,20,20,17,39,33,65,55,55,55,55,45,45,45,30,30,30,52,46,48,45,67,30,64,67,59,59,48,44,66,66,66,66,58,58,58,58,48,69,32],"gold":14,"neow_bonus":"ONE_RARE_RELIC","is_prod":false,"is_daily":false,"chose_seed":false,"campfire_upgraded":4,"win_rate":0,"timestamp":1553647959,"path_taken":["M","?","M","?","?","R","?","E","T","E","?","?","?","M","R","BOSS","M","$","?","?","M","R","?","E","T","$","R","M","?","E","R","BOSS","M","M","?","M","M","R","?","R","T","E","?","R","$","M","R","BOSS"],"build_version":"2019-01-23","purchased_purges":0,"victory":true,"max_hp_per_floor":[75,75,75,75,75,75,75,75,75,75,75,75,75,75,75,75,75,75,75,75,75,75,75,75,75,75,75,75,75,75,75,75,75,75,75,75,75,75,75,75,71,71,71,71,71,71,71,71,71,71],"card_choices":[{"not_picked":["Double Energy","Coolheaded"],"picked":"Hologram","floor":1},{"not_picked":["Streamline","Redo"],"picked":"Go for the Eyes","floor":3},{"not_picked":["Barrage","Coolheaded"],"picked":"Auto Shields","floor":7},{"not_picked":["Barrage","Coolheaded"],"picked":"Cold Snap","floor":8},{"not_picked":["Barrage","Sweeping Beam"],"picked":"Genetic Algorithm","floor":10},{"not_picked":["Redo","Sweeping Beam"],"picked":"Multi-Cast","floor":14},{"not_picked":["Rainbow","Hyperbeam"],"picked":"Echo Form","floor":16},{"not_picked":["Steam","Gash"],"picked":"Hologram+1","floor":18},{"not_picked":["Genetic Algorithm+1","Leap"],"picked":"Go for the Eyes","floor":22},{"not_picked":["Turbo+1","Chill"],"picked":"Capacitor","floor":25},{"not_picked":["Beam Cell+1","Fusion+1"],"picked":"Loop+1","floor":29},{"not_picked":["Rip and Tear+1","Scrape+1"],"picked":"Ball Lightning+1","floor":30},{"not_picked":["Darkness","Gash+1"],"picked":"Cold Snap+1","floor":31},{"not_picked":["Echo Form","Reboot"],"picked":"Electrodynamics","floor":33},{"not_picked":["Hologram"],"picked":"SKIP","floor":35},{"not_picked":[],"picked":"Cold Snap+1","floor":36},{"not_picked":[],"picked":"Ball Lightning+1","floor":38},{"not_picked":["Conserve Battery"],"picked":"SKIP","floor":39},{"not_picked":[],"picked":"Capacitor","floor":44},{"not_picked":["Stack"],"picked":"Defragment","floor":48}],"player_experience":223714,"relics_obtained":[{"floor":8,"key":"Whetstone"},{"floor":9,"key":"Bottled Flame"},{"floor":10,"key":"Du-Vu Doll"},{"floor":12,"key":"Centennial Puzzle"},{"floor":25,"key":"Molten Egg 2"},{"floor":26,"key":"Symbiotic Virus"},{"floor":31,"key":"Boot"},{"floor":43,"key":"Bronze Scales"},{"floor":44,"key":"Question Card"}],"event_choices":[{"damage_healed":0,"gold_gain":0,"cards_transformed":["Strike_B"],"player_choice":"Change","damage_taken":0,"max_hp_gain":0,"max_hp_loss":0,"event_name":"Living Wall","floor":2,"gold_loss":0,"cards_obtained":["Ball Lightning"]},{"damage_healed":0,"gold_gain":0,"player_choice":"Entered Light","damage_taken":15,"max_hp_gain":0,"max_hp_loss":0,"event_name":"Shining Light","floor":4,"gold_loss":0,"cards_upgraded":["Defend_B","Strike_B"]},{"damage_healed":0,"gold_gain":100,"player_choice":"Pray","damage_taken":0,"max_hp_gain":0,"max_hp_loss":0,"event_name":"Golden Shrine","floor":13,"gold_loss":0},{"cards_removed":["Defend_B"],"damage_healed":0,"gold_gain":0,"player_choice":"Gave Gold","damage_taken":0,"max_hp_gain":0,"max_hp_loss":0,"event_name":"Beggar","floor":20,"gold_loss":75},{"damage_healed":0,"gold_gain":99,"player_choice":"Stole From Cult","damage_taken":0,"max_hp_gain":0,"max_hp_loss":0,"event_name":"Nest","floor":21,"gold_loss":0},{"damage_healed":0,"gold_gain":0,"cards_transformed":["Defend_B","Strike_B"],"player_choice":"Became Test Subject","damage_taken":0,"max_hp_gain":0,"max_hp_loss":0,"event_name":"Drug Dealer","floor":24,"gold_loss":0,"cards_obtained":["Reprogram","Force Field"]},{"damage_healed":0,"gold_gain":0,"player_choice":"Memory 1","damage_taken":0,"max_hp_gain":0,"max_hp_loss":0,"event_name":"SensoryStone","floor":37,"gold_loss":0},{"damage_healed":0,"gold_gain":0,"player_choice":"Max HP","damage_taken":0,"max_hp_gain":0,"max_hp_loss":4,"event_name":"Winding Halls","floor":41,"gold_loss":0},{"cards_removed":["Hologram"],"damage_healed":0,"gold_gain":0,"player_choice":"Removed Skill","damage_taken":0,"max_hp_gain":0,"max_hp_loss":0,"event_name":"Falling","floor":45,"gold_loss":0}],"is_beta":false,"boss_relics":[{"not_picked":["Coffee Dripper","Snecko Eye"],"picked":"Sozu"},{"not_picked":["Velvet Choker","Pandora\u0027s Box"],"picked":"Busted Crown"}],"items_purged_floors":[],"is_endless":false,"potions_floor_spawned":[1,7,8,10,29,30,31,33,36,44],"ascension_level":7}