{"gold_per_floor":[114,114,124,139,18,47,62,80,104,104,134,134,153,173,173,173],"floor_reached":16,"playtime":1334,"items_purged":[],"score":182,"play_id":"8a68ce77-145c-47a6-91f4-1ea04f12d633","local_time":"20190504141452","is_ascension_mode":true,"campfire_choices":[{"floor":10,"key":"REST"},{"floor":12,"key":"REST"},{"data":"After Image","floor":15,"key":"SMITH"}],"neow_cost":"NONE","seed_source_timestamp":5187633361780305,"circlet_count":0,"master_deck":["AscendersBane","Defend_G","Defend_G","Defend_G","Defend_G","Defend_G","Strike_G","Strike_G","Strike_G","Strike_G","Strike_G","Survivor","Neutralize+1","Dagger Spray","Crippling Poison","Blur","PiercingWail","After Image+1","Backflip","Dagger Throw","Noxious Fumes","Underhanded Strike","Bane","Malaise","Terror"],"relics":["Ring of the Snake","Dream Catcher","Omamori","Ancient Tea Set","Vajra"],"potions_floor_usage":[6,6,11,13,14,16],"damage_taken":[{"damage":0,"enemies":"2 Louse","floor":1,"turns":4},{"damage":0,"enemies":"Cultist","floor":3,"turns":3},{"damage":8,"enemies":"Small Slimes","floor":4,"turns":3},{"damage":46,"enemies":"Gremlin Nob","floor":6,"turns":7},{"damage":13,"enemies":"Exordium Wildlife","floor":7,"turns":10},{"damage":4,"enemies":"Blue Slaver","floor":8,"turns":5},{"damage":15,"enemies":"Lagavulin","floor":11,"turns":9},{"damage":9,"enemies":"Exordium Thugs","floor":13,"turns":4},{"damage":1,"enemies":"Looter","floor":14,"turns":4},{"damage":19,"enemies":"The Guardian","floor":16,"turns":8}],"seed_played":"-7299811490235336622","potions_obtained":[{"floor":1,"key":"GamblersBrew"},{"floor":4,"key":"Block Potion"},{"floor":7,"key":"LiquidBronze"},{"floor":11,"key":"AttackPotion"},{"floor":13,"key":"Energy Potion"},{"floor":14,"key":"FearPotion"}],"is_trial":false,"path_per_floor":["M","?","M","M","$","E","M","M","T","R","E","R","M","M","R","B"],"character_chosen":"THE_SILENT","items_purchased":["PiercingWail","Regen Potion"],"campfire_rested":2,"item_purchase_floors":[5,5],"current_hp_per_floor":[63,63,63,55,55,24,11,7,7,28,13,34,25,24,24,5],"gold":173,"neow_bonus":"UPGRADE_CARD","is_prod":false,"is_daily":false,"chose_seed":false,"campfire_upgraded":1,"win_rate":0,"timestamp":1556993692,"path_taken":["M","?","?","M","$","E","M","M","T","R","E","R","M","M","R","BOSS"],"build_version":"2019-01-23","purchased_purges":0,"victory":false,"max_hp_per_floor":[70,70,70,70,70,70,70,70,70,70,70,70,70,70,70,70],"card_choices":[{"not_picked":["Skewer","Flechettes"],"picked":"Dagger Spray","floor":1},{"not_picked":["Dodge and Roll","Flying Knee"],"picked":"Crippling Poison","floor":3},{"not_picked":["Underhanded Strike","Slice"],"picked":"Blur","floor":4},{"not_picked":["Outmaneuver","Heel Hook"],"picked":"After Image","floor":6},{"not_picked":["Backstab","Endless Agony"],"picked":"Backflip","floor":7},{"not_picked":["Outmaneuver","Crippling Poison"],"picked":"Dagger Throw","floor":8},{"not_picked":["Caltrops","Endless Agony"],"picked":"Noxious Fumes","floor":10},{"not_picked":["Sucker Punch","Deadly Poison"],"picked":"Underhanded Strike","floor":11},{"not_picked":["Bouncing Flask","Masterful Stab"],"picked":"Bane","floor":12},{"not_picked":["Crippling Poison","Predator"],"picked":"Malaise","floor":13},{"not_picked":["Dagger Throw","Slice"],"picked":"Terror","floor":14}],"player_experience":301879,"relics_obtained":[{"floor":6,"key":"Omamori"},{"floor":9,"key":"Ancient Tea Set"},{"floor":11,"key":"Vajra"}],"event_choices":[{"damage_healed":0,"gold_gain":0,"player_choice":"Gave Potion","damage_taken":0,"relics_obtained":["Dream Catcher"],"max_hp_gain":0,"max_hp_loss":0,"event_name":"WeMeetAgain","floor":2,"gold_loss":0}],"is_beta":false,"boss_relics":[],"items_purged_floors":[],"is_endless":false,"potions_floor_spawned":[1,4,7,11,13,14],"killed_by":"The Guardian","ascension_level":12}