{"gold_per_floor":[118,134,134,150,150,150,179,192,192,202,45,73,73,83,83,83],"floor_reached":16,"playtime":775,"items_purged":[],"score":207,"play_id":"6fc7069d-b94c-467a-a162-0957c825355d","local_time":"20190509191609","is_ascension_mode":true,"campfire_choices":[{"data":"Armaments","floor":6.0,"key":"SMITH"},{"floor":13,"key":"REST"},{"data":"Perfected Strike","floor":15,"key":"SMITH"}],"neow_cost":"NONE","seed_source_timestamp":436828609094611,"circlet_count":0,"master_deck":["AscendersBane","Strike_R","Strike_R","Strike_R","Strike_R","Defend_R","Defend_R","Defend_R","Defend_R","Bash","True Grit","Armaments+1","Perfected Strike","Perfected Strike+1","Wild Strike","Impervious","Combust","Evolve"],"special_seed":0,"relics":["Burning Blood","Lantern","Unceasing Top","Charon\u0027s Ashes","Singing Bowl"],"potions_floor_usage":[12],"damage_taken":[{"damage":0.0,"enemies":"Jaw Worm","floor":1.0,"turns":5.0},{"damage":8.0,"enemies":"2 Louse","floor":2.0,"turns":3.0},{"damage":13.0,"enemies":"Cultist","floor":4.0,"turns":6.0},{"damage":41.0,"enemies":"3 Sentries","floor":7.0,"turns":11.0},{"damage":10,"enemies":"Red Slaver","floor":8,"turns":4},{"damage":6,"enemies":"Lots of Slimes","floor":10,"turns":5},{"damage":17,"enemies":"Gremlin Nob","floor":12,"turns":4},{"damage":6,"enemies":"Looter","floor":14,"turns":3},{"damage":31,"enemies":"Hexaghost","floor":16,"turns":8}],"seed_played":"-1274317445770762334","potions_obtained":[{"floor":2.0,"key":"Ancient Potion"},{"floor":8,"key":"Ancient Potion"},{"floor":10,"key":"EssenceOfSteel"}],"is_trial":false,"path_per_floor":["M","M","?","M","?","R","E","M","T","M","$","E","R","M","R","B"],"character_chosen":"IRONCLAD","items_purchased":["Impervious"],"campfire_rested":1,"item_purchase_floors":[11],"current_hp_per_floor":[74,72,65,58,58,58,23,19,19,19,19,8,30,30,30,0],"gold":83,"neow_bonus":"RANDOM_COMMON_RELIC","is_prod":false,"is_daily":false,"chose_seed":false,"campfire_upgraded":2,"win_rate":0,"timestamp":1557443769,"path_taken":["M","M","?","M","?","R","E","M","T","M","$","E","R","M","R","BOSS"],"build_version":"2019-01-23","purchased_purges":0,"victory":false,"max_hp_per_floor":[75,75,75,75,75,75,75,75,75,75,75,75,75,75,75,75],"card_choices":[{"not_picked":["Iron Wave","Thunderclap"],"picked":"True Grit","floor":1.0},{"not_picked":["Cleave","Combust"],"picked":"Armaments","floor":2.0},{"not_picked":["Body Slam","Heavy Blade"],"picked":"Perfected Strike","floor":4.0},{"not_picked":["Thunderclap","Clash","Flex"],"picked":"SKIP","floor":7.0},{"not_picked":["Heavy Blade","True Grit"],"picked":"Perfected Strike","floor":8},{"not_picked":["Heavy Blade","Flex"],"picked":"Wild Strike","floor":10},{"not_picked":["Offering","Twin Strike"],"picked":"Combust","floor":12},{"not_picked":["Wild Strike","Seeing Red"],"picked":"Evolve","floor":14}],"player_experience":473549,"relics_obtained":[{"floor":7.0,"key":"Unceasing Top"},{"floor":9,"key":"Charon\u0027s Ashes"},{"floor":12,"key":"Singing Bowl"}],"event_choices":[{"cards_removed":["Strike_R"],"damage_healed":0.0,"max_hp_gain":0.0,"max_hp_loss":0.0,"gold_gain":0.0,"event_name":"Golden Wing","player_choice":"Card Removal","floor":3.0,"gold_loss":0.0,"damage_taken":7.0},{"damage_healed":0.0,"max_hp_gain":0.0,"max_hp_loss":0.0,"gold_gain":0.0,"event_name":"Liars Game","player_choice":"Ignored","floor":5.0,"gold_loss":0.0,"damage_taken":0.0}],"is_beta":false,"boss_relics":[],"items_purged_floors":[],"is_endless":false,"potions_floor_spawned":[2,8,10],"killed_by":"Hexaghost","ascension_level":17}