{"gold_per_floor":[210,230,300,300,147,147,174,3,3,3,33,33,68,81,81,81],"floor_reached":16,"playtime":1075,"items_purged":["Defend_G","Defend_G"],"score":168,"play_id":"27559dd3-a820-4c77-950f-269be984f3c4","local_time":"20190502145046","is_ascension_mode":true,"campfire_choices":[{"floor":6,"key":"REST"},{"data":"Survivor","floor":12,"key":"SMITH"},{"data":"Caltrops","floor":15,"key":"SMITH"}],"neow_cost":"NONE","seed_source_timestamp":5017244839124614,"circlet_count":0,"master_deck":["Defend_G","Defend_G+1","Defend_G","Strike_G","Strike_G","Strike_G","Strike_G","Strike_G","Survivor+1","Neutralize","Cloak And Dagger","Backstab+1","Dash","Cloak And Dagger","Caltrops+1","Backflip","Dodge and Roll"],"relics":["Ring of the Snake","Matryoshka","Regal Pillow","Bottled Lightning","Frozen Egg 2","Centennial Puzzle"],"potions_floor_usage":[11,11,16],"damage_taken":[{"damage":9,"enemies":"Jaw Worm","floor":1,"turns":6},{"damage":6,"enemies":"2 Louse","floor":2,"turns":4},{"damage":7,"enemies":"3 Sentries","floor":7,"turns":9},{"damage":13,"enemies":"Gremlin Nob","floor":11,"turns":3},{"damage":13,"enemies":"3 Sentries","floor":13,"turns":9},{"damage":0,"enemies":"Cultist","floor":14,"turns":3},{"damage":48,"enemies":"Slime Boss","floor":16,"turns":10}],"seed_played":"2592921299275052277","potions_obtained":[{"floor":2,"key":"Energy Potion"},{"floor":7,"key":"Fire Potion"},{"floor":11,"key":"Weak Potion"}],"is_trial":false,"path_per_floor":["M","M","?","?","$","R","E","$","T","?","E","R","E","M","R","B"],"character_chosen":"THE_SILENT","items_purchased":["Dash","Caltrops"],"campfire_rested":1,"item_purchase_floors":[5,8],"current_hp_per_floor":[54,48,48,34,34,55,48,48,48,70,57,57,44,44,44,0],"gold":81,"neow_bonus":"HUNDRED_GOLD","is_prod":false,"is_daily":false,"chose_seed":false,"campfire_upgraded":2,"win_rate":0,"timestamp":1556823046,"path_taken":["M","M","?","?","?","R","E","$","T","?","E","R","E","M","R","BOSS"],"build_version":"2019-01-23","purchased_purges":2,"victory":false,"max_hp_per_floor":[70,70,70,70,70,70,70,70,70,70,70,70,70,70,70,70],"card_choices":[{"not_picked":["Poisoned Stab","Bane"],"picked":"Cloak And Dagger","floor":1},{"not_picked":["Bane","Dagger Throw"],"picked":"Backstab","floor":2},{"not_picked":["Wraith Form v2","Quick Slash"],"picked":"Cloak And Dagger","floor":7},{"not_picked":["Poisoned Stab","Acrobatics"],"picked":"Backflip","floor":11},{"not_picked":["Predator","Outmaneuver","Slice"],"picked":"SKIP","floor":13},{"not_picked":["Prepared","Bouncing Flask"],"picked":"Dodge and Roll","floor":14}],"player_experience":226329,"relics_obtained":[{"floor":7,"key":"Matryoshka"},{"floor":9,"key":"Regal Pillow"},{"floor":9,"key":"Bottled Lightning"},{"floor":11,"key":"Frozen Egg 2"},{"floor":13,"key":"Centennial Puzzle"}],"event_choices":[{"damage_healed":0,"gold_gain":70,"player_choice":"Gained Gold","damage_taken":0,"max_hp_gain":0,"max_hp_loss":0,"event_name":"Golden Wing","floor":3,"gold_loss":0},{"damage_healed":0,"gold_gain":0,"player_choice":"Entered Light","damage_taken":14,"max_hp_gain":0,"max_hp_loss":0,"event_name":"Shining Light","floor":4,"gold_loss":0,"cards_upgraded":["Defend_G","Backstab"]},{"damage_healed":22,"gold_gain":0,"player_choice":"Full Heal","damage_taken":0,"max_hp_gain":0,"max_hp_loss":0,"event_name":"Wheel of Change","floor":10,"gold_loss":0}],"is_beta":false,"boss_relics":[],"items_purged_floors":[5,8],"is_endless":false,"potions_floor_spawned":[2,7,11],"killed_by":"Slime Boss","ascension_level":9}