{"gold_per_floor":[117,132,132,132,151,151,182,182,209,219,248,248,23,23,23,94,94,112,112,129,129,129,163,163,188,237,237,49,49,75,85,85,156,156,174,174,189,199,27,27,57,57,80,80,94,121,133,158,158,158,158,158,39,70,70],"floor_reached":56,"playtime":3765,"items_purged":["Strike_R","Bludgeon"],"score":2086,"play_id":"7dc9a610-c9af-4d64-8ecb-80092c23113a","local_time":"20190522102043","is_ascension_mode":true,"campfire_choices":[{"data":"Anger","floor":6,"key":"SMITH"},{"data":"Disarm","floor":15,"key":"SMITH"},{"data":"Combust","floor":24,"key":"SMITH"},{"data":"Rupture","floor":27,"key":"SMITH"},{"data":"Limit Break","floor":32,"key":"SMITH"},{"data":"True Grit","floor":40,"key":"SMITH"},{"data":"Feel No Pain","floor":42,"key":"SMITH"},{"floor":44,"key":"RECALL"},{"data":"Dark Embrace","floor":49,"key":"SMITH"},{"data":"Corruption","floor":52,"key":"SMITH"}],"neow_cost":"NONE","seed_source_timestamp":204322030141974,"circlet_count":0,"master_deck":["AscendersBane","Strike_R+1","Strike_R+1","Defend_R+1","Defend_R+1","Defend_R+1","Defend_R+1","Bash+1","Combust+1","Flame Barrier+1","Anger+1","Inflame","Disarm+1","Exhume","Disarm","Spot Weakness","Headbutt","Sword Boomerang","Armaments+1","Dark Embrace+1","Reaper","Limit Break+1","Battle Trance","Rupture+1","Feel No Pain+1","True Grit+1","Heavy Blade","Exhume","Shrug It Off+1","Disarm","Corruption+1","Battle Trance+1","Feel No Pain","Limit Break"],"relics":["Burning Blood","Letter Opener","Orichalcum","War Paint","Ancient Tea Set","Orrery","Centennial Puzzle","Bird Faced Urn","Potion Belt","Bag of Preparation","Strawberry","Velvet Choker","Regal Pillow","Blood Vial","Juzu Bracelet","Omamori","Anchor"],"potions_floor_usage":[7,16,55,55,55],"damage_taken":[{"damage":6,"enemies":"Cultist","floor":1,"turns":3},{"damage":2,"enemies":"Jaw Worm","floor":2,"turns":3},{"damage":0,"enemies":"2 Louse","floor":5,"turns":3},{"damage":34,"enemies":"Gremlin Nob","floor":7,"turns":4},{"damage":7,"enemies":"Blue Slaver","floor":10,"turns":3},{"damage":12,"enemies":"3 Sentries","floor":11,"turns":6},{"damage":0,"enemies":"Hexaghost","floor":16,"turns":7},{"damage":13,"enemies":"Chosen","floor":18,"turns":7},{"damage":15,"enemies":"3 Byrds","floor":20,"turns":6},{"damage":39,"enemies":"Colosseum Slavers","floor":21,"turns":47},{"damage":30,"enemies":"Gremlin Leader","floor":23,"turns":8},{"damage":53,"enemies":"Slavers","floor":25,"turns":28},{"damage":7,"enemies":"Gremlin Leader","floor":30,"turns":7},{"damage":15,"enemies":"Snake Plant","floor":31,"turns":9},{"damage":86,"enemies":"Collector","floor":33,"turns":7},{"damage":0,"enemies":"3 Shapes","floor":35,"turns":8},{"damage":11,"enemies":"3 Darklings","floor":37,"turns":8},{"damage":18,"enemies":"Maw","floor":38,"turns":11},{"damage":35,"enemies":"Nemesis","floor":41,"turns":7},{"damage":37,"enemies":"Transient","floor":45,"turns":5},{"damage":27,"enemies":"Reptomancer","floor":46,"turns":6},{"damage":49,"enemies":"3 Darklings","floor":47,"turns":6},{"damage":30,"enemies":"Nemesis","floor":48,"turns":11},{"damage":18,"enemies":"Time Eater","floor":50,"turns":11},{"damage":72,"enemies":"Shield and Spear","floor":54,"turns":8},{"damage":59,"enemies":"The Heart","floor":55,"turns":8}],"seed_played":"-6244096039044528495","potions_obtained":[{"floor":1,"key":"Poison Potion"},{"floor":2,"key":"PowerPotion"},{"floor":7,"key":"SteroidPotion"},{"floor":16,"key":"Strength Potion"},{"floor":31,"key":"PowerPotion"},{"floor":35,"key":"Swift Potion"},{"floor":41,"key":"GamblersBrew"}],"is_trial":false,"path_per_floor":["M","M","?","?","M","R","E","T","T","M","E","?","$","?","R","B",null,"M","?","M","?","?","E","R","E","T","R","$","?","E","M","R","B",null,"M","?","M","M","$","R","E","R","T","R","M","E","M","E","R","B",null,"R","$","E","B",null],"character_chosen":"IRONCLAD","items_purchased":["Inflame","Disarm","Feel No Pain","Bag of Preparation","Ancient Potion","Feel No Pain","SpeedPotion"],"campfire_rested":0,"item_purchase_floors":[13,13,28,28,39,53,53],"current_hp_per_floor":[68,72,77,53,59,59,31,31,31,30,24,24,24,24,24,30,68,61,61,73,80,80,80,80,63,63,63,63,63,87,87,87,65,82,87,87,87,87,87,87,87,87,87,87,76,87,87,69,69,87,87,87,87,82,70],"gold":70,"neow_bonus":"UPGRADE_CARD","is_prod":false,"is_daily":false,"chose_seed":false,"campfire_upgraded":9,"win_rate":0,"timestamp":1558534843,"path_taken":["M","?","?","?","M","R","E","?","T","M","E","?","?","?","R","BOSS","M","?","M","?","?","E","R","E","T","R","$","?","E","?","R","BOSS","M","?","?","M","$","R","E","R","T","R","M","E","M","E","R","BOSS","R","$","E","BOSS"],"build_version":"2019-01-23","purchased_purges":2,"victory":true,"max_hp_per_floor":[75,75,80,80,80,80,80,80,80,80,80,80,80,80,80,80,80,80,80,80,80,80,80,80,80,80,80,80,80,87,87,87,87,87,87,87,87,87,87,87,87,87,87,87,87,87,87,87,87,87,87,87,87,87,87],"card_choices":[{"not_picked":["Spot Weakness","Shockwave"],"picked":"Combust","floor":1},{"not_picked":["Second Wind","Rage"],"picked":"Flame Barrier","floor":2},{"not_picked":["Rage","Hemokinesis"],"picked":"Anger","floor":5},{"not_picked":["Thunderclap","Iron Wave"],"picked":"Bludgeon","floor":7},{"not_picked":["Rupture","Reckless Charge","Perfected Strike"],"picked":"SKIP","floor":10},{"not_picked":["Searing Blow","Iron Wave","Headbutt"],"picked":"SKIP","floor":11},{"not_picked":["Fiend Fire","Bludgeon"],"picked":"Exhume","floor":16},{"not_picked":["Warcry","Shrug It Off"],"picked":"Disarm","floor":17},{"not_picked":["Carnage","Sword Boomerang"],"picked":"Spot Weakness","floor":17},{"not_picked":["Rage","Rupture"],"picked":"Headbutt","floor":17},{"not_picked":["Pommel Strike","Flex"],"picked":"Sword Boomerang","floor":17},{"not_picked":["True Grit","Wild Strike"],"picked":"Armaments+1","floor":18},{"not_picked":["Sword Boomerang","Searing Blow","Ghostly Armor"],"picked":"SKIP","floor":20},{"not_picked":["Flame Barrier","Immolate"],"picked":"Battle Trance","floor":23},{"not_picked":["Clash","Clothesline"],"picked":"Rupture","floor":25},{"not_picked":["Warcry","Fire Breathing+1"],"picked":"True Grit","floor":30},{"not_picked":["Armaments","Dual Wield"],"picked":"Heavy Blade","floor":31},{"not_picked":["Double Tap","Fiend Fire"],"picked":"Exhume","floor":33},{"not_picked":["Pommel Strike","Intimidate"],"picked":"Shrug It Off+1","floor":35},{"not_picked":["Armaments","Havoc+1","Warcry"],"picked":"SKIP","floor":37},{"not_picked":["Reckless Charge","Uppercut","Heavy Blade"],"picked":"SKIP","floor":38},{"not_picked":["Clothesline+1","Fire Breathing","Dark Embrace"],"picked":"SKIP","floor":41},{"not_picked":["Flame Barrier","Clash"],"picked":"Disarm","floor":45},{"not_picked":["Cleave","Offering"],"picked":"Corruption","floor":46},{"not_picked":["Dual Wield","Twin Strike","Cleave"],"picked":"SKIP","floor":47},{"not_picked":["Wild Strike","Clothesline+1"],"picked":"Battle Trance+1","floor":48},{"not_picked":["Twin Strike","Shrug It Off+1"],"picked":"Limit Break","floor":54}],"player_experience":1277433,"relics_obtained":[{"floor":7,"key":"Letter Opener"},{"floor":8,"key":"Orichalcum"},{"floor":9,"key":"War Paint"},{"floor":11,"key":"Ancient Tea Set"},{"floor":23,"key":"Centennial Puzzle"},{"floor":25,"key":"Bird Faced Urn"},{"floor":26,"key":"Potion Belt"},{"floor":30,"key":"Strawberry"},{"floor":36,"key":"Regal Pillow"},{"floor":41,"key":"Blood Vial"},{"floor":46,"key":"Juzu Bracelet"},{"floor":48,"key":"Omamori"},{"floor":54,"key":"Anchor"}],"event_choices":[{"damage_healed":0,"gold_gain":0,"player_choice":"Donut","damage_taken":0,"max_hp_gain":5,"max_hp_loss":0,"event_name":"Big Fish","floor":3,"gold_loss":0},{"damage_healed":0,"gold_gain":0,"player_choice":"Entered Light","damage_taken":24,"max_hp_gain":0,"max_hp_loss":0,"event_name":"Shining Light","floor":4,"gold_loss":0,"cards_upgraded":["Defend_R","Strike_R"]},{"damage_healed":0,"gold_gain":0,"player_choice":"Searched \u00270\u0027 times","damage_taken":0,"max_hp_gain":0,"max_hp_loss":0,"event_name":"Dead Adventurer","floor":12,"gold_loss":0},{"damage_healed":0,"gold_gain":0,"player_choice":"Leave","damage_taken":0,"max_hp_gain":0,"max_hp_loss":0,"event_name":"The Cleric","floor":14,"gold_loss":0},{"damage_healed":0,"gold_gain":0,"cards_transformed":["Strike_R","Strike_R"],"player_choice":"Became Test Subject","damage_taken":0,"max_hp_gain":0,"max_hp_loss":0,"event_name":"Drug Dealer","floor":19,"gold_loss":0,"cards_obtained":["Dark Embrace","Reaper"]},{"damage_healed":0,"gold_gain":0,"player_choice":"Fight","damage_taken":0,"max_hp_gain":0,"max_hp_loss":0,"event_name":"Colosseum","floor":21,"gold_loss":0},{"damage_healed":0,"gold_gain":0,"player_choice":"Fled From Nobs","damage_taken":0,"max_hp_gain":0,"max_hp_loss":0,"event_name":"Colosseum","floor":21,"gold_loss":0},{"damage_healed":0,"gold_gain":0,"player_choice":"Read","damage_taken":0,"max_hp_gain":0,"max_hp_loss":0,"event_name":"The Library","floor":22,"gold_loss":0,"cards_obtained":["Limit Break"]},{"damage_healed":0,"gold_gain":0,"player_choice":"Simplicity","damage_taken":0,"max_hp_gain":0,"max_hp_loss":0,"event_name":"Back to Basics","floor":29,"gold_loss":0,"cards_upgraded":["Strike_R","Defend_R","Defend_R"]},{"damage_healed":0,"gold_gain":0,"player_choice":"Relic","damage_taken":0,"max_hp_gain":0,"max_hp_loss":0,"event_name":"Wheel of Change","floor":36,"gold_loss":0}],"is_beta":false,"boss_relics":[{"not_picked":["Eternal Feather","Pandora\u0027s Box"],"picked":"Orrery"},{"not_picked":["Runic Dome","Black Star"],"picked":"Velvet Choker"}],"items_purged_floors":[13,39],"is_endless":false,"potions_floor_spawned":[1,2,7,10,16,20,21,23,31,35,38,41,46,54],"ascension_level":15}