{"gold_per_floor":[111,261,336,43,54,54,79,79,129,129,161,180,0,35,35,107,107,124,140,154,154,154,182,182,140,140,140,140],"floor_reached":28,"playtime":1270,"items_purged":["Doubt","Strike_B"],"score":554,"play_id":"0b0ba1a7-f4e9-4e75-be21-85904f3c1392","local_time":"20190525201546","is_ascension_mode":true,"campfire_choices":[{"data":"Loop","floor":6.0,"key":"SMITH"},{"data":"Cold Snap","floor":8.0,"key":"SMITH"},{"floor":10.0,"key":"REST"},{"data":"Loop","floor":15.0,"key":"SMITH"},{"floor":24.0,"key":"REST"},{"data":"Capacitor","floor":27.0,"key":"SMITH"}],"neow_cost":"NONE","seed_source_timestamp":441049609996860,"circlet_count":0,"master_deck":["AscendersBane","Strike_B+1","Strike_B+1","Strike_B+1","Defend_B+1","Defend_B+1","Defend_B+1","Defend_B+1","Zap","Dualcast","Loop+1","Cold Snap+1","Ball Lightning","Self Repair","Loop+1","Multi-Cast","Genetic Algorithm","Electrodynamics","Capacitor+1"],"special_seed":0,"relics":["Velvet Choker","Bag of Preparation","DataDisk","Bag of Marbles","Sundial","Lantern","Sozu","Molten Egg 2","Darkstone Periapt"],"potions_floor_usage":[],"damage_taken":[{"damage":4.0,"enemies":"Jaw Worm","floor":1.0,"turns":4.0},{"damage":0.0,"enemies":"Small Slimes","floor":5.0,"turns":3.0},{"damage":15.0,"enemies":"3 Sentries","floor":7.0,"turns":7.0},{"damage":21.0,"enemies":"Lagavulin","floor":11.0,"turns":5.0},{"damage":0.0,"enemies":"2 Louse","floor":12.0,"turns":2.0},{"damage":11.0,"enemies":"3 Sentries","floor":14.0,"turns":9.0},{"damage":12.0,"enemies":"Hexaghost","floor":16.0,"turns":8.0},{"damage":25.0,"enemies":"Shell Parasite","floor":18.0,"turns":4.0},{"damage":20.0,"enemies":"2 Thieves","floor":19.0,"turns":3.0},{"damage":18.0,"enemies":"Centurion and Healer","floor":20.0,"turns":10.0},{"damage":0.0,"enemies":"Gremlin Leader","floor":23.0,"turns":5.0},{"damage":46,"enemies":"Book of Stabbing","floor":28,"turns":6}],"seed_played":"-3483489694519906679","potions_obtained":[{"floor":1.0,"key":"Block Potion"},{"floor":7.0,"key":"PowerPotion"},{"floor":12.0,"key":"PowerPotion"},{"floor":14.0,"key":"AttackPotion"}],"is_trial":false,"path_per_floor":["M","?","?","$","M","R","E","R","T","R","E","M","$","E","R","B",null,"M","M","M","?","?","E","R","$","T","R","E"],"character_chosen":"DEFECT","items_purchased":["Bag of Preparation","Cold Snap","Loop","Capacitor"],"campfire_rested":2,"item_purchase_floors":[4,4,13,25],"current_hp_per_floor":[60,60,49,49,49,49,34,34,34,55,34,34,34,30,30,25,60,42,29,18,18,18,25,46,46,46,46,0],"gold":140,"neow_bonus":"BOSS_RELIC","is_prod":false,"is_daily":false,"chose_seed":false,"campfire_upgraded":4,"win_rate":0,"timestamp":1558829746,"path_taken":["M","?","?","$","M","R","E","R","T","R","E","M","$","E","R","BOSS","M","M","M","?","?","E","R","?","T","R","E"],"build_version":"2019-01-23","purchased_purges":2,"victory":false,"max_hp_per_floor":[71,71,71,71,71,71,71,71,71,71,71,71,71,71,71,71,71,71,71,71,71,71,71,71,71,71,71,71],"card_choices":[{"not_picked":["Reprogram","Gash"],"picked":"Loop","floor":1.0},{"not_picked":["Recycle","Redo"],"picked":"Ball Lightning","floor":5.0},{"not_picked":["White Noise","Skim","Melter"],"picked":"SKIP","floor":7.0},{"not_picked":["BootSequence","Hello World","Steam"],"picked":"SKIP","floor":11.0},{"not_picked":["Hologram","Gash"],"picked":"Self Repair","floor":12.0},{"not_picked":["Hologram","Cold Snap","Tempest"],"picked":"SKIP","floor":14.0},{"not_picked":["All For One","Fission"],"picked":"Multi-Cast","floor":16.0},{"not_picked":["Conserve Battery","Aggregate+1","Auto Shields"],"picked":"SKIP","floor":18.0},{"not_picked":["Go for the Eyes","Gash"],"picked":"Genetic Algorithm","floor":19.0},{"not_picked":["Go for the Eyes","Turbo"],"picked":"Electrodynamics","floor":20.0},{"not_picked":["Redo","Tempest","Hologram"],"picked":"SKIP","floor":23.0}],"player_experience":810097,"relics_obtained":[{"floor":7.0,"key":"DataDisk"},{"floor":9.0,"key":"Bag of Marbles"},{"floor":11.0,"key":"Sundial"},{"floor":14.0,"key":"Lantern"},{"floor":23.0,"key":"Molten Egg 2"},{"floor":26.0,"key":"Darkstone Periapt"}],"event_choices":[{"damage_healed":0.0,"max_hp_gain":0.0,"max_hp_loss":0.0,"gold_gain":150.0,"event_name":"Liars Game","player_choice":"AGREE","floor":2.0,"gold_loss":0.0,"damage_taken":0.0,"cards_obtained":["Doubt"]},{"damage_healed":0.0,"max_hp_gain":0.0,"max_hp_loss":0.0,"gold_gain":75.0,"event_name":"World of Goop","player_choice":"Gather Gold","floor":3.0,"gold_loss":0.0,"damage_taken":11.0},{"damage_healed":0.0,"max_hp_gain":0.0,"max_hp_loss":0.0,"gold_gain":0.0,"event_name":"Back to Basics","player_choice":"Simplicity","floor":21.0,"gold_loss":0.0,"damage_taken":0.0,"cards_upgraded":["Strike_B","Strike_B","Strike_B","Defend_B","Defend_B","Defend_B","Defend_B"]},{"damage_healed":0.0,"max_hp_gain":0.0,"max_hp_loss":0.0,"gold_gain":0.0,"event_name":"Beggar","player_choice":"Ignored","floor":22.0,"gold_loss":0.0,"damage_taken":0.0}],"is_beta":false,"boss_relics":[{"not_picked":["Philosopher\u0027s Stone","Ectoplasm"],"picked":"Sozu"}],"items_purged_floors":[4,13],"is_endless":false,"potions_floor_spawned":[1,7,12,14,18],"killed_by":"Book of Stabbing","ascension_level":20}