{"gold_per_floor":[110,110,110,62,73,73,108,108,108,125,125,158,169,200,200,301,301,315,315,315,81,97,124,124,152,175,175,202,220,238,254,254,357,357,369,369,469,483,496,527,357,372,426,461,461,16,42,60,60,60],"floor_reached":51,"playtime":4452,"items_purged":["Strike_B","Strike_B","Defend_B"],"score":1006,"play_id":"86ff55c7-9b4e-4059-8a84-50208264cfee","local_time":"20190426000833","is_ascension_mode":true,"campfire_choices":[{"data":"Conserve Battery","floor":6,"key":"SMITH"},{"data":"Echo Form","floor":8,"key":"SMITH"},{"data":"White Noise","floor":11,"key":"SMITH"},{"floor":15,"key":"REST"},{"data":"Machine Learning","floor":24,"key":"SMITH"},{"data":"Buffer","floor":27,"key":"SMITH"},{"data":"Loop","floor":32,"key":"SMITH"},{"data":"Apotheosis","floor":49,"key":"SMITH"}],"neow_cost":"NONE","seed_source_timestamp":4442527452524679,"circlet_count":0,"master_deck":["Strike_B","Defend_B+1","Zap","Dualcast+1","Conserve Battery+1","Echo Form+1","White Noise+1","Ball Lightning","Conserve Battery+1","Machine Learning","Buffer+1","Storm","Electrodynamics","FTL","RitualDagger","Creative AI","Loop+1","Machine Learning+1","Cold Snap","Go for the Eyes+1","Conserve Battery","Glacier","All For One","Stack+1","Loop","Coolheaded+1","Apotheosis+1","Cold Snap"],"relics":["Cracked Core","Strawberry","Du-Vu Doll","Mummified Hand","Bottled Lightning","Bird Faced Urn","Nuclear Battery","Centennial Puzzle","Lantern","War Paint","Meat on the Bone","Busted Crown","FossilizedHelix","Juzu Bracelet","Dream Catcher","Oddly Smooth Stone","Boot","Smiling Mask"],"potions_floor_usage":[7,12,16,23,33,50,50,50],"damage_taken":[{"damage":1,"enemies":"2 Louse","floor":1,"turns":2},{"damage":2,"enemies":"Small Slimes","floor":5,"turns":4},{"damage":5,"enemies":"Lagavulin","floor":7,"turns":5},{"damage":0,"enemies":"Jaw Worm","floor":10,"turns":4},{"damage":22,"enemies":"3 Sentries","floor":12,"turns":6},{"damage":0,"enemies":"Large Slime","floor":13,"turns":4},{"damage":20,"enemies":"Lagavulin","floor":14,"turns":6},{"damage":26,"enemies":"Slime Boss","floor":16,"turns":7},{"damage":11,"enemies":"Shell Parasite","floor":18,"turns":7},{"damage":0,"enemies":"Spheric Guardian","floor":22,"turns":3},{"damage":27,"enemies":"Slavers","floor":23,"turns":3},{"damage":21,"enemies":"Book of Stabbing","floor":25,"turns":4},{"damage":21,"enemies":"Slavers","floor":28,"turns":2},{"damage":0,"enemies":"Cultist and Chosen","floor":29,"turns":3},{"damage":18,"enemies":"Snake Plant","floor":30,"turns":4},{"damage":0,"enemies":"Centurion and Healer","floor":31,"turns":2},{"damage":8,"enemies":"Collector","floor":33,"turns":7},{"damage":0,"enemies":"Orb Walker","floor":35,"turns":4},{"damage":13,"enemies":"Mind Bloom Boss Battle","floor":37,"turns":5},{"damage":13,"enemies":"3 Shapes","floor":38,"turns":3},{"damage":0,"enemies":"Writhing Mass","floor":39,"turns":5},{"damage":0,"enemies":"Nemesis","floor":40,"turns":8},{"damage":0,"enemies":"Sphere and 2 Shapes","floor":42,"turns":3},{"damage":0,"enemies":"Reptomancer","floor":44,"turns":5},{"damage":0,"enemies":"Giant Head","floor":47,"turns":8},{"damage":12,"enemies":"3 Darklings","floor":48,"turns":2},{"damage":7,"enemies":"Time Eater","floor":50,"turns":8}],"seed_played":"-6298664110492861533","potions_obtained":[{"floor":1,"key":"Fire Potion"},{"floor":7,"key":"SpeedPotion"},{"floor":14,"key":"Swift Potion"},{"floor":18,"key":"Regen Potion"},{"floor":22,"key":"Regen Potion"},{"floor":30,"key":"Dexterity Potion"},{"floor":38,"key":"Block Potion"},{"floor":39,"key":"Explosive Potion"},{"floor":40,"key":"AttackPotion"}],"is_trial":false,"path_per_floor":["M","?","?","$","M","R","E","R","T","M","R","E","M","E","R","B",null,"M","?","?","$","M","E","R","E","T","R","E","M","M","M","R","B",null,"M","?","?","M","M","E","$","M","T","E","?","$","E","M","R","B",null],"character_chosen":"DEFECT","items_purchased":["Conserve Battery","Creative AI","Loop","Apotheosis","Boot"],"campfire_rested":1,"item_purchase_floors":[4,21,41,46,46],"current_hp_per_floor":[81,65,69,69,67,67,62,62,62,62,62,40,40,20,46,26,89,84,84,78,78,89,75,75,74,74,74,67,83,79,89,89,89,89,89,89,89,89,89,89,89,89,89,89,89,89,89,77,77,89],"gold":60,"neow_bonus":"TEN_PERCENT_HP_BONUS","is_prod":false,"is_daily":false,"chose_seed":false,"campfire_upgraded":7,"win_rate":0,"timestamp":1556251713,"path_taken":["M","?","?","$","M","R","E","R","T","M","R","E","M","E","R","BOSS","M","?","?","$","M","E","R","E","T","R","E","M","M","M","R","BOSS","M","?","?","M","M","E","?","M","T","E","?","$","E","M","R","BOSS"],"build_version":"2019-01-23","purchased_purges":3,"victory":true,"max_hp_per_floor":[82,82,89,89,89,89,89,89,89,89,89,89,89,89,89,89,89,89,89,89,89,89,89,89,89,89,89,89,89,89,89,89,89,89,89,89,89,89,89,89,89,89,89,89,89,89,89,89,89,89],"card_choices":[{"not_picked":["Tempest","Hello World","Streamline"],"picked":"SKIP","floor":1},{"not_picked":["Melter","Stack","Beam Cell"],"picked":"SKIP","floor":5},{"not_picked":["Capacitor","Steam"],"picked":"Echo Form","floor":7},{"not_picked":["Conserve Battery","Coolheaded"],"picked":"White Noise","floor":10},{"not_picked":["Turbo","Rainbow"],"picked":"Ball Lightning","floor":12},{"not_picked":["Hologram","Skim"],"picked":"Conserve Battery","floor":13},{"not_picked":["Darkness","Beam Cell"],"picked":"Machine Learning","floor":14},{"not_picked":["Amplify","Reboot"],"picked":"Buffer","floor":16},{"not_picked":["Redo","Gash"],"picked":"Storm","floor":18},{"not_picked":["Steam Power","Compile Driver+1"],"picked":"Loop","floor":22},{"not_picked":["Aggregate","Steam Power+1"],"picked":"Machine Learning","floor":23},{"not_picked":["Sunder","Hologram"],"picked":"Cold Snap","floor":25},{"not_picked":["Sweeping Beam","Doom and Gloom"],"picked":"Go for the Eyes+1","floor":28},{"not_picked":["Scrape","Beam Cell","Double Energy"],"picked":"SKIP","floor":29},{"not_picked":["Genetic Algorithm+1","Rainbow"],"picked":"Conserve Battery","floor":30},{"not_picked":["Barrage+1","Stack"],"picked":"Glacier","floor":31},{"not_picked":["Rainbow","Hyperbeam"],"picked":"All For One","floor":33},{"not_picked":["Ball Lightning"],"picked":"SKIP","floor":35},{"not_picked":[],"picked":"Stack+1","floor":37},{"not_picked":["Double Energy"],"picked":"SKIP","floor":38},{"not_picked":["Hello World+1"],"picked":"SKIP","floor":39},{"not_picked":["Turbo"],"picked":"SKIP","floor":40},{"not_picked":[],"picked":"Coolheaded+1","floor":42},{"not_picked":["Steam"],"picked":"SKIP","floor":44},{"not_picked":[],"picked":"Cold Snap","floor":47},{"not_picked":["Stack"],"picked":"SKIP","floor":48}],"player_experience":155037,"relics_obtained":[{"floor":7,"key":"Du-Vu Doll"},{"floor":9,"key":"Mummified Hand"},{"floor":12,"key":"Bottled Lightning"},{"floor":14,"key":"Bird Faced Urn"},{"floor":23,"key":"Centennial Puzzle"},{"floor":25,"key":"Lantern"},{"floor":26,"key":"War Paint"},{"floor":28,"key":"Meat on the Bone"},{"floor":37,"key":"FossilizedHelix"},{"floor":40,"key":"Juzu Bracelet"},{"floor":43,"key":"Dream Catcher"},{"floor":44,"key":"Oddly Smooth Stone"},{"floor":47,"key":"Smiling Mask"}],"event_choices":[{"damage_healed":0,"gold_gain":0,"player_choice":"Entered Light","damage_taken":16,"max_hp_gain":0,"max_hp_loss":0,"event_name":"Shining Light","floor":2,"gold_loss":0,"cards_upgraded":["Strike_B","Defend_B"]},{"damage_healed":0,"gold_gain":0,"player_choice":"Success","damage_taken":3,"relics_obtained":["Strawberry"],"max_hp_gain":0,"max_hp_loss":0,"event_name":"Scrap Ooze","floor":3,"gold_loss":0},{"damage_healed":0,"gold_gain":0,"cards_transformed":["Defend_B","Strike_B"],"player_choice":"Became Test Subject","damage_taken":0,"max_hp_gain":0,"max_hp_loss":0,"event_name":"Drug Dealer","floor":19,"gold_loss":0,"cards_obtained":["Electrodynamics","FTL"]},{"damage_healed":0,"gold_gain":0,"player_choice":"Joined the Cult","damage_taken":6,"max_hp_gain":0,"max_hp_loss":0,"event_name":"Nest","floor":20,"gold_loss":0,"cards_obtained":["RitualDagger"]},{"cards_removed":["Defend_B"],"damage_healed":0,"gold_gain":0,"player_choice":"Removed Skill","damage_taken":0,"max_hp_gain":0,"max_hp_loss":0,"event_name":"Falling","floor":36,"gold_loss":0},{"damage_healed":0,"gold_gain":0,"player_choice":"Fight","damage_taken":0,"max_hp_gain":0,"max_hp_loss":0,"event_name":"MindBloom","floor":37,"gold_loss":0},{"damage_healed":0,"gold_gain":0,"player_choice":"Bought 0 Potions","damage_taken":0,"max_hp_gain":0,"max_hp_loss":0,"event_name":"The Woman in Blue","floor":45,"gold_loss":0}],"is_beta":false,"boss_relics":[{"not_picked":["Runic Dome","Orrery"],"picked":"Nuclear Battery"},{"not_picked":["Coffee Dripper","Lizard Tail"],"picked":"Busted Crown"}],"items_purged_floors":[21,41,46],"is_endless":false,"potions_floor_spawned":[1,7,14,18,22,30,38,39,40,47],"ascension_level":4}