{"gold_per_floor":[109,126,142,159,42,59,59,59,59,78,78,95,129,34,34,134,134,149,161,161,180,193,193,212,229,229,229,246,246,41,41,41,41],"floor_reached":33,"playtime":4060,"items_purged":[],"score":389,"play_id":"f4f14b7d-56be-414d-a713-0b12d0445dc2","local_time":"20181027035340","is_ascension_mode":true,"campfire_choices":[{"data":"Noxious Fumes","floor":8,"key":"SMITH"},{"floor":11,"key":"REST"},{"data":"Backflip","floor":15,"key":"SMITH"},{"floor":23,"key":"REST"},{"floor":27,"key":"REST"},{"floor":29,"key":"REST"},{"floor":32,"key":"REST"}],"neow_cost":"PERCENT_DAMAGE","seed_source_timestamp":93610222667929,"circlet_count":0,"master_deck":["Defend_G","Defend_G","Defend_G","Defend_G","Defend_G","Strike_G","Strike_G","Strike_G","Strike_G","Strike_G","Survivor","Neutralize","Flying Knee","Poisoned Stab","Noxious Fumes+1","Adrenaline","Cloak And Dagger","Footwork","Quick Slash","All Out Attack","Dash","Backflip+1","Backstab","Dodge and Roll","Burst","Deadly Poison","Backflip","Acrobatics+1","Outmaneuver","Deflect+1","Distraction+1","Finisher+1","Deadly Poison","Cloak And Dagger","Deadly Poison"],"relics":["Ring of the Snake","Incense Burner","Nunchaku","Question Card","White Beast Statue","Centennial Puzzle","Dream Catcher"],"potions_floor_usage":[16,19,22,28,28,33,33],"damage_taken":[{"damage":1,"enemies":"Cultist","floor":1,"turns":3},{"damage":0,"enemies":"Jaw Worm","floor":2,"turns":4},{"damage":2,"enemies":"2 Louse","floor":3,"turns":3},{"damage":0,"enemies":"Red Slaver","floor":4,"turns":4},{"damage":9,"enemies":"3 Louse","floor":6,"turns":3},{"damage":1,"enemies":"Large Slime","floor":10,"turns":5},{"damage":1,"enemies":"Blue Slaver","floor":12,"turns":3},{"damage":6,"enemies":"3 Sentries","floor":13,"turns":7},{"damage":0,"enemies":"The Guardian","floor":16,"turns":10},{"damage":9,"enemies":"Shell Parasite","floor":18,"turns":8},{"damage":15,"enemies":"2 Thieves","floor":19,"turns":4},{"damage":15,"enemies":"Centurion and Healer","floor":21,"turns":9},{"damage":14,"enemies":"3 Cultists","floor":22,"turns":6},{"damage":13,"enemies":"Snake Plant","floor":24,"turns":5},{"damage":6,"enemies":"Shelled Parasite and Fungi","floor":25,"turns":9},{"damage":18,"enemies":"Chosen and Byrds","floor":28,"turns":8},{"damage":69,"enemies":"Champ","floor":33,"turns":12}],"seed_played":"-3445041897924514374","potions_obtained":[{"floor":4,"key":"Strength Potion"},{"floor":6,"key":"Block Potion"},{"floor":12,"key":"Weak Potion"},{"floor":16,"key":"Fire Potion"},{"floor":19,"key":"Strength Potion"},{"floor":22,"key":"SpeedPotion"},{"floor":24,"key":"Block Potion"},{"floor":25,"key":"Poison Potion"},{"floor":28,"key":"Swift Potion"}],"is_trial":false,"path_per_floor":["M","M","M","M","$","M","?","R","T","M","R","M","E","$","R","B",null,"M","M","?","M","M","R","M","M","T","R","M","R","$","?","R"],"character_chosen":"THE_SILENT","items_purchased":["Adrenaline","Cloak And Dagger","Backstab","Dodge and Roll","Dream Catcher","Deadly Poison"],"campfire_rested":5,"item_purchase_floors":[5,5,14,14,30,30],"current_hp_per_floor":[48,48,46,46,46,37,37,37,37,36,57,56,50,50,50,50,70,61,46,33,18,4,26,13,7,7,29,11,33,33,33,55,0],"gold":41,"neow_bonus":"ONE_RARE_RELIC","is_prod":false,"is_daily":false,"chose_seed":false,"campfire_upgraded":2,"win_rate":0,"timestamp":1540626820,"path_taken":["M","M","M","M","$","?","?","R","T","M","R","M","E","$","R","BOSS","M","M","?","M","M","R","M","M","T","R","M","R","$","?","R","BOSS"],"build_version":"2018-10-25v2","purchased_purges":0,"victory":false,"max_hp_per_floor":[70,70,70,70,70,70,70,70,70,70,70,70,70,70,70,70,70,70,70,75,75,75,75,75,75,75,75,75,75,75,75,75,75],"card_choices":[{"not_picked":["Blade Dance","Concentrate"],"picked":"Flying Knee","floor":1},{"not_picked":["PiercingWail","Sucker Punch"],"picked":"Poisoned Stab","floor":2},{"not_picked":["Accuracy","Underhanded Strike"],"picked":"Predator","floor":3},{"not_picked":["Poisoned Stab","Dodge and Roll"],"picked":"Noxious Fumes","floor":4},{"not_picked":["Slice","Outmaneuver"],"picked":"Footwork","floor":6},{"not_picked":["Blade Dance","Adrenaline"],"picked":"All Out Attack","floor":10},{"not_picked":["Reflex","Slice"],"picked":"Dash","floor":12},{"not_picked":["Concentrate","Quick Slash"],"picked":"Backflip","floor":13},{"not_picked":["Tools of the Trade","Unload","Envenom"],"picked":"Burst","floor":16},{"not_picked":["Terror","Calculated Gamble","Cloak And Dagger"],"picked":"Deadly Poison","floor":18},{"not_picked":["Slice","Bane","Reflex"],"picked":"Backflip","floor":19},{"not_picked":["Slice","Expertise","Prepared+1"],"picked":"Acrobatics+1","floor":21},{"not_picked":["Prepared+1","Acrobatics+1","Choke"],"picked":"Outmaneuver","floor":22},{"not_picked":["Sucker Punch","Masterful Stab","Flying Knee"],"picked":"Deflect+1","floor":24},{"not_picked":["Flying Knee","Leg Sweep","Concentrate"],"picked":"Distraction+1","floor":25},{"not_picked":["Dash","Masterful Stab","Sucker Punch"],"picked":"Finisher+1","floor":28},{"not_picked":["Blade Dance","Concentrate+1","Poisoned Stab+1"],"picked":"Deadly Poison","floor":32}],"player_experience":132923,"relics_obtained":[{"floor":9,"key":"Nunchaku"},{"floor":13,"key":"Question Card"},{"floor":26,"key":"Centennial Puzzle"}],"event_choices":[{"damage_healed":0,"gold_gain":0,"cards_transformed":["Predator"],"player_choice":"Transformed","damage_taken":0,"max_hp_gain":0,"max_hp_loss":0,"event_name":"Transmorgrifier","floor":7,"gold_loss":0,"cards_obtained":["Quick Slash"]},{"damage_healed":0,"gold_gain":0,"player_choice":"Shed Blood","damage_taken":18,"max_hp_gain":5,"max_hp_loss":0,"event_name":"Forgotten Altar","floor":20,"gold_loss":0},{"damage_healed":0,"gold_gain":0,"player_choice":"1 cards matched","damage_taken":0,"max_hp_gain":0,"max_hp_loss":0,"event_name":"Match and Keep!","floor":31,"gold_loss":0,"cards_obtained":["Cloak And Dagger"]}],"is_beta":false,"boss_relics":[{"not_picked":["Coffee Dripper","Eternal Feather"],"picked":"White Beast Statue"}],"items_purged_floors":[],"is_endless":false,"potions_floor_spawned":[4,6,12,16,18,19,21,22,24,25,28],"killed_by":"Champ","ascension_level":4}