{"gold_per_floor":[109,120,136,149,70,70,82,111,111,111],"floor_reached":10,"playtime":665,"items_purged":[],"score":137,"play_id":"d4f09689-2042-4ad5-9615-867368ade162","local_time":"20190510012554","is_ascension_mode":true,"campfire_choices":[{"data":"Bash","floor":6,"key":"SMITH"}],"neow_cost":"NONE","seed_source_timestamp":459130810970444,"circlet_count":0,"master_deck":["AscendersBane","Strike_R","Strike_R","Strike_R","Strike_R","Defend_R","Defend_R","Defend_R","Defend_R","Bash+1","Sword Boomerang","Twin Strike","Flame Barrier","Whirlwind","Armaments"],"relics":["Burning Blood","Unceasing Top","Champion Belt"],"potions_floor_usage":[4,8],"damage_taken":[{"damage":3,"enemies":"Cultist","floor":1,"turns":5},{"damage":6,"enemies":"Jaw Worm","floor":2,"turns":4},{"damage":15,"enemies":"Small Slimes","floor":3,"turns":3},{"damage":12,"enemies":"Exordium Thugs","floor":4,"turns":5},{"damage":19,"enemies":"Blue Slaver","floor":7,"turns":5},{"damage":35,"enemies":"3 Sentries","floor":8,"turns":5},{"damage":32,"enemies":"Large Slime","floor":10,"turns":5}],"seed_played":"1826320211519444971","potions_obtained":[{"floor":3,"key":"Fire Potion"},{"floor":7,"key":"Regen Potion"}],"is_trial":false,"path_per_floor":["M","M","M","M","$","R","M","E","T","M"],"character_chosen":"IRONCLAD","items_purchased":["Whirlwind"],"campfire_rested":0,"item_purchase_floors":[5],"current_hp_per_floor":[71,71,62,56,56,56,43,28,28,0],"gold":111,"neow_bonus":"REMOVE_CARD","is_prod":false,"is_daily":false,"chose_seed":false,"campfire_upgraded":1,"win_rate":0,"timestamp":1557465954,"path_taken":["M","M","M","M","$","R","M","E","T","M"],"build_version":"2019-01-23","purchased_purges":0,"victory":false,"max_hp_per_floor":[75,75,75,75,75,75,75,75,75,75],"card_choices":[{"not_picked":["Pummel","Body Slam"],"picked":"Sword Boomerang","floor":1},{"not_picked":["Pummel","Warcry"],"picked":"Twin Strike","floor":2},{"not_picked":["Blood for Blood","Flex"],"picked":"Flame Barrier","floor":3},{"not_picked":["Sword Boomerang","Sever Soul","Thunderclap"],"picked":"SKIP","floor":4},{"not_picked":["Fire Breathing","Barricade","Cleave"],"picked":"SKIP","floor":7},{"not_picked":["Intimidate","Sentinel"],"picked":"Armaments","floor":8}],"player_experience":491069,"relics_obtained":[{"floor":8,"key":"Unceasing Top"},{"floor":9,"key":"Champion Belt"}],"event_choices":[],"is_beta":false,"boss_relics":[],"items_purged_floors":[],"is_endless":false,"potions_floor_spawned":[3,7],"killed_by":"Large Slime","ascension_level":19}