{"gold_per_floor":[212,231,231,231,243,243,271,271,271,271,271,284,309,321,321,417,417,434,453,453,237,337,368,368,379,379,379,394,411,443,455,455,553,553,567,567,582,597,117,148,148,174,197,244,268,122,141,156,156,156,156,156,66,97,97],"floor_reached":55,"playtime":3363,"items_purged":["Defend_B","Strike_B"],"score":971,"play_id":"95e4f21d-4451-4513-95af-2315488eff6a","local_time":"20190527141713","is_ascension_mode":true,"campfire_choices":[{"data":"Dualcast","floor":6,"key":"SMITH"},{"floor":8,"key":"REST"},{"floor":10,"key":"RECALL"},{"floor":15,"key":"REST"},{"floor":24,"key":"REST"},{"floor":32,"key":"REST"},{"floor":41,"key":"REST"},{"floor":49,"key":"REST"},{"data":"Reboot","floor":52,"key":"SMITH"}],"neow_cost":"NONE","seed_source_timestamp":456155280752228,"circlet_count":0,"master_deck":["Strike_B","Strike_B+1","Strike_B","Defend_B","Defend_B","Defend_B","Zap+1","Dualcast+1","Cold Snap","Glacier","Leap+1","Melter","Ball Lightning","Compile Driver","Reboot+1","Go for the Eyes+1","Genetic Algorithm+1","RitualDagger","Electrodynamics","Genetic Algorithm","Echo Form","Cold Snap","Hologram+1","Leap+1","Rainbow+1","Creative AI","Doom and Gloom","FTL+1","Chaos+1","White Noise+1","Chill+1","Leap+1","Dark Shackles+1","Coolheaded+1"],"relics":["Cracked Core","Orichalcum","Darkstone Periapt","Omamori","Sozu","Bird Faced Urn","Mercury Hourglass","Toxic Egg 2","Happy Flower","Regal Pillow","Nuclear Battery","The Courier","HandDrill","Incense Burner","Calipers","Cables","MawBank","Bag of Marbles","OrangePellets","Pocketwatch"],"potions_floor_usage":[7,55],"damage_taken":[{"damage":1,"enemies":"Cultist","floor":1,"turns":3},{"damage":5,"enemies":"Small Slimes","floor":2,"turns":3},{"damage":0,"enemies":"2 Louse","floor":5,"turns":2},{"damage":8,"enemies":"3 Sentries","floor":7,"turns":8},{"damage":2,"enemies":"Exordium Thugs","floor":12,"turns":4},{"damage":21,"enemies":"Gremlin Nob","floor":13,"turns":4},{"damage":15,"enemies":"Gremlin Gang","floor":14,"turns":5},{"damage":9,"enemies":"The Guardian","floor":16,"turns":12},{"damage":0,"enemies":"Shell Parasite","floor":18,"turns":3},{"damage":0,"enemies":"Spheric Guardian","floor":19,"turns":3},{"damage":19,"enemies":"Colosseum Slavers","floor":22,"turns":2},{"damage":6,"enemies":"Colosseum Nobs","floor":22,"turns":3},{"damage":0,"enemies":"Gremlin Leader","floor":23,"turns":6},{"damage":15,"enemies":"Snake Plant","floor":25,"turns":4},{"damage":6,"enemies":"Snecko","floor":28,"turns":3},{"damage":0,"enemies":"Chosen and Byrds","floor":29,"turns":4},{"damage":9,"enemies":"Book of Stabbing","floor":30,"turns":5},{"damage":16,"enemies":"Snake Plant","floor":31,"turns":3},{"damage":68,"enemies":"Automaton","floor":33,"turns":9},{"damage":0,"enemies":"Orb Walker","floor":35,"turns":3},{"damage":1,"enemies":"3 Shapes","floor":37,"turns":4},{"damage":10,"enemies":"Spire Growth","floor":38,"turns":5},{"damage":28,"enemies":"Nemesis","floor":40,"turns":7},{"damage":31,"enemies":"Giant Head","floor":42,"turns":9},{"damage":6,"enemies":"Nemesis","floor":44,"turns":7},{"damage":10,"enemies":"Writhing Mass","floor":45,"turns":4},{"damage":0,"enemies":"Jaw Worm Horde","floor":47,"turns":4},{"damage":1,"enemies":"4 Shapes","floor":48,"turns":3},{"damage":37,"enemies":"Time Eater","floor":50,"turns":11},{"damage":33,"enemies":"Shield and Spear","floor":54,"turns":7},{"damage":94,"enemies":"The Heart","floor":55,"turns":11}],"seed_played":"-8557540941842666706","potions_obtained":[{"floor":2,"key":"SteroidPotion"},{"floor":5,"key":"Energy Potion"},{"floor":14,"key":"FairyPotion"}],"is_trial":false,"path_per_floor":["M","M","?","?","M","R","E","R","T","R","?","M","E","M","R","B",null,"M","M","?","$","?","E","R","M","T","?","M","M","E","M","R","B",null,"M","?","M","M","$","E","R","E","T","E","M","$","M","M","R","B",null,"R","$","E","B"],"character_chosen":"DEFECT","items_purchased":["Electrodynamics","HandDrill","Incense Burner","OrangePellets","Dark Shackles+1","Coolheaded+1"],"campfire_rested":6,"item_purchase_floors":[21,39,39,46,53,53],"current_hp_per_floor":[74,69,54,59,59,59,51,75,75,75,75,73,52,37,61,52,80,80,80,74,74,49,51,75,62,62,62,58,60,53,37,76,10,80,80,80,80,70,70,52,80,61,61,55,51,51,57,62,80,69,80,80,80,53,0],"gold":97,"neow_bonus":"HUNDRED_GOLD","is_prod":false,"is_daily":false,"chose_seed":false,"campfire_upgraded":2,"win_rate":0,"timestamp":1558984633,"path_taken":["M","?","?","?","M","R","E","R","T","R","?","M","E","?","R","BOSS","M","?","?","$","?","E","R","M","T","?","M","M","E","M","R","BOSS","M","?","M","M","$","E","R","E","T","E","M","$","?","M","R","BOSS","R","$","E","BOSS"],"build_version":"2019-01-23","purchased_purges":2,"victory":false,"max_hp_per_floor":[75,75,75,80,80,80,80,80,80,80,80,80,80,80,80,80,80,80,80,80,80,80,80,80,80,80,80,80,80,80,80,80,80,80,80,80,80,80,80,80,80,80,80,80,80,80,80,80,80,80,80,80,80,80,80],"card_choices":[{"not_picked":["Aggregate","Compile Driver"],"picked":"Cold Snap","floor":1},{"not_picked":["Beam Cell","Heatsinks"],"picked":"Glacier","floor":2},{"not_picked":["Stack","Gash"],"picked":"Leap","floor":5},{"not_picked":["Loop","Steam"],"picked":"Melter","floor":7},{"not_picked":["Rip and Tear","Streamline"],"picked":"Ball Lightning","floor":12},{"not_picked":["Recycle","Streamline"],"picked":"Compile Driver","floor":14},{"not_picked":["Multi-Cast","Thunder Strike"],"picked":"Reboot","floor":16},{"not_picked":["Blizzard","Sunder"],"picked":"Go for the Eyes+1","floor":18},{"not_picked":["Gash","Lockon+1"],"picked":"Genetic Algorithm+1","floor":19},{"not_picked":["Chill","Hologram"],"picked":"Genetic Algorithm","floor":22},{"not_picked":["Aggregate","Coolheaded"],"picked":"Echo Form","floor":23},{"not_picked":["Barrage","Steam+1"],"picked":"Cold Snap","floor":25},{"not_picked":["Tempest+1","Redo+1"],"picked":"Hologram+1","floor":28},{"not_picked":["Go for the Eyes","Capacitor+1"],"picked":"Leap+1","floor":29},{"not_picked":["Compile Driver","Coolheaded+1"],"picked":"Rainbow+1","floor":30},{"not_picked":["Redo+1","Reprogram+1"],"picked":"Sunder","floor":31},{"not_picked":["Hyperbeam","Amplify+1"],"picked":"Creative AI","floor":33},{"not_picked":["Stack+1","Force Field+1","Heatsinks"],"picked":"SKIP","floor":35},{"not_picked":["Steam+1","Beam Cell","Aggregate+1"],"picked":"SKIP","floor":37},{"not_picked":["Capacitor+1","Beam Cell"],"picked":"Doom and Gloom","floor":38},{"not_picked":["Steam+1","Rainbow+1"],"picked":"FTL+1","floor":40},{"not_picked":["Recycle+1","Reinforced Body+1"],"picked":"Chaos+1","floor":42},{"not_picked":["Beam Cell+1","Turbo+1"],"picked":"White Noise+1","floor":44},{"not_picked":["Recycle+1","Barrage"],"picked":"Chill+1","floor":45},{"not_picked":["Steam+1","Double Energy+1","Aggregate+1"],"picked":"SKIP","floor":47},{"not_picked":["Stack+1","Skim+1"],"picked":"Leap+1","floor":48},{"not_picked":["Aggregate+1","Cold Snap+1","Multi-Cast+1"],"picked":"SKIP","floor":54}],"player_experience":39167,"relics_obtained":[{"floor":7,"key":"Orichalcum"},{"floor":9,"key":"Darkstone Periapt"},{"floor":13,"key":"Omamori"},{"floor":22,"key":"Bird Faced Urn"},{"floor":22,"key":"Mercury Hourglass"},{"floor":23,"key":"Toxic Egg 2"},{"floor":30,"key":"Regal Pillow"},{"floor":40,"key":"Calipers"},{"floor":42,"key":"Cables"},{"floor":43,"key":"MawBank"},{"floor":44,"key":"Bag of Marbles"},{"floor":54,"key":"Pocketwatch"}],"event_choices":[{"damage_healed":0,"gold_gain":0,"player_choice":"Entered Light","damage_taken":15,"max_hp_gain":0,"max_hp_loss":0,"event_name":"Shining Light","floor":3,"gold_loss":0,"cards_upgraded":["Strike_B","Zap"]},{"damage_healed":0,"gold_gain":0,"player_choice":"Donut","damage_taken":0,"max_hp_gain":5,"max_hp_loss":0,"event_name":"Big Fish","floor":4,"gold_loss":0},{"damage_healed":0,"gold_gain":0,"player_choice":"Upgraded","damage_taken":0,"max_hp_gain":0,"max_hp_loss":0,"event_name":"Upgrade Shrine","floor":11,"gold_loss":0,"cards_upgraded":["Leap"]},{"damage_healed":0,"gold_gain":0,"player_choice":"Joined the Cult","damage_taken":6,"max_hp_gain":0,"max_hp_loss":0,"event_name":"Nest","floor":20,"gold_loss":0,"cards_obtained":["RitualDagger"]},{"damage_healed":0,"gold_gain":0,"player_choice":"Fight","damage_taken":0,"max_hp_gain":0,"max_hp_loss":0,"event_name":"Colosseum","floor":22,"gold_loss":0},{"damage_healed":0,"gold_gain":0,"player_choice":"Fought Nobs","damage_taken":0,"max_hp_gain":0,"max_hp_loss":0,"event_name":"Colosseum","floor":22,"gold_loss":0},{"damage_healed":0,"gold_gain":0,"player_choice":"Opened","damage_taken":0,"relics_obtained":["Happy Flower"],"max_hp_gain":0,"max_hp_loss":0,"event_name":"The Mausoleum","floor":27,"gold_loss":0},{"cards_removed":["Sunder"],"damage_healed":0,"gold_gain":0,"player_choice":"Gave Card","damage_taken":0,"relics_obtained":["The Courier"],"max_hp_gain":0,"max_hp_loss":0,"event_name":"WeMeetAgain","floor":36,"gold_loss":0}],"is_beta":false,"boss_relics":[{"not_picked":["Empty Cage","Pandora\u0027s Box"],"picked":"Sozu"},{"not_picked":["Eternal Feather","Black Star"],"picked":"Nuclear Battery"}],"items_purged_floors":[21,39],"is_endless":false,"potions_floor_spawned":[2,5,14,18,19,23,28,30,35,40,47,48],"killed_by":"The Heart","ascension_level":4}