{"gold_per_floor":[17,33,43,60,72,72,103,117,141,158,190,190,190,225,225,225],"floor_reached":16,"playtime":773,"items_purged":[],"score":261,"play_id":"530a78c8-f494-44d5-9b38-753be79aa471","local_time":"20190509014442","is_ascension_mode":true,"campfire_choices":[{"data":"Armaments","floor":6,"key":"SMITH"},{"data":"Carnage","floor":13,"key":"SMITH"},{"data":"Bash","floor":15,"key":"SMITH"}],"neow_cost":"NO_GOLD","seed_source_timestamp":373759365152030,"circlet_count":0,"master_deck":["AscendersBane","Strike_R","Strike_R","Strike_R","Defend_R","Defend_R","Defend_R","Defend_R","Bash+1","Carnage+1","Ghostly Armor","Pummel","Headbutt","Armaments+1","Double Tap","Shrug It Off","Feel No Pain","Intimidate","Pain","Rampage"],"relics":["Burning Blood","Bottled Flame","Happy Flower","Meat on the Bone","WarpedTongs","Dream Catcher"],"potions_floor_usage":[7,10,14,14],"damage_taken":[{"damage":1,"enemies":"Cultist","floor":1,"turns":3},{"damage":14,"enemies":"Jaw Worm","floor":2,"turns":3},{"damage":2,"enemies":"2 Louse","floor":3,"turns":3},{"damage":0,"enemies":"2 Fungi Beasts","floor":4,"turns":4},{"damage":9,"enemies":"Blue Slaver","floor":5,"turns":4},{"damage":15,"enemies":"3 Sentries","floor":7,"turns":8},{"damage":11,"enemies":"Looter","floor":8,"turns":2},{"damage":11,"enemies":"Exordium Thugs","floor":10,"turns":3},{"damage":27,"enemies":"Lagavulin","floor":11,"turns":5},{"damage":0,"enemies":"Gremlin Nob","floor":14,"turns":1},{"damage":46,"enemies":"Hexaghost","floor":16,"turns":9}],"seed_played":"8060581549339339115","potions_obtained":[{"floor":1,"key":"BloodPotion"},{"floor":5,"key":"Energy Potion"},{"floor":7,"key":"Strength Potion"},{"floor":11,"key":"FearPotion"}],"is_trial":false,"path_per_floor":["M","M","M","M","M","R","E","M","T","M","E","?","R","E","R","B"],"character_chosen":"IRONCLAD","items_purchased":[],"campfire_rested":0,"item_purchase_floors":[],"current_hp_per_floor":[73,65,69,75,72,72,63,58,58,60,39,39,39,45,45,0],"gold":225,"neow_bonus":"REMOVE_TWO","is_prod":false,"is_daily":false,"chose_seed":false,"campfire_upgraded":3,"win_rate":0,"timestamp":1557380682,"path_taken":["M","M","M","M","?","R","E","M","T","M","E","?","R","E","R","BOSS"],"build_version":"2019-01-23","purchased_purges":0,"victory":false,"max_hp_per_floor":[75,75,75,75,75,75,75,75,75,75,75,75,75,75,75,75],"card_choices":[{"not_picked":["Power Through","Armaments"],"picked":"Carnage","floor":1},{"not_picked":["Second Wind","Bloodletting"],"picked":"Ghostly Armor","floor":2},{"not_picked":["Warcry","Sword Boomerang"],"picked":"Pummel","floor":3},{"not_picked":["Intimidate","Rupture"],"picked":"Headbutt","floor":4},{"not_picked":["Dropkick","Burning Pact"],"picked":"Armaments","floor":5},{"not_picked":["Clash","Blood for Blood"],"picked":"Double Tap","floor":7},{"not_picked":["Heavy Blade","True Grit"],"picked":"Shrug It Off","floor":8},{"not_picked":["Armaments","Wild Strike"],"picked":"Feel No Pain","floor":10},{"not_picked":["Dual Wield","Rupture"],"picked":"Intimidate","floor":11},{"not_picked":["Body Slam","Berserk"],"picked":"Rampage","floor":14}],"player_experience":447731,"relics_obtained":[{"floor":7,"key":"Bottled Flame"},{"floor":9,"key":"Happy Flower"},{"floor":11,"key":"Meat on the Bone"},{"floor":14,"key":"Dream Catcher"}],"event_choices":[{"damage_healed":0,"gold_gain":0,"player_choice":"Rummage","damage_taken":0,"relics_obtained":["WarpedTongs"],"max_hp_gain":0,"max_hp_loss":0,"event_name":"Accursed Blacksmith","floor":12,"gold_loss":0,"cards_obtained":["Pain"]}],"is_beta":false,"boss_relics":[],"items_purged_floors":[],"is_endless":false,"potions_floor_spawned":[1,5,7,11],"killed_by":"Hexaghost","ascension_level":15}