{"gold_per_floor":[113,133,133,133,154,154,154,154,154,188,188,27,41,54,54,152,152,171,144,162,180,180,180,224,224,224,247,247,265,265],"floor_reached":30,"playtime":1607,"items_purged":[],"score":504,"play_id":"23e297ef-cfa9-41a6-a8d3-14ad3a2363eb","local_time":"20190525195313","is_ascension_mode":true,"campfire_choices":[{"data":"Cold Snap","floor":6.0,"key":"SMITH"},{"data":"Zap","floor":8.0,"key":"SMITH"},{"data":"Coolheaded","floor":11.0,"key":"SMITH"},{"data":"Blizzard","floor":15.0,"key":"SMITH"},{"data":"Loop","floor":23.0,"key":"SMITH"},{"data":"Loop","floor":25.0,"key":"SMITH"},{"data":"Coolheaded","floor":28.0,"key":"SMITH"}],"neow_cost":"NONE","seed_source_timestamp":439256897344507,"circlet_count":0,"master_deck":["AscendersBane","Strike_B","Strike_B","Strike_B","Defend_B","Defend_B","Defend_B","Defend_B","Zap+1","Dualcast","Cold Snap+1","Glacier","Coolheaded+1","Self Repair","Blizzard+1","Loop+1","Loop+1","Biased Cognition","Compile Driver","Coolheaded+1","Undo","Rainbow","Blizzard"],"special_seed":0,"relics":["Velvet Choker","Golden Idol","Lantern","Shuriken","Philosopher\u0027s Stone","Torii","Vajra"],"potions_floor_usage":[30],"damage_taken":[{"damage":3.0,"enemies":"2 Louse","floor":1.0,"turns":4.0},{"damage":5.0,"enemies":"Small Slimes","floor":2.0,"turns":5.0},{"damage":0.0,"enemies":"Cultist","floor":5.0,"turns":4.0},{"damage":5.0,"enemies":"Lagavulin","floor":10.0,"turns":8.0},{"damage":0.0,"enemies":"Blue Slaver","floor":13.0,"turns":3.0},{"damage":9.0,"enemies":"Red Slaver","floor":14.0,"turns":4.0},{"damage":15.0,"enemies":"The Guardian","floor":16.0,"turns":11.0},{"damage":0.0,"enemies":"Shell Parasite","floor":18.0,"turns":6.0},{"damage":2.0,"enemies":"2 Thieves","floor":19.0,"turns":4.0},{"damage":18.0,"enemies":"Cultist and Chosen","floor":20.0,"turns":7.0},{"damage":2.0,"enemies":"Snecko","floor":21.0,"turns":9.0},{"damage":22.0,"enemies":"Gremlin Leader","floor":24.0,"turns":7.0},{"damage":1.0,"enemies":"Centurion and Healer","floor":27.0,"turns":6.0},{"damage":11.0,"enemies":"Sentry and Sphere","floor":29.0,"turns":4.0},{"damage":52,"enemies":"Slavers","floor":30,"turns":3}],"seed_played":"-4320450820140467130","potions_obtained":[{"floor":5.0,"key":"FearPotion"},{"floor":13.0,"key":"GamblersBrew"},{"floor":16.0,"key":"Strength Potion"},{"floor":18.0,"key":"Fire Potion"},{"floor":21.0,"key":"Fire Potion"},{"floor":24.0,"key":"FearPotion"},{"floor":27.0,"key":"Energy Potion"}],"is_trial":false,"path_per_floor":["M","M","?","?","M","R","?","R","T","E","R","$","M","M","R","B",null,"M","M","M","M","?","R","E","R","T","M","R","M","E"],"character_chosen":"DEFECT","items_purchased":["Self Repair","Blizzard"],"campfire_rested":0,"item_purchase_floors":[12,12],"current_hp_per_floor":[61,56,61,61,61,61,54,54,54,49,49,49,56,54,54,46,63,69,69,58,63,57,57,42,42,42,48,48,44,0],"gold":265,"neow_bonus":"BOSS_RELIC","is_prod":false,"is_daily":false,"chose_seed":false,"campfire_upgraded":7,"win_rate":0,"timestamp":1558828393,"path_taken":["M","M","?","?","M","R","?","R","T","E","R","$","M","M","R","BOSS","M","M","M","M","?","R","E","R","T","M","R","?","E"],"build_version":"2019-01-23","purchased_purges":0,"victory":false,"max_hp_per_floor":[71,71,76,69,69,69,69,69,69,69,69,69,69,69,69,69,69,69,69,69,69,69,69,69,69,69,69,69,69,69],"card_choices":[{"not_picked":["FTL","Stack"],"picked":"Cold Snap","floor":1.0},{"not_picked":["Force Field","Conserve Battery"],"picked":"Glacier","floor":2.0},{"not_picked":["Tempest","Conserve Battery","Skim"],"picked":"SKIP","floor":5.0},{"not_picked":["Tempest","Conserve Battery","Skim"],"picked":"SKIP","floor":5.0},{"not_picked":["Cold Snap","Thunder Strike"],"picked":"Coolheaded","floor":10.0},{"not_picked":["Stack","Rip and Tear"],"picked":"Loop","floor":13.0},{"not_picked":["Storm","Leap"],"picked":"Loop","floor":14.0},{"not_picked":["Machine Learning","Fission"],"picked":"Biased Cognition","floor":16.0},{"not_picked":["Chaos","Force Field"],"picked":"Compile Driver","floor":18.0},{"not_picked":["Turbo","Sunder"],"picked":"Coolheaded","floor":19.0},{"not_picked":["Aggregate","Rebound","Static Discharge"],"picked":"SKIP","floor":20.0},{"not_picked":["Melter","Beam Cell"],"picked":"Undo","floor":21.0},{"not_picked":["Barrage","Chaos"],"picked":"Rainbow","floor":24.0},{"not_picked":["Gash","Fusion","Tempest"],"picked":"SKIP","floor":27.0},{"not_picked":["Beam Cell","Go for the Eyes"],"picked":"Blizzard","floor":29.0}],"player_experience":808490,"relics_obtained":[{"floor":9.0,"key":"Lantern"},{"floor":10.0,"key":"Shuriken"},{"floor":24.0,"key":"Torii"},{"floor":26.0,"key":"Vajra"}],"event_choices":[{"damage_healed":0.0,"max_hp_gain":5.0,"max_hp_loss":0.0,"gold_gain":0.0,"event_name":"Big Fish","player_choice":"Donut","floor":3.0,"gold_loss":0.0,"damage_taken":0.0},{"damage_healed":0.0,"max_hp_gain":0.0,"max_hp_loss":7.0,"gold_gain":0.0,"event_name":"Golden Idol","player_choice":"Lose Max HP","floor":4.0,"gold_loss":0.0,"damage_taken":0.0,"relics_obtained":["Golden Idol"]},{"cards_removed":["Strike_B"],"damage_healed":0.0,"max_hp_gain":0.0,"max_hp_loss":0.0,"gold_gain":0.0,"event_name":"Golden Wing","player_choice":"Card Removal","floor":7.0,"gold_loss":0.0,"damage_taken":7.0},{"damage_healed":0.0,"max_hp_gain":0.0,"max_hp_loss":0.0,"gold_gain":0.0,"event_name":"Knowing Skull","player_choice":"","floor":22.0,"potions_obtained":[],"gold_loss":0.0,"damage_taken":6.0,"cards_obtained":[]}],"is_beta":false,"boss_relics":[{"not_picked":["Ectoplasm","Lizard Tail"],"picked":"Philosopher\u0027s Stone"}],"items_purged_floors":[],"is_endless":false,"potions_floor_spawned":[5,13,16,18,21,24,27],"killed_by":"Slavers","ascension_level":20}