{"gold_per_floor":[116,131,146,42,2,34,34,61,107,107,170,170,170,186,186,277,277,290,314,314,333,116,155,155,189,189,189,210,230,264,299,311,417,429,465,493,838,203,218,245,245,260,260,271,271,291,29,54,54,54,54],"floor_reached":52,"playtime":4248,"items_purged":["Pain","Pain","Strike_G"],"score":1989,"play_id":"6f26158c-5536-4a46-ba27-d132ded6b7a3","local_time":"20190506230120","is_ascension_mode":true,"campfire_choices":[{"data":"Neutralize","floor":7.0,"key":"SMITH"},{"floor":10.0,"key":"REST"},{"data":"Dagger Spray","floor":13.0,"key":"SMITH"},{"floor":15.0,"key":"REST"},{"data":"Adrenaline","floor":24.0,"key":"SMITH"},{"floor":27.0,"key":"REST"},{"data":"Footwork","floor":32.0,"key":"SMITH"},{"data":"Adrenaline","floor":41.0,"key":"SMITH"},{"floor":45.0,"key":"REST"},{"floor":49.0,"key":"REST"}],"neow_cost":"CURSE","seed_source_timestamp":187228071664561,"circlet_count":0,"master_deck":["AscendersBane","Defend_G","Defend_G+1","Defend_G","Defend_G","Defend_G","Strike_G","Strike_G","Survivor","Neutralize+1","Terror","Bane","PiercingWail","Dagger Spray+1","Venomology","Adrenaline+1","Poisoned Stab+1","Injury","Dagger Throw+1","Die Die Die+1","PiercingWail","Sucker Punch+1","Poisoned Stab+1","Glass Knife+1","Footwork+1","Dash+1","Backflip+1","Footwork+1","Footwork+1","Blur","Adrenaline+1","Backflip","Infinite Blades+1","Caltrops+1","Quick Slash+1","Dagger Throw+1","Die Die Die+1","Parasite","Accuracy+1","Dodge and Roll","Cloak And Dagger","Footwork+1","Dodge and Roll"],"special_seed":0,"relics":["Ring of the Snake","Du-Vu Doll","Molten Egg 2","Smiling Mask","Happy Flower","Oddly Smooth Stone","Empty Cage","WarpedTongs","Regal Pillow","Bag of Preparation","Frozen Egg 2","MawBank","Busted Crown","Pen Nib","Pear","War Paint","Sundial","Bronze Scales","Tingsha"],"potions_floor_usage":[51],"damage_taken":[{"damage":3.0,"enemies":"Small Slimes","floor":1.0,"turns":3.0},{"damage":1.0,"enemies":"2 Louse","floor":2.0,"turns":4.0},{"damage":10.0,"enemies":"Jaw Worm","floor":3.0,"turns":2.0},{"damage":19.0,"enemies":"Gremlin Nob","floor":6.0,"turns":4.0},{"damage":20.0,"enemies":"3 Sentries","floor":8.0,"turns":10.0},{"damage":19.0,"enemies":"3 Sentries","floor":11.0,"turns":8.0},{"damage":0.0,"enemies":"Red Slaver","floor":14.0,"turns":4.0},{"damage":43.0,"enemies":"Slime Boss","floor":16.0,"turns":9.0},{"damage":10.0,"enemies":"Spheric Guardian","floor":18.0,"turns":4.0},{"damage":0.0,"enemies":"3 Byrds","floor":19.0,"turns":4.0},{"damage":3.0,"enemies":"3 Cultists","floor":21.0,"turns":3.0},{"damage":9.0,"enemies":"Book of Stabbing","floor":23.0,"turns":4.0},{"damage":17.0,"enemies":"Slavers","floor":25.0,"turns":4.0},{"damage":1.0,"enemies":"Cultist and Chosen","floor":28.0,"turns":4.0},{"damage":0.0,"enemies":"Centurion and Healer","floor":29.0,"turns":3.0},{"damage":0.0,"enemies":"Gremlin Leader","floor":30.0,"turns":3.0},{"damage":3.0,"enemies":"Snake Plant","floor":31.0,"turns":2.0},{"damage":18.0,"enemies":"Automaton","floor":33.0,"turns":9.0},{"damage":0.0,"enemies":"Orb Walker","floor":35.0,"turns":2.0},{"damage":7.0,"enemies":"3 Shapes","floor":36.0,"turns":6.0},{"damage":4.0,"enemies":"Transient","floor":39.0,"turns":6.0},{"damage":23.0,"enemies":"Giant Head","floor":40.0,"turns":7.0},{"damage":1.0,"enemies":"Writhing Mass","floor":42.0,"turns":6.0},{"damage":25.0,"enemies":"3 Darklings","floor":44.0,"turns":3.0},{"damage":2.0,"enemies":"Sphere and 2 Shapes","floor":46.0,"turns":7.0},{"damage":10.0,"enemies":"Nemesis","floor":48.0,"turns":5.0},{"damage":30.0,"enemies":"Awakened One","floor":50.0,"turns":16.0},{"damage":2,"enemies":"Donu and Deca","floor":51,"turns":15}],"seed_played":"-7567206987758934940","potions_obtained":[{"floor":2.0,"key":"EssenceOfSteel"},{"floor":3.0,"key":"SpeedPotion"},{"floor":16.0,"key":"SkillPotion"},{"floor":21.0,"key":"Regen Potion"},{"floor":23.0,"key":"Energy Potion"},{"floor":25.0,"key":"PowerPotion"},{"floor":42.0,"key":"Energy Potion"}],"is_trial":false,"path_per_floor":["M","M","M","$","?","E","R","E","T","R","?","?","R","M","R","B",null,"M","M","?","M","$","E","R","E","T","R","M","M","E","M","R","B",null,"M","M","?","$","M","E","R","M","T","M","R","M","$","E","R","B","B",null],"character_chosen":"THE_SILENT","items_purchased":["Dagger Spray","Glass Knife+1","Pen Nib","Caltrops+1","Quick Slash+1","Pear","Dagger Throw+1","Footwork+1","Dodge and Roll","Bronze Scales"],"campfire_rested":5,"item_purchase_floors":[4,22,38,38,38,38,38,47,47,47],"current_hp_per_floor":[56,55,45,45,45,26,26,6,6,25,21,21,21,21,40,6,51,41,41,41,38,38,41,41,24,24,58,57,57,57,54,54,36,59,59,52,52,62,58,35,35,34,34,9,46,44,44,34,71,41,39],"gold":54,"neow_bonus":"ONE_RARE_RELIC","is_prod":false,"is_daily":false,"chose_seed":false,"campfire_upgraded":5,"win_rate":0,"timestamp":1557198080,"path_taken":["M","M","M","$","?","E","R","E","T","R","?","?","R","M","R","BOSS","M","M","?","?","$","E","R","E","T","R","M","M","E","M","R","BOSS","M","M","?","$","M","E","R","M","T","M","R","M","$","E","R","BOSS","BOSS"],"build_version":"2019-01-23","purchased_purges":3,"victory":true,"max_hp_per_floor":[66,66,66,66,66,66,66,66,66,66,66,66,66,66,66,66,66,66,66,66,66,66,66,66,66,66,66,66,66,66,66,66,66,66,66,66,66,76,76,76,76,76,76,76,76,76,76,76,76,76,76],"card_choices":[{"not_picked":["Deadly Poison","Cloak And Dagger"],"picked":"Terror","floor":1.0},{"not_picked":["Terror","Outmaneuver"],"picked":"Bane","floor":2.0},{"not_picked":["Deflect","Deadly Poison"],"picked":"PiercingWail","floor":3.0},{"not_picked":["Acrobatics","Blur"],"picked":"Venomology","floor":6.0},{"not_picked":["Dagger Spray+1","Quick Slash+1"],"picked":"Adrenaline","floor":8.0},{"not_picked":["Dodge and Roll","Deflect"],"picked":"Poisoned Stab+1","floor":11.0},{"not_picked":["Prepared","Dagger Spray+1"],"picked":"Dagger Throw+1","floor":14.0},{"not_picked":["Corpse Explosion","Venomology"],"picked":"Die Die Die+1","floor":16.0},{"not_picked":["Escape Plan","Outmaneuver"],"picked":"PiercingWail","floor":18.0},{"not_picked":["Deflect","Well Laid Plans"],"picked":"Sucker Punch+1","floor":19.0},{"not_picked":["Acrobatics","Leg Sweep"],"picked":"Poisoned Stab+1","floor":21.0},{"not_picked":["Bane+1","Cloak And Dagger"],"picked":"Footwork","floor":23.0},{"not_picked":["Distraction","Backstab+1"],"picked":"Dash+1","floor":25.0},{"not_picked":["Malaise","Accuracy+1"],"picked":"Backflip","floor":28.0},{"not_picked":["Dagger Throw+1","Dodge and Roll+1"],"picked":"Footwork+1","floor":29.0},{"not_picked":["Flying Knee+1","Leg Sweep"],"picked":"Footwork+1","floor":30.0},{"not_picked":["Sucker Punch+1","Acrobatics"],"picked":"Blur","floor":31.0},{"not_picked":["Burst","Grand Finale+1"],"picked":"Adrenaline","floor":33.0},{"not_picked":[],"picked":"Backflip","floor":35.0},{"not_picked":[],"picked":"Infinite Blades+1","floor":36.0},{"not_picked":["All Out Attack+1"],"picked":"SKIP","floor":39.0},{"not_picked":[],"picked":"Die Die Die+1","floor":40.0},{"not_picked":[],"picked":"Accuracy+1","floor":42.0},{"not_picked":[],"picked":"Dodge and Roll","floor":44.0},{"not_picked":[],"picked":"Cloak And Dagger","floor":46.0},{"not_picked":["Concentrate"],"picked":"SKIP","floor":48.0}],"player_experience":392515,"relics_obtained":[{"floor":6.0,"key":"Molten Egg 2"},{"floor":8.0,"key":"Smiling Mask"},{"floor":9.0,"key":"Happy Flower"},{"floor":11.0,"key":"Oddly Smooth Stone"},{"floor":23.0,"key":"Regal Pillow"},{"floor":25.0,"key":"Bag of Preparation"},{"floor":26.0,"key":"Frozen Egg 2"},{"floor":30.0,"key":"MawBank"},{"floor":40.0,"key":"War Paint"},{"floor":43.0,"key":"Sundial"},{"floor":48.0,"key":"Tingsha"}],"event_choices":[{"damage_healed":0.0,"max_hp_gain":0.0,"max_hp_loss":0.0,"gold_gain":0.0,"event_name":"World of Goop","player_choice":"Left Gold","floor":5.0,"gold_loss":40.0,"damage_taken":0.0},{"damage_healed":0.0,"max_hp_gain":0.0,"max_hp_loss":0.0,"gold_gain":0.0,"event_name":"Dead Adventurer","player_choice":"Searched \u00271\u0027 times","floor":11.0,"gold_loss":0.0,"damage_taken":0.0},{"damage_healed":0.0,"max_hp_gain":0.0,"max_hp_loss":0.0,"gold_gain":0.0,"event_name":"Golden Idol","player_choice":"Take Wound","floor":12.0,"gold_loss":0.0,"damage_taken":0.0,"relics_obtained":["Golden Idol"],"cards_obtained":["Injury"]},{"damage_healed":0.0,"max_hp_gain":0.0,"max_hp_loss":0.0,"gold_gain":0.0,"event_name":"Accursed Blacksmith","player_choice":"Rummage","floor":20.0,"gold_loss":0.0,"damage_taken":0.0,"relics_obtained":["WarpedTongs"],"cards_obtained":["Pain"]},{"damage_healed":0.0,"max_hp_gain":0.0,"max_hp_loss":0.0,"gold_gain":333.0,"event_name":"The Moai Head","player_choice":"Gave Idol","floor":37.0,"relics_lost":["Golden Idol"],"gold_loss":0.0,"damage_taken":0.0}],"is_beta":false,"boss_relics":[{"not_picked":["Snecko Eye","Tiny House"],"picked":"Empty Cage"},{"not_picked":["Fusion Hammer","Eternal Feather"],"picked":"Busted Crown"}],"items_purged_floors":[4,22,38],"is_endless":false,"potions_floor_spawned":[2,3,16,19,21,23,25,29,30,42,44,46],"ascension_level":20}