{"gold_per_floor":[118,138,157,157,105,105,135,147,237,524,536,563,575,587],"floor_reached":14,"playtime":475,"items_purged":[],"score":176,"play_id":"5ae65e40-ab5d-4c4e-8309-19592e7cef7b","local_time":"20190525203423","is_ascension_mode":true,"campfire_choices":[{"data":"Streamline","floor":6.0,"key":"SMITH"},{"floor":8.0,"key":"REST"},{"data":"Zap","floor":11,"key":"SMITH"}],"neow_cost":"NONE","seed_source_timestamp":442973837408719,"circlet_count":0,"master_deck":["AscendersBane","Defend_B","Defend_B","Defend_B","Defend_B","Zap+1","Dualcast","All For One+1","Fusion+1","Consume+1","Lockon","Streamline+1","Coolheaded","Go for the Eyes","Go for the Eyes","Regret","Genetic Algorithm"],"special_seed":0,"relics":["Astrolabe","MawBank","Blue Candle"],"potions_floor_usage":[],"damage_taken":[{"damage":1.0,"enemies":"2 Louse","floor":1.0,"turns":3.0},{"damage":7.0,"enemies":"Cultist","floor":2.0,"turns":4.0},{"damage":4.0,"enemies":"Jaw Worm","floor":3.0,"turns":4.0},{"damage":39.0,"enemies":"Gremlin Nob","floor":7.0,"turns":6.0},{"damage":16,"enemies":"Exordium Thugs","floor":12,"turns":4},{"damage":21,"enemies":"Lagavulin","floor":14,"turns":4}],"seed_played":"-3415763155693303907","potions_obtained":[{"floor":3.0,"key":"Block Potion"}],"is_trial":false,"path_per_floor":["M","M","M","?","$","R","E","R","T","?","R","M","?","E"],"character_chosen":"DEFECT","items_purchased":["Go for the Eyes"],"campfire_rested":1,"item_purchase_floors":[5],"current_hp_per_floor":[63,56,52,52,52,52,13,34,34,34,34,18,18,0],"gold":587,"neow_bonus":"BOSS_RELIC","is_prod":false,"is_daily":false,"chose_seed":false,"campfire_upgraded":2,"win_rate":0,"timestamp":1558830863,"path_taken":["M","M","M","?","?","R","E","R","T","?","R","?","?","E"],"build_version":"2019-01-23","purchased_purges":0,"victory":false,"max_hp_per_floor":[71,71,71,71,71,71,71,71,71,71,71,71,71,71],"card_choices":[{"not_picked":["Conserve Battery","Rebound"],"picked":"Lockon","floor":1.0},{"not_picked":["Self Repair","Stack"],"picked":"Streamline","floor":2.0},{"not_picked":["Static Discharge","Streamline"],"picked":"Coolheaded","floor":3.0},{"not_picked":["Sweeping Beam","Defragment"],"picked":"Go for the Eyes","floor":7.0},{"not_picked":["Ball Lightning","Redo"],"picked":"Genetic Algorithm","floor":12}],"player_experience":811837,"relics_obtained":[{"floor":7.0,"key":"MawBank"},{"floor":9.0,"key":"Blue Candle"}],"event_choices":[{"cards_removed":["Strike_B"],"damage_healed":0.0,"max_hp_gain":0.0,"max_hp_loss":0.0,"gold_gain":0.0,"event_name":"Purifier","player_choice":"Purged","floor":4.0,"gold_loss":0.0,"damage_taken":0.0},{"damage_healed":0,"gold_gain":275,"player_choice":"Desecrate","damage_taken":0,"max_hp_gain":0,"max_hp_loss":0,"event_name":"Golden Shrine","floor":10,"gold_loss":0,"cards_obtained":["Regret"]},{"damage_healed":0,"gold_gain":0,"player_choice":"Ignored","damage_taken":0,"max_hp_gain":0,"max_hp_loss":0,"event_name":"Shining Light","floor":13,"gold_loss":0}],"is_beta":false,"boss_relics":[],"items_purged_floors":[],"is_endless":false,"potions_floor_spawned":[3],"killed_by":"Lagavulin","ascension_level":20}