{"gold_per_floor":[111,129,147,160,160,160,170,203,203,203,216,216,216,58,58,151,151,167,167,167,167,167,167,198,198,224,242,242,242,242,9,9,98,98,114,114,138,153,97,97],"floor_reached":40,"playtime":2087,"items_purged":["Strike_B","Pain"],"score":804,"play_id":"050632be-37a6-4a64-8091-e65256888394","local_time":"20190522004553","is_ascension_mode":true,"campfire_choices":[{"data":"Compile Driver","floor":6.0,"key":"SMITH"},{"data":"Coolheaded","floor":10.0,"key":"SMITH"},{"data":"Undo","floor":12.0,"key":"SMITH"},{"data":"Defragment","floor":15.0,"key":"SMITH"},{"data":"Defend_B","floor":23.0,"key":"SMITH"},{"floor":25.0,"key":"REST"},{"data":"Defend_B","floor":30.0,"key":"SMITH"},{"data":"Static Discharge","floor":32.0,"key":"SMITH"}],"neow_cost":"NONE","seed_source_timestamp":110477117297606,"circlet_count":0,"master_deck":["AscendersBane","Defend_B+1","Defend_B+1","Defend_B+1","Defend_B+1","Zap+1","Dualcast","Coolheaded+1","Compile Driver+1","Core Surge","Steam","FTL","Undo+1","Defragment+1","Buffer+1","Compile Driver+1","Conserve Battery+1","Self Repair","Static Discharge+1","Sweeping Beam","Buffer","Hologram","Reprogram","Redo+1","Ball Lightning+1"],"special_seed":0,"relics":["Cracked Core","Juzu Bracelet","Bronze Scales","Golden Idol","Astrolabe","WarpedTongs","Nloth\u0027s Gift","Ancient Tea Set","Vajra","Cursed Key"],"potions_floor_usage":[],"damage_taken":[{"damage":0.0,"enemies":"Small Slimes","floor":1.0,"turns":2.0},{"damage":1.0,"enemies":"Cultist","floor":2.0,"turns":3.0},{"damage":1.0,"enemies":"2 Louse","floor":3.0,"turns":4.0},{"damage":11.0,"enemies":"Gremlin Gang","floor":4.0,"turns":6.0},{"damage":5.0,"enemies":"Looter","floor":7.0,"turns":3.0},{"damage":6.0,"enemies":"Gremlin Nob","floor":8.0,"turns":3.0},{"damage":0.0,"enemies":"2 Fungi Beasts","floor":11.0,"turns":3.0},{"damage":13.0,"enemies":"Hexaghost","floor":16.0,"turns":9.0},{"damage":0.0,"enemies":"Chosen","floor":18.0,"turns":4.0},{"damage":49.0,"enemies":"Slavers","floor":24.0,"turns":11.0},{"damage":24.0,"enemies":"2 Thieves","floor":27.0,"turns":5.0},{"damage":66.0,"enemies":"Champ","floor":33.0,"turns":13.0},{"damage":1,"enemies":"Orb Walker","floor":35,"turns":4},{"damage":14,"enemies":"3 Darklings","floor":37,"turns":6},{"damage":0,"enemies":"Spire Growth","floor":38,"turns":8},{"damage":73,"enemies":"Giant Head","floor":40,"turns":8}],"seed_played":"-555485251708951175","potions_obtained":[{"floor":1.0,"key":"SkillPotion"},{"floor":2.0,"key":"Poison Potion"},{"floor":7.0,"key":"AttackPotion"},{"floor":18.0,"key":"Block Potion"},{"floor":28.0,"key":"Fruit Juice"},{"floor":28.0,"key":"LiquidBronze"},{"floor":33.0,"key":"GamblersBrew"}],"is_trial":false,"path_per_floor":["M","M","M","M","?","R","M","E","T","R","M","R","?","$","R","B",null,"M","?","?","?","?","R","E","R","T","M","?","?","R","$","R","B",null,"M","?","M","M","$","E"],"character_chosen":"DEFECT","items_purchased":["Defragment","Static Discharge","Sweeping Beam","Explosive Potion"],"campfire_rested":1,"item_purchase_floors":[14,31,31,39],"current_hp_per_floor":[64,63,62,51,51,51,46,40,40,40,40,40,40,40,40,27,55,55,55,55,55,55,55,6,25,25,1,6,69,69,69,69,10,54,60,60,56,63,63,0],"gold":97,"neow_bonus":"RANDOM_COMMON_RELIC","is_prod":false,"is_daily":false,"chose_seed":false,"campfire_upgraded":7,"win_rate":0,"timestamp":1558500353,"path_taken":["M","M","M","M","?","R","M","E","T","R","M","R","?","$","R","BOSS","M","?","?","?","?","R","E","R","T","M","?","?","R","?","R","BOSS","M","?","M","M","?","E"],"build_version":"2019-01-23","purchased_purges":2,"victory":false,"max_hp_per_floor":[71,71,71,71,71,71,71,71,71,71,71,71,64,64,64,64,64,64,64,64,64,64,64,64,64,64,64,69,69,69,69,69,69,69,69,69,69,69,69,69],"card_choices":[{"not_picked":["Scrape","Beam Cell","Steam"],"picked":"SKIP","floor":1.0},{"not_picked":["Cold Snap","Beam Cell"],"picked":"Coolheaded","floor":2.0},{"not_picked":["Cold Snap","Double Energy"],"picked":"Compile Driver","floor":3.0},{"not_picked":["Rebound","Sunder"],"picked":"Core Surge","floor":4.0},{"not_picked":["White Noise","Auto Shields"],"picked":"Steam","floor":7.0},{"not_picked":["Go for the Eyes","Chaos"],"picked":"FTL","floor":8.0},{"not_picked":["Steam","Hologram"],"picked":"Undo","floor":11.0},{"not_picked":["Thunder Strike","Creative AI"],"picked":"Rainbow","floor":16.0},{"not_picked":["Gash","Rip and Tear","Rebound"],"picked":"SKIP","floor":18.0},{"not_picked":["Turbo","Compile Driver","All For One"],"picked":"SKIP","floor":24.0},{"not_picked":["Tempest","Ball Lightning"],"picked":"Self Repair","floor":27.0},{"not_picked":["All For One","Meteor Strike"],"picked":"Buffer","floor":33.0},{"not_picked":["Heatsinks","Compile Driver+1"],"picked":"Hologram","floor":35},{"not_picked":["Fusion","Storm+1"],"picked":"Redo+1","floor":37},{"not_picked":["Streamline","Steam Power"],"picked":"Ball Lightning+1","floor":38}],"player_experience":732997,"relics_obtained":[{"floor":8.0,"key":"Bronze Scales"},{"floor":9.0,"key":"War Paint"},{"floor":24.0,"key":"Ancient Tea Set"},{"floor":26.0,"key":"Vajra"}],"event_choices":[{"damage_healed":0.0,"max_hp_gain":0.0,"max_hp_loss":0.0,"gold_gain":0.0,"event_name":"Upgrade Shrine","player_choice":"Upgraded","floor":5.0,"gold_loss":0.0,"damage_taken":0.0,"cards_upgraded":["Zap"]},{"damage_healed":0.0,"max_hp_gain":0.0,"max_hp_loss":7.0,"gold_gain":0.0,"event_name":"Golden Idol","player_choice":"Lose Max HP","floor":13.0,"gold_loss":0.0,"damage_taken":0.0,"relics_obtained":["Golden Idol"]},{"damage_healed":0.0,"max_hp_gain":0.0,"max_hp_loss":0.0,"gold_gain":0.0,"event_name":"Accursed Blacksmith","player_choice":"Rummage","floor":19.0,"gold_loss":0.0,"damage_taken":0.0,"relics_obtained":["WarpedTongs"],"cards_obtained":["Pain"]},{"damage_healed":0.0,"max_hp_gain":0.0,"max_hp_loss":0.0,"gold_gain":0.0,"event_name":"The Mausoleum","player_choice":"Ignored","floor":21.0,"gold_loss":0.0,"damage_taken":0.0},{"damage_healed":0.0,"max_hp_gain":0.0,"max_hp_loss":0.0,"gold_gain":0.0,"event_name":"N\u0027loth","player_choice":"Traded Relic","floor":22.0,"relics_lost":["War Paint"],"gold_loss":0.0,"damage_taken":0.0,"relics_obtained":["Nloth\u0027s Gift"]},{"damage_healed":0.0,"max_hp_gain":0.0,"max_hp_loss":0.0,"gold_gain":0.0,"event_name":"Lab","player_choice":"Got Potions","floor":28.0,"gold_loss":0.0,"damage_taken":0.0},{"damage_healed":63.0,"max_hp_gain":0.0,"max_hp_loss":0.0,"gold_gain":0.0,"event_name":"Wheel of Change","player_choice":"Full Heal","floor":29.0,"gold_loss":0.0,"damage_taken":0.0},{"damage_healed":0,"gold_gain":0,"cards_transformed":["Rainbow"],"player_choice":"Transformed","damage_taken":0,"max_hp_gain":0,"max_hp_loss":0,"event_name":"Transmorgrifier","floor":36,"gold_loss":0,"cards_obtained":["Reprogram"]}],"is_beta":false,"boss_relics":[{"not_picked":["Sozu","Black Star"],"picked":"Astrolabe"},{"not_picked":["Snecko Eye","Tiny House"],"picked":"Cursed Key"}],"items_purged_floors":[14,31],"is_endless":false,"potions_floor_spawned":[1,2,7,18,33],"killed_by":"Giant Head","ascension_level":20}