{"gold_per_floor":[113,129,148,163,163,163,193,203,228,228,248,98,98,98,98,170,170,187,158,170,70,70,70,84,84,84,119,119],"floor_reached":28,"playtime":2123,"items_purged":["Regret","Strike_G"],"score":444,"play_id":"7c6b81a9-bc9d-41be-a315-3c08fe982603","local_time":"20190505162355","is_ascension_mode":true,"campfire_choices":[{"data":"Neutralize","floor":6,"key":"SMITH"},{"data":"Footwork","floor":10,"key":"SMITH"},{"data":"Sucker Punch","floor":15,"key":"SMITH"},{"data":"After Image","floor":23,"key":"SMITH"},{"data":"Dash","floor":25,"key":"SMITH"}],"neow_cost":"NONE","seed_source_timestamp":79564420205569,"circlet_count":0,"master_deck":["AscendersBane","Defend_G","Defend_G","Defend_G","Defend_G","Defend_G","Strike_G+1","Strike_G+1","Survivor","Neutralize+1","Dash+1","Footwork","Dagger Throw","Venomology","Footwork+1","Sucker Punch+1","PiercingWail","Caltrops","After Image+1","PiercingWail","Riddle With Holes+1","Poisoned Stab+1","Noxious Fumes","Blur"],"relics":["Ring of the Snake","Paper Crane","Whetstone","Omamori","Philosopher\u0027s Stone","Matryoshka","Bag of Preparation"],"potions_floor_usage":[8,11,16,18,20,24,27,28],"damage_taken":[{"damage":0,"enemies":"Jaw Worm","floor":1,"turns":7},{"damage":2,"enemies":"Small Slimes","floor":2,"turns":4},{"damage":0,"enemies":"Cultist","floor":3,"turns":5},{"damage":0,"enemies":"2 Fungi Beasts","floor":4,"turns":4},{"damage":13,"enemies":"Lagavulin","floor":7,"turns":12},{"damage":4,"enemies":"Large Slime","floor":8,"turns":7},{"damage":4,"enemies":"Blue Slaver","floor":11,"turns":5},{"damage":8,"enemies":"Hexaghost","floor":16,"turns":16},{"damage":0,"enemies":"3 Byrds","floor":18,"turns":4},{"damage":4,"enemies":"2 Thieves","floor":19,"turns":4},{"damage":3,"enemies":"Centurion and Healer","floor":20,"turns":11},{"damage":12,"enemies":"Sentry and Sphere","floor":24,"turns":8},{"damage":21,"enemies":"Gremlin Leader","floor":27,"turns":9},{"damage":26,"enemies":"Chosen and Byrds","floor":28,"turns":5}],"seed_played":"-7594396753206553430","potions_obtained":[{"floor":3,"key":"GhostInAJar"},{"floor":16,"key":"FearPotion"},{"floor":19,"key":"Block Potion"}],"is_trial":false,"path_per_floor":["M","M","M","M","?","R","E","M","T","R","M","$","?","?","R","B",null,"M","M","M","$","?","R","M","R","T","E","M"],"character_chosen":"THE_SILENT","items_purchased":["Caltrops"],"campfire_rested":0,"item_purchase_floors":[12],"current_hp_per_floor":[65,63,63,63,63,63,50,46,46,46,42,42,60,53,53,45,65,65,61,58,58,58,58,46,46,46,25,0],"gold":119,"neow_bonus":"TEN_PERCENT_HP_BONUS","is_prod":false,"is_daily":false,"chose_seed":false,"campfire_upgraded":5,"win_rate":0,"timestamp":1557087835,"path_taken":["M","M","M","M","?","R","E","M","T","R","M","$","?","?","R","BOSS","M","M","M","$","?","R","M","R","T","E","?"],"build_version":"2019-01-23","purchased_purges":2,"victory":false,"max_hp_per_floor":[72,72,72,72,72,72,72,72,72,72,72,72,72,72,72,72,72,72,72,72,72,72,72,72,72,72,72,72],"card_choices":[{"not_picked":["Poisoned Stab","Choke"],"picked":"Dash","floor":1},{"not_picked":["Prepared","Backstab"],"picked":"Footwork","floor":2},{"not_picked":["Blade Dance","Backflip"],"picked":"Dagger Throw","floor":3},{"not_picked":["Dagger Spray","Setup"],"picked":"Venomology","floor":4},{"not_picked":["All Out Attack","Cloak And Dagger"],"picked":"Footwork","floor":7},{"not_picked":["Choke","Poisoned Stab"],"picked":"Sucker Punch","floor":8},{"not_picked":["Bane","Dagger Throw"],"picked":"PiercingWail","floor":11},{"not_picked":["Unload","Malaise"],"picked":"After Image","floor":16},{"not_picked":["Catalyst","Bane"],"picked":"PiercingWail","floor":18},{"not_picked":["Flechettes+1","Deadly Poison"],"picked":"Riddle With Holes+1","floor":19},{"not_picked":["Dagger Spray","Acrobatics"],"picked":"Poisoned Stab+1","floor":20},{"not_picked":["Backflip","Acrobatics+1"],"picked":"Noxious Fumes","floor":24},{"not_picked":["Distraction","Infinite Blades"],"picked":"Blur","floor":27}],"player_experience":335451,"relics_obtained":[{"floor":7,"key":"Whetstone"},{"floor":9,"key":"Omamori"},{"floor":26,"key":"Matryoshka"},{"floor":27,"key":"Bag of Preparation"}],"event_choices":[{"damage_healed":0,"gold_gain":0,"player_choice":"Box","damage_taken":0,"relics_obtained":["Paper Crane"],"max_hp_gain":0,"max_hp_loss":0,"event_name":"Big Fish","floor":5,"gold_loss":0,"cards_obtained":["Regret"]},{"damage_healed":18,"gold_gain":0,"player_choice":"Healed and dodged fight","damage_taken":0,"max_hp_gain":0,"max_hp_loss":0,"event_name":"Mushrooms","floor":13,"gold_loss":0,"cards_obtained":["Parasite"]},{"cards_removed":["Strike_G"],"damage_healed":0,"gold_gain":0,"player_choice":"Card Removal","damage_taken":7,"max_hp_gain":0,"max_hp_loss":0,"event_name":"Golden Wing","floor":14,"gold_loss":0},{"cards_removed":["Strike_G"],"damage_healed":0,"gold_gain":0,"player_choice":"Offered Basic","damage_taken":0,"max_hp_gain":0,"max_hp_loss":0,"event_name":"Bonfire Elementals","floor":22,"gold_loss":0}],"is_beta":false,"boss_relics":[{"not_picked":["Snecko Eye","Lizard Tail"],"picked":"Philosopher\u0027s Stone"}],"items_purged_floors":[12,21],"is_endless":false,"potions_floor_spawned":[3,7,16,19],"killed_by":"Chosen and Byrds","ascension_level":17}