{"gold_per_floor":[117,117,292,367,380,412,427,444,444,444,463,16,16,28,28,126,126,140,16,16,33,44,44,70,82,82,100,100,131,131,131,131,131],"floor_reached":33,"playtime":2301,"items_purged":["Doubt"],"score":468,"play_id":"8358aa8b-acd1-4c0c-b172-55798fb5faca","local_time":"20190502201921","is_ascension_mode":true,"campfire_choices":[{"data":"Footwork","floor":10,"key":"SMITH"},{"floor":15,"key":"REST"},{"floor":23,"key":"REST"},{"floor":28,"key":"REST"},{"floor":32,"key":"REST"}],"neow_cost":"NONE","seed_source_timestamp":5035724150230190,"circlet_count":0,"master_deck":["AscendersBane","Defend_G","Defend_G","Defend_G+1","Defend_G+1","Strike_G","Strike_G","Strike_G+1","Strike_G","Strike_G+1","Survivor","Neutralize","Backflip+1","Backstab","Infinite Blades","Footwork+1","Bouncing Flask","Blur","PiercingWail","Backstab","Envenom","Footwork","Bane","Cloak And Dagger","J.A.X.","Necronomicurse"],"relics":["Ring of the Snake","NeowsBlessing","War Paint","The Courier","Whetstone","TwistedFunnel","Busted Crown","PreservedInsect","Unceasing Top","Frozen Egg 2","Lantern","Necronomicon"],"potions_floor_usage":[16,16,24,24,25,29],"damage_taken":[{"damage":0,"enemies":"Cultist","floor":1,"turns":1},{"damage":0,"enemies":"Jaw Worm","floor":5,"turns":1},{"damage":0,"enemies":"3 Sentries","floor":6,"turns":1},{"damage":1,"enemies":"Small Slimes","floor":7,"turns":4},{"damage":0,"enemies":"2 Fungi Beasts","floor":8,"turns":5},{"damage":7,"enemies":"Red Slaver","floor":11,"turns":4},{"damage":0,"enemies":"3 Louse","floor":14,"turns":3},{"damage":11,"enemies":"The Guardian","floor":16,"turns":9},{"damage":0,"enemies":"Chosen","floor":18,"turns":4},{"damage":16,"enemies":"Spheric Guardian","floor":21,"turns":6},{"damage":7,"enemies":"Centurion and Healer","floor":22,"turns":7},{"damage":6,"enemies":"Book of Stabbing","floor":24,"turns":5},{"damage":8,"enemies":"Sentry and Sphere","floor":25,"turns":8},{"damage":15,"enemies":"Snecko","floor":27,"turns":4},{"damage":2,"enemies":"Slavers","floor":29,"turns":6},{"damage":67,"enemies":"Collector","floor":33,"turns":13}],"seed_played":"6183695637853758140","potions_obtained":[{"floor":1,"key":"Poison Potion"},{"floor":7,"key":"EssenceOfSteel"},{"floor":11,"key":"PowerPotion"},{"floor":21,"key":"Poison Potion"},{"floor":24,"key":"EssenceOfSteel"},{"floor":27,"key":"Regen Potion"}],"is_trial":false,"path_per_floor":["M","?","?","?","M","E","M","M","T","R","M","$","?","M","R","B",null,"M","$","?","M","M","R","E","M","T","M","R","E","?","?","R","B"],"character_chosen":"THE_SILENT","items_purchased":["Whetstone","Blur","PiercingWail","TwistedFunnel","PreservedInsect"],"campfire_rested":4,"item_purchase_floors":[12,12,12,12,19],"current_hp_per_floor":[63,63,63,52,52,52,51,51,51,51,44,44,44,44,65,54,66,66,66,53,37,30,52,46,38,38,23,45,58,58,42,64,0],"gold":131,"neow_bonus":"THREE_ENEMY_KILL","is_prod":false,"is_daily":false,"chose_seed":false,"campfire_upgraded":1,"win_rate":0,"timestamp":1556842761,"path_taken":["M","?","?","?","M","E","M","M","T","R","M","$","?","M","R","BOSS","M","?","?","M","M","R","E","M","T","M","R","E","?","?","R","BOSS"],"build_version":"2019-01-23","purchased_purges":1,"victory":false,"max_hp_per_floor":[70,70,70,70,70,70,70,70,70,70,70,70,70,70,70,70,70,70,70,75,75,75,75,75,75,75,75,75,75,75,75,75,75],"card_choices":[{"not_picked":["Tactician","Dodge and Roll"],"picked":"Backflip","floor":1},{"not_picked":["Quick Slash","Acrobatics"],"picked":"Backstab","floor":5},{"not_picked":["Deadly Poison","Riddle With Holes"],"picked":"Infinite Blades","floor":6},{"not_picked":["Cloak And Dagger","Deadly Poison"],"picked":"Footwork","floor":7},{"not_picked":["Choke","Expertise","Storm of Steel"],"picked":"SKIP","floor":8},{"not_picked":["Setup","Endless Agony"],"picked":"Bouncing Flask","floor":11},{"not_picked":["Poisoned Stab","Dagger Throw"],"picked":"Backstab","floor":14},{"not_picked":["Tools of the Trade","Doppelganger"],"picked":"Envenom","floor":16},{"not_picked":["Slice"],"picked":"SKIP","floor":18},{"not_picked":["Finisher"],"picked":"SKIP","floor":21},{"not_picked":["Prepared"],"picked":"SKIP","floor":22},{"not_picked":[],"picked":"Footwork","floor":24},{"not_picked":[],"picked":"Bane","floor":25},{"not_picked":[],"picked":"Cloak And Dagger","floor":27},{"not_picked":["Quick Slash"],"picked":"SKIP","floor":29}],"player_experience":244524,"relics_obtained":[{"floor":6,"key":"War Paint"},{"floor":9,"key":"The Courier"},{"floor":24,"key":"Unceasing Top"},{"floor":26,"key":"Frozen Egg 2"},{"floor":29,"key":"Lantern"},{"floor":31,"key":"Necronomicon"}],"event_choices":[{"damage_healed":0,"gold_gain":0,"player_choice":"Grow","damage_taken":0,"max_hp_gain":0,"max_hp_loss":0,"event_name":"Living Wall","floor":2,"gold_loss":0,"cards_upgraded":["Backflip"]},{"damage_healed":0,"gold_gain":175,"player_choice":"AGREE","damage_taken":0,"max_hp_gain":0,"max_hp_loss":0,"event_name":"Liars Game","floor":3,"gold_loss":0,"cards_obtained":["Doubt"]},{"damage_healed":0,"gold_gain":75,"player_choice":"Gather Gold","damage_taken":11,"max_hp_gain":0,"max_hp_loss":0,"event_name":"World of Goop","floor":4,"gold_loss":0},{"cards_removed":["Defend_G"],"damage_healed":0,"gold_gain":0,"player_choice":"Purged","damage_taken":0,"max_hp_gain":0,"max_hp_loss":0,"event_name":"Purifier","floor":13,"gold_loss":0},{"damage_healed":0,"gold_gain":0,"player_choice":"Shed Blood","damage_taken":18,"max_hp_gain":5,"max_hp_loss":0,"event_name":"Forgotten Altar","floor":20,"gold_loss":0},{"damage_healed":0,"gold_gain":0,"player_choice":"Obtain J.A.X.","damage_taken":0,"max_hp_gain":0,"max_hp_loss":0,"event_name":"Drug Dealer","floor":30,"gold_loss":0,"cards_obtained":["J.A.X."]},{"damage_healed":0,"gold_gain":0,"player_choice":"Obtained Book","damage_taken":16,"max_hp_gain":0,"max_hp_loss":0,"event_name":"Cursed Tome","floor":31,"gold_loss":0}],"is_beta":false,"boss_relics":[{"not_picked":["Empty Cage","Coffee Dripper"],"picked":"Busted Crown"}],"items_purged_floors":[12],"is_endless":false,"potions_floor_spawned":[1,7,11,21,24,27],"killed_by":"Collector","ascension_level":10}