{"gold_per_floor":[117,30,47,77,77,108,108,141,190,190,27,40,67,99,111,197,209,241,253,279,309,321,333,376,398,410,439,451],"floor_reached":28,"playtime":2034,"items_purged":["Strike_G"],"score":538,"play_id":"6179f765-6940-4335-9da2-befb17ac37a2","local_time":"20190505221553","is_ascension_mode":true,"campfire_choices":[{"data":"Neutralize","floor":7.0,"key":"SMITH"},{"data":"Survivor","floor":10.0,"key":"SMITH"},{"floor":15.0,"key":"REST"},{"floor":23.0,"key":"REST"}],"neow_cost":"NONE","seed_source_timestamp":100592854997741,"circlet_count":0,"master_deck":["AscendersBane","Defend_G","Defend_G","Defend_G","Defend_G","Defend_G","Strike_G","Strike_G","Strike_G","Strike_G","Survivor+1","Neutralize+1","Footwork","Caltrops","Dagger Throw","Noxious Fumes","Dagger Spray","Flying Knee+1","Well Laid Plans","Backflip","Masterful Stab+1","Leg Sweep","Tools of the Trade","PiercingWail","Slice+1","Dagger Throw+1","RitualDagger+1","Footwork","Infinite Blades+1","Die Die Die+1"],"special_seed":0,"relics":["Ring of the Snake","NeowsBlessing","Tiny Chest","Bottled Lightning","Molten Egg 2","Art of War","MawBank","Fusion Hammer","Snake Skull","Frozen Egg 2"],"potions_floor_usage":[24,28],"damage_taken":[{"damage":0.0,"enemies":"Cultist","floor":1.0,"turns":1.0},{"damage":0.0,"enemies":"Small Slimes","floor":3.0,"turns":1.0},{"damage":0.0,"enemies":"3 Sentries","floor":6.0,"turns":2.0},{"damage":22.0,"enemies":"Gremlin Nob","floor":8.0,"turns":4.0},{"damage":5.0,"enemies":"Jaw Worm","floor":12.0,"turns":4.0},{"damage":20.0,"enemies":"Lagavulin","floor":13.0,"turns":8.0},{"damage":8.0,"enemies":"Lots of Slimes","floor":14.0,"turns":3.0},{"damage":18.0,"enemies":"Slime Boss","floor":16.0,"turns":12.0},{"damage":7.0,"enemies":"Spheric Guardian","floor":18.0,"turns":8.0},{"damage":0.0,"enemies":"3 Byrds","floor":20.0,"turns":3.0},{"damage":0.0,"enemies":"Centurion and Healer","floor":21.0,"turns":9.0},{"damage":54,"enemies":"Book of Stabbing","floor":24,"turns":7},{"damage":10,"enemies":"Snake Plant","floor":25,"turns":6},{"damage":0,"enemies":"Snecko","floor":27,"turns":5},{"damage":15,"enemies":"Colosseum Slavers","floor":28,"turns":2}],"seed_played":"-7842943801345630419","potions_obtained":[{"floor":1.0,"key":"EssenceOfSteel"},{"floor":6.0,"key":"Poison Potion"},{"floor":13.0,"key":"LiquidBronze"},{"floor":16.0,"key":"Explosive Potion"},{"floor":18.0,"key":"Fire Potion"},{"floor":25,"key":"SpeedPotion"}],"is_trial":false,"path_per_floor":["M","$","M","T","?","E","R","E","T","R","$","M","E","M","R","B",null,"M","?","M","M","?","R","E","M","T","M","?"],"character_chosen":"THE_SILENT","items_purchased":["Caltrops","Dagger Throw","Well Laid Plans"],"campfire_rested":2,"item_purchase_floors":[2,2,11],"current_hp_per_floor":[59,59,59,59,64,64,64,42,42,42,42,37,17,9,30,12,56,49,63,63,63,57,71,17,7,7,7,0],"gold":451,"neow_bonus":"THREE_ENEMY_KILL","is_prod":false,"is_daily":false,"chose_seed":false,"campfire_upgraded":2,"win_rate":0,"timestamp":1557108953,"path_taken":["M","$","?","?","?","E","R","E","T","R","?","M","E","?","R","BOSS","M","?","M","M","?","R","E","M","T","M","?"],"build_version":"2019-01-23","purchased_purges":1,"victory":false,"max_hp_per_floor":[66,66,66,66,71,71,71,71,71,71,71,71,71,71,71,71,71,71,71,71,71,71,71,71,71,71,71,71],"card_choices":[{"not_picked":["Underhanded Strike","Poisoned Stab"],"picked":"Footwork","floor":1.0},{"not_picked":["Backflip","Terror"],"picked":"Noxious Fumes","floor":3.0},{"not_picked":["Catalyst","Infinite Blades"],"picked":"Dagger Spray","floor":6.0},{"not_picked":["Bullet Time","Blade Dance"],"picked":"Flying Knee","floor":8.0},{"not_picked":["Choke+1","Cloak And Dagger"],"picked":"Backflip","floor":12.0},{"not_picked":["Dagger Spray+1","Dagger Throw+1"],"picked":"Masterful Stab+1","floor":13.0},{"not_picked":["Prepared","Cloak And Dagger"],"picked":"Leg Sweep","floor":14.0},{"not_picked":["Wraith Form v2","Venomology"],"picked":"Tools of the Trade","floor":16.0},{"not_picked":["Deflect","Calculated Gamble"],"picked":"PiercingWail","floor":18.0},{"not_picked":["Well Laid Plans","Prepared"],"picked":"Slice+1","floor":20.0},{"not_picked":["Calculated Gamble","Backflip"],"picked":"Dagger Throw+1","floor":21.0},{"not_picked":["PiercingWail","Prepared"],"picked":"Footwork","floor":24},{"not_picked":["Backflip","Reflex"],"picked":"Infinite Blades+1","floor":25},{"not_picked":["Finisher+1","Reflex+1"],"picked":"Die Die Die+1","floor":27}],"player_experience":353659,"relics_obtained":[{"floor":4.0,"key":"Tiny Chest"},{"floor":6.0,"key":"Bottled Lightning"},{"floor":8.0,"key":"Molten Egg 2"},{"floor":9.0,"key":"Art of War"},{"floor":13.0,"key":"MawBank"},{"floor":24,"key":"Snake Skull"},{"floor":26,"key":"Frozen Egg 2"}],"event_choices":[{"damage_healed":0.0,"max_hp_gain":5.0,"max_hp_loss":0.0,"gold_gain":0.0,"event_name":"Big Fish","player_choice":"Donut","floor":5.0,"gold_loss":0.0,"damage_taken":0.0},{"damage_healed":14.0,"max_hp_gain":0.0,"max_hp_loss":0.0,"gold_gain":0.0,"event_name":"The Library","player_choice":"Heal","floor":19.0,"gold_loss":0.0,"damage_taken":0.0},{"damage_healed":0.0,"max_hp_gain":0.0,"max_hp_loss":0.0,"gold_gain":0.0,"event_name":"Nest","player_choice":"Joined the Cult","floor":22.0,"gold_loss":0.0,"damage_taken":6.0,"cards_obtained":["RitualDagger"]},{"damage_healed":0,"gold_gain":0,"player_choice":"Fight","damage_taken":0,"max_hp_gain":0,"max_hp_loss":0,"event_name":"Colosseum","floor":28,"gold_loss":0}],"is_beta":false,"boss_relics":[{"not_picked":["Ectoplasm","HoveringKite"],"picked":"Fusion Hammer"}],"items_purged_floors":[11],"is_endless":false,"potions_floor_spawned":[1,6,13,16,18,20,25,27],"killed_by":"Colosseum Slavers","ascension_level":18}