{"gold_per_floor":[117,133,153,128,145,145,161,161,237,237,562,737,751,762,762,866,866,881,870,870,882,882,882,882],"floor_reached":24,"playtime":1909,"items_purged":[],"score":220,"play_id":"e8071302-a054-4d46-b319-7f60602a3bd4","local_time":"20180930071349","is_ascension_mode":true,"campfire_choices":[{"data":"Zap","floor":6,"key":"SMITH"},{"data":"Conserve Battery","floor":8,"key":"SMITH"},{"data":"Dualcast","floor":10,"key":"SMITH"},{"data":"White Noise","floor":15,"key":"SMITH"},{"data":"Conserve Battery","floor":23,"key":"SMITH"}],"neow_cost":"NONE","seed_source_timestamp":440658718119660,"circlet_count":0,"master_deck":["Strike_B","Strike_B","Strike_B","Strike_B","Defend_B","Defend_B","Defend_B","Defend_B","Zap+1","Dualcast+1","BootSequence","Conserve Battery+1","Chill","Leap","Ball Lightning","All For One","White Noise+1","Doubt","Coolheaded","Redo","Multi-Cast","BootSequence","Double Energy+1","Conserve Battery+1","Compile Driver"],"relics":["Cracked Core","Centennial Puzzle","Pear","Old Coin","Runic Pyramid"],"potions_floor_usage":[11,11,14,16,19,21],"damage_taken":[{"damage":1,"enemies":"Cultist","floor":1,"turns":3},{"damage":1,"enemies":"2 Louse","floor":2,"turns":3},{"damage":0,"enemies":"Small Slimes","floor":3,"turns":3},{"damage":4,"enemies":"Red Slaver","floor":5,"turns":5},{"damage":11,"enemies":"Exordium Thugs","floor":7,"turns":3},{"damage":2,"enemies":"Gremlin Nob","floor":11,"turns":3},{"damage":8,"enemies":"3 Louse","floor":13,"turns":4},{"damage":0,"enemies":"Looter","floor":14,"turns":4},{"damage":66,"enemies":"Hexaghost","floor":16,"turns":12},{"damage":3,"enemies":"Chosen","floor":18,"turns":6},{"damage":16,"enemies":"2 Thieves","floor":19,"turns":4},{"damage":0,"enemies":"3 Cultists","floor":21,"turns":6},{"damage":71,"enemies":"Gremlin Leader","floor":24,"turns":6}],"seed_played":"5340304264192039752","potions_obtained":[{"floor":1,"key":"FearPotion"},{"floor":5,"key":"Fire Potion"},{"floor":7,"key":"Poison Potion"},{"floor":11,"key":"Regen Potion"},{"floor":16,"key":"AttackPotion"},{"floor":19,"key":"Fire Potion"}],"is_trial":false,"path_per_floor":["M","M","M","$","M","R","M","R","T","R","E","?","M","M","R","B",null,"M","M","?","M","?","R"],"character_chosen":"DEFECT","items_purchased":["Leap"],"campfire_rested":0,"item_purchase_floors":[4],"current_hp_per_floor":[74,73,73,73,69,69,58,58,68,68,66,66,58,58,58,7,85,82,66,66,66,66,66,0],"gold":882,"neow_bonus":"RANDOM_COMMON_RELIC","is_prod":false,"is_daily":false,"chose_seed":false,"campfire_upgraded":5,"win_rate":0,"timestamp":1538306029,"path_taken":["M","?","?","$","M","R","M","R","T","R","E","?","?","M","R","BOSS","M","M","?","M","?","R","E"],"build_version":"2018-09-27","purchased_purges":0,"victory":false,"max_hp_per_floor":[75,75,75,75,75,75,75,75,85,85,85,85,85,85,85,85,85,85,85,85,85,85,85,85],"card_choices":[{"not_picked":["Consume","Storm"],"picked":"BootSequence","floor":1},{"not_picked":["Leap","Capacitor"],"picked":"Conserve Battery","floor":2},{"not_picked":["Stack","Sweeping Beam"],"picked":"Chill","floor":3},{"not_picked":["Heatsinks","Go for the Eyes"],"picked":"Ball Lightning","floor":5},{"not_picked":["Force Field","Coolheaded"],"picked":"All For One","floor":7},{"not_picked":["Recycle","Doom and Gloom"],"picked":"White Noise","floor":11},{"not_picked":["Sweeping Beam","Fusion"],"picked":"Coolheaded","floor":13},{"not_picked":["Rebound","Stack"],"picked":"Redo","floor":14},{"not_picked":["Meteor Strike","Fission"],"picked":"Multi-Cast","floor":16},{"not_picked":["Hologram","Steam"],"picked":"BootSequence","floor":18},{"not_picked":["Hologram","Force Field+1"],"picked":"Double Energy+1","floor":19},{"not_picked":["Blizzard+1","Ball Lightning"],"picked":"Compile Driver","floor":21}],"player_experience":107634,"relics_obtained":[{"floor":9,"key":"Pear"},{"floor":11,"key":"Old Coin"}],"event_choices":[{"event_name":"Liars Game","player_choice":"agreed","floor":12,"damage_taken":0},{"event_name":"The Library","player_choice":"Read","floor":20,"damage_taken":0},{"event_name":"Ghosts","player_choice":"Ignored","floor":22,"damage_taken":0}],"is_beta":false,"boss_relics":[{"not_picked":["Fusion Hammer","Philosopher\u0027s Stone"],"picked":"Runic Pyramid"}],"items_purged_floors":[],"is_endless":false,"potions_floor_spawned":[1,5,7,11,16,19],"killed_by":"Gremlin Leader","ascension_level":2}