{"path_per_floor":["M","M","M","?","M","E","M","R","T","R","T","$","M","M","R","B",null,"M","M","M","M","M","R","$","R","T","R","E","M","R","M","R","B",null,"M","?","?","?","M","R","M","M","T","R","T","$","M"],"character_chosen":"DEFECT","items_purchased":["Panache","Sunder","Block Potion","Secret Technique","Ball Lightning"],"gold_per_floor":[109,124,141,141,153,185,196,196,222,222,249,11,27,40,40,135,135,146,159,170,187,202,202,127,127,179,179,212,228,228,245,245,348,348,362,362,362,362,374,374,389,409,409,409,409,136,151,151],"floor_reached":48,"campfire_rested":2,"playtime":2474,"current_hp_per_floor":[74,72,70,70,70,64,62,62,62,62,69,69,58,46,46,53,82,70,60,52,26,38,38,38,38,38,62,36,29,29,32,32,7,82,72,72,62,62,62,62,25,7,7,31,31,31,18,0],"items_purged":["Strike_B"],"gold":151,"score":483,"play_id":"3ab9635a-1613-4e10-9bb4-9ba761ec039e","local_time":"20180428091830","is_prod":false,"is_daily":false,"chose_seed":false,"is_ascension_mode":false,"campfire_upgraded":8,"timestamp":1524921510,"path_taken":["M","M","M","?","M","E","M","R","T","R","?","$","M","M","R","BOSS","M","M","M","M","M","R","$","R","T","R","E","M","R","M","R","BOSS","M","?","?","?","?","R","M","M","T","R","?","$","M","M"],"build_version":"2018-04-27v3","seed_source_timestamp":4462667168579507,"purchased_purges":1,"victory":false,"master_deck":["Defend_B","Defend_B","Defend_B","Defend_B+1","Zap+1","Dualcast+1","Impulse","Rebound","Ball Lightning","Beam Cell+1","Defragment+1","Panache","Sunder+1","Stack+1","Seek","Rainbow+1","Cold Snap+1","Darkness+1","Buffer+1","White Noise+1","Leap+1","Stack","Leap+1","Go for the Eyes+1","Stack","Stack","Fission+1","Madness","Madness","Rebound+1","Stack+1","Static Discharge+1","Secret Technique","Ball Lightning"],"max_hp_per_floor":[75,75,75,75,75,75,75,75,75,75,82,82,82,82,82,82,82,82,82,82,82,82,82,82,82,82,82,82,82,82,82,82,82,82,82,82,82,82,82,82,82,82,82,82,82,82,82,82],"relics":["Cracked Core","War Paint","Pantograph","Oddly Smooth Stone","Strawberry","Astrolabe","Bronze Scales","Anchor","Inserter","Calipers","Bag of Marbles"],"card_choices":[{"not_picked":["Skim","Double Energy"],"picked":"Impulse","floor":1},{"not_picked":["Force Field","Melter"],"picked":"Rebound","floor":2},{"not_picked":["Axe Kick","Sweeping Beam"],"picked":"Ball Lightning","floor":5},{"not_picked":["Redo","Fission"],"picked":"Beam Cell","floor":6},{"not_picked":["Barrage","Doom and Gloom"],"picked":"Defragment","floor":7},{"not_picked":["Turbo","Genetic Algorithm"],"picked":"Stack","floor":13},{"not_picked":["Double Energy","Beam Cell"],"picked":"Seek","floor":14},{"not_picked":["Multi-Cast","Thunder Strike"],"picked":"Rainbow","floor":16},{"not_picked":["Turbo","Darkness"],"picked":"White Noise","floor":18},{"not_picked":["Hologram","Skim"],"picked":"Leap","floor":19},{"not_picked":["Redo","Skim"],"picked":"Stack","floor":20},{"not_picked":["Axe Kick","Cold Snap"],"picked":"Leap","floor":21},{"not_picked":["Rip and Tear","Coolheaded"],"picked":"Go for the Eyes","floor":22},{"not_picked":["Doom and Gloom","Chaos"],"picked":"Stack","floor":29},{"not_picked":["Hello World","Axe Kick"],"picked":"Stack","floor":31},{"not_picked":["Prime","Thunder Strike"],"picked":"Fission","floor":33},{"not_picked":["Streamline","Blizzard"],"picked":"Go for the Eyes","floor":35},{"not_picked":["Reinforced Body","Chaos"],"picked":"Rebound","floor":39},{"not_picked":["Blaster","Capacitor"],"picked":"Stack","floor":41},{"not_picked":["Streamline","Cold Snap"],"picked":"Static Discharge","floor":42}],"player_experience":20887,"potions_floor_usage":[22,33,48],"damage_taken":[{"damage":1,"enemies":"Cultist","floor":1,"turns":4},{"damage":2,"enemies":"Jaw Worm","floor":2,"turns":3},{"damage":2,"enemies":"Small Slimes","floor":3,"turns":3},{"damage":0,"enemies":"Exordium Wildlife","floor":5,"turns":4},{"damage":6,"enemies":"3 Sentries","floor":6,"turns":6},{"damage":2,"enemies":"Blue Slaver","floor":7,"turns":3},{"damage":11,"enemies":"Large Slime","floor":13,"turns":5},{"damage":12,"enemies":"2 Fungi Beasts","floor":14,"turns":3},{"damage":18,"enemies":"Hexaghost","floor":16,"turns":8},{"damage":12,"enemies":"2 Thieves","floor":18,"turns":4},{"damage":10,"enemies":"Spheric Guardian","floor":19,"turns":4},{"damage":8,"enemies":"Centurion and Healer","floor":20,"turns":5},{"damage":33,"enemies":"Slaver and Parasite","floor":21,"turns":6},{"damage":3,"enemies":"Chosen and Byrds","floor":22,"turns":7},{"damage":33,"enemies":"Slavers","floor":28,"turns":5},{"damage":7,"enemies":"3 Cultists","floor":29,"turns":6},{"damage":4,"enemies":"Snecko","floor":31,"turns":7},{"damage":50,"enemies":"Champ","floor":33,"turns":13},{"damage":10,"enemies":"3 Darklings","floor":35,"turns":6},{"damage":0,"enemies":"3 Shapes","floor":39,"turns":4},{"damage":44,"enemies":"Spire Growth","floor":41,"turns":8},{"damage":18,"enemies":"Flame Bruiser 2 Orb","floor":42,"turns":9},{"damage":13,"enemies":"Sphere and 2 Shapes","floor":47,"turns":3},{"damage":18,"enemies":"Spire Growth","floor":48,"turns":2}],"event_choices":[{"event_name":"Living Wall","player_choice":"Grow","floor":4,"damage_taken":0},{"event_name":"Winding Halls","player_choice":"Embrace Madness","floor":37,"damage_taken":0},{"event_name":"Mysterious Sphere","player_choice":"Ignore","floor":38,"damage_taken":0}],"boss_relics":[{"not_picked":["Runic Dome","Velvet Choker"],"picked":"Astrolabe"},{"not_picked":["Eternal Feather","Lizard Tail"],"picked":"Inserter"}],"potions_floor_spawned":[3,7,13,19,22,33,39,41,42,47],"seed_played":"-8532846937738319728","killed_by":"Spire Growth","ascension_level":0,"is_trial":false}