{"gold_per_floor":[119,137,137,148,166,166,195,195,195,195,195,207,207,232,232,305,305,321,321,334,334,14,14,14,14,14,14,14,14,14,44,44,117,117,132,143,159,175,175,208,240,252,291,303,327,339,365,394,406,418],"floor_reached":50,"playtime":3651,"items_purged":[],"score":1200,"play_id":"7242054e-69d7-4a53-97b1-1053f0e792e7","local_time":"20190515190515","is_ascension_mode":true,"campfire_choices":[{"floor":6.0,"key":"REST"},{"data":"Sweeping Beam","floor":8.0,"key":"SMITH"},{"floor":11.0,"key":"REST"},{"data":"Ball Lightning","floor":13.0,"key":"SMITH"},{"data":"Strike_B","floor":15.0,"key":"SMITH"},{"floor":23.0,"key":"DIG"},{"floor":25.0,"key":"DIG"},{"floor":27.0,"key":"DIG"},{"floor":29.0,"key":"DIG"},{"floor":32.0,"key":"DIG"},{"floor":42.0,"key":"REST"},{"floor":44.0,"key":"DIG"},{"floor":49.0,"key":"REST"}],"neow_cost":"NONE","seed_source_timestamp":99064837144974,"circlet_count":0,"master_deck":["AscendersBane","Strike_B","Strike_B+1","Defend_B+1","Defend_B","Defend_B","Zap+1","Dualcast","White Noise","Reprogram","Go for the Eyes","Biased Cognition","Ball Lightning+1","Sweeping Beam+1","Glacier","Reinforced Body+1","Machine Learning+1","Undo+1","Chaos+1","Electrodynamics+1","Chill+1","Redo+1","Cold Snap+1","Coolheaded+1","Parasite","Steam Power+1","Steam Power+1","Static Discharge+1","Skim+1","Aggregate+1","Force Field+1","Fusion+1","Compile Driver+1","Glacier+1"],"special_seed":0,"relics":["Cracked Core","Pocketwatch","Prayer Wheel","Frozen Egg 2","Sozu","Dodecahedron","Shovel","Anchor","Ginger","Blue Candle","Ornamental Fan","Toxic Egg 2","Letter Opener","DataDisk","Velvet Choker","MawBank","Oddly Smooth Stone","Centennial Puzzle"],"potions_floor_usage":[],"damage_taken":[{"damage":13.0,"enemies":"Small Slimes","floor":1.0,"turns":4.0},{"damage":0.0,"enemies":"2 Louse","floor":2.0,"turns":4.0},{"damage":0.0,"enemies":"Cultist","floor":4.0,"turns":4.0},{"damage":0.0,"enemies":"Looter","floor":5.0,"turns":3.0},{"damage":17.0,"enemies":"Lagavulin","floor":7.0,"turns":7.0},{"damage":6.0,"enemies":"Exordium Thugs","floor":12.0,"turns":3.0},{"damage":4.0,"enemies":"Gremlin Nob","floor":14.0,"turns":3.0},{"damage":0.0,"enemies":"The Guardian","floor":16.0,"turns":10.0},{"damage":4.0,"enemies":"Shell Parasite","floor":18.0,"turns":4.0},{"damage":8.0,"enemies":"3 Byrds","floor":20.0,"turns":4.0},{"damage":4.0,"enemies":"Book of Stabbing","floor":31.0,"turns":6.0},{"damage":0.0,"enemies":"Automaton","floor":33.0,"turns":11.0},{"damage":12.0,"enemies":"3 Darklings","floor":35.0,"turns":3.0},{"damage":0.0,"enemies":"Orb Walker","floor":36.0,"turns":3.0},{"damage":15.0,"enemies":"Spire Growth","floor":37.0,"turns":5.0},{"damage":3.0,"enemies":"Writhing Mass","floor":38.0,"turns":6.0},{"damage":12.0,"enemies":"Reptomancer","floor":40.0,"turns":8.0},{"damage":0.0,"enemies":"Sphere and 2 Shapes","floor":41.0,"turns":3.0},{"damage":0.0,"enemies":"4 Shapes","floor":45.0,"turns":2.0},{"damage":17.0,"enemies":"Transient","floor":47.0,"turns":6.0},{"damage":0.0,"enemies":"3 Darklings","floor":48.0,"turns":2.0},{"damage":71,"enemies":"Awakened One","floor":50,"turns":8}],"seed_played":"1585618392188376776","potions_obtained":[{"floor":2.0,"key":"LiquidBronze"},{"floor":4.0,"key":"Ancient Potion"},{"floor":14.0,"key":"FearPotion"},{"floor":16.0,"key":"Ancient Potion"}],"is_trial":false,"path_per_floor":["M","M","?","M","M","R","E","R","T","?","R","M","R","E","R","B",null,"M","?","M","?","$","R","$","R","T","R","$","R","?","E","R","B",null,"M","M","M","M","?","E","M","R","T","R","M","?","M","M","R","B"],"character_chosen":"DEFECT","items_purchased":["Shovel"],"campfire_rested":4,"item_purchase_floors":[22],"current_hp_per_floor":[51,51,30,30,30,51,34,34,34,27,48,42,42,38,38,38,63,59,59,51,51,51,51,51,51,51,51,51,51,81,77,77,77,80,68,68,53,50,50,38,38,62,62,62,62,62,45,45,69,0],"gold":418,"neow_bonus":"TRANSFORM_CARD","is_prod":false,"is_daily":false,"chose_seed":false,"campfire_upgraded":3,"win_rate":0,"timestamp":1557961515,"path_taken":["M","M","?","M","M","R","E","R","T","?","R","M","R","E","R","BOSS","M","?","?","?","$","R","?","R","T","R","$","R","?","E","R","BOSS","M","?","M","M","?","E","M","R","T","R","M","?","M","?","R","BOSS"],"build_version":"2019-01-23","purchased_purges":0,"victory":false,"max_hp_per_floor":[71,71,71,71,71,71,71,71,71,71,71,71,71,71,71,71,71,71,71,71,71,71,71,71,71,71,71,71,71,81,81,81,81,81,81,81,81,81,81,81,81,81,81,81,81,81,81,81,81,81],"card_choices":[{"not_picked":["Streamline","Gash"],"picked":"Reprogram","floor":1.0},{"not_picked":["Turbo","Darkness"],"picked":"Go for the Eyes","floor":2.0},{"not_picked":["Skim","Hologram"],"picked":"Biased Cognition","floor":4.0},{"not_picked":["Conserve Battery","Cold Snap"],"picked":"Ball Lightning","floor":5.0},{"not_picked":["Redo","Turbo"],"picked":"Sweeping Beam","floor":7.0},{"not_picked":["Steam","Redo"],"picked":"Glacier","floor":12.0},{"not_picked":["Hologram","Streamline"],"picked":"Reinforced Body","floor":12.0},{"not_picked":["Undo","White Noise","Hello World"],"picked":"SKIP","floor":14.0},{"not_picked":["Rainbow","All For One"],"picked":"Machine Learning+1","floor":16.0},{"not_picked":["Turbo","Redo","Barrage"],"picked":"SKIP","floor":18.0},{"not_picked":["Fusion","Go for the Eyes","Hologram"],"picked":"SKIP","floor":18.0},{"not_picked":["Rebound","Cold Snap"],"picked":"Undo+1","floor":20.0},{"not_picked":["Redo","Ball Lightning"],"picked":"Sweeping Beam","floor":20.0},{"not_picked":["BootSequence+1","Ball Lightning"],"picked":"Chaos+1","floor":31.0},{"not_picked":["Thunder Strike","Rainbow+1"],"picked":"Electrodynamics+1","floor":33.0},{"not_picked":["Ball Lightning","Stack+1"],"picked":"Chill+1","floor":35.0},{"not_picked":["Consume+1","Ball Lightning"],"picked":"Redo+1","floor":35.0},{"not_picked":["Stack+1","Turbo+1","Consume+1"],"picked":"SKIP","floor":36.0},{"not_picked":["Turbo+1","Sweeping Beam","Stack+1"],"picked":"SKIP","floor":36.0},{"not_picked":["FTL","Go for the Eyes"],"picked":"Cold Snap+1","floor":37.0},{"not_picked":["Conserve Battery+1","FTL+1"],"picked":"Coolheaded+1","floor":37.0},{"not_picked":["Rebound","Scrape"],"picked":"Steam Power+1","floor":38.0},{"not_picked":["Go for the Eyes","Sweeping Beam","Redo+1"],"picked":"SKIP","floor":38.0},{"not_picked":["Meteor Strike","Steam+1"],"picked":"Steam Power+1","floor":40.0},{"not_picked":["Gash","FTL+1"],"picked":"Static Discharge+1","floor":41.0},{"not_picked":["Streamline+1","Reprogram+1"],"picked":"Skim+1","floor":41.0},{"not_picked":["Scrape","Beam Cell"],"picked":"Aggregate+1","floor":45.0},{"not_picked":["Beam Cell","Redo+1"],"picked":"Force Field+1","floor":45.0},{"not_picked":["Coolheaded+1","Reprogram+1"],"picked":"Fusion+1","floor":47.0},{"not_picked":["Cold Snap+1","Steam Power+1"],"picked":"Compile Driver+1","floor":47.0},{"not_picked":["Double Energy+1","Meteor Strike"],"picked":"Glacier+1","floor":48.0},{"not_picked":["Streamline","Cold Snap","FTL"],"picked":"SKIP","floor":48.0}],"player_experience":658951,"relics_obtained":[{"floor":7.0,"key":"Pocketwatch"},{"floor":9.0,"key":"Prayer Wheel"},{"floor":14.0,"key":"Frozen Egg 2"},{"floor":23.0,"key":"Anchor"},{"floor":25.0,"key":"Ginger"},{"floor":26.0,"key":"Blue Candle"},{"floor":27.0,"key":"Ornamental Fan"},{"floor":29.0,"key":"Toxic Egg 2"},{"floor":31.0,"key":"Letter Opener"},{"floor":32.0,"key":"DataDisk"},{"floor":40.0,"key":"MawBank"},{"floor":43.0,"key":"Oddly Smooth Stone"},{"floor":44.0,"key":"Centennial Puzzle"}],"event_choices":[{"damage_healed":0.0,"max_hp_gain":0.0,"max_hp_loss":0.0,"gold_gain":0.0,"event_name":"Shining Light","player_choice":"Entered Light","floor":3.0,"gold_loss":0.0,"damage_taken":21.0,"cards_upgraded":["Zap","Defend_B"]},{"cards_removed":["Strike_B"],"damage_healed":0.0,"max_hp_gain":0.0,"max_hp_loss":0.0,"gold_gain":0.0,"event_name":"Golden Wing","player_choice":"Card Removal","floor":10.0,"gold_loss":0.0,"damage_taken":7.0},{"damage_healed":0.0,"max_hp_gain":0.0,"max_hp_loss":0.0,"gold_gain":0.0,"event_name":"WeMeetAgain","player_choice":"Gave Potion","floor":19.0,"gold_loss":0.0,"damage_taken":0.0,"relics_obtained":["Dodecahedron"]},{"damage_healed":0.0,"max_hp_gain":0.0,"max_hp_loss":0.0,"gold_gain":0.0,"cards_transformed":["Defend_B"],"event_name":"Transmorgrifier","player_choice":"Transformed","floor":21.0,"gold_loss":0.0,"damage_taken":0.0,"cards_obtained":["Meteor Strike"]},{"cards_removed":["Meteor Strike"],"damage_healed":20.0,"max_hp_gain":10.0,"max_hp_loss":0.0,"gold_gain":0.0,"event_name":"Bonfire Elementals","player_choice":"Offered Rare","floor":30.0,"gold_loss":0.0,"damage_taken":0.0},{"cards_removed":["Sweeping Beam"],"damage_healed":0.0,"max_hp_gain":0.0,"max_hp_loss":0.0,"gold_gain":0.0,"event_name":"Falling","player_choice":"Removed Attack","floor":39.0,"gold_loss":0.0,"damage_taken":0.0},{"damage_healed":0.0,"max_hp_gain":0.0,"max_hp_loss":0.0,"gold_gain":0.0,"event_name":"Upgrade Shrine","player_choice":"Upgraded","floor":46.0,"gold_loss":0.0,"damage_taken":0.0,"cards_upgraded":["Reinforced Body"]}],"is_beta":false,"boss_relics":[{"not_picked":["Cursed Key","Snecko Eye"],"picked":"Sozu"},{"not_picked":["FrozenCore","Runic Pyramid"],"picked":"Velvet Choker"}],"items_purged_floors":[],"is_endless":false,"potions_floor_spawned":[2,4,14,16,18,31,36,37,38,45,47],"killed_by":"Awakened One","ascension_level":20}