{"gold_per_floor":[114,129,129,179,194,194,119,134,134,134,164,191,203,245,257,369,381,408,110,125,140,15,45,45,60,85,100,115,115,115,130,130,230,230,245,248,98,113,128,128,0,0,25,40,40,40,55,70,70,70],"floor_reached":51,"playtime":4643,"items_purged":["Strike_G","Normality","Strike_G","Pain"],"score":731,"play_id":"a9f2375d-5493-4ba5-a8bc-8c126201f56d","local_time":"20190428134453","daily_mods":["Cursed Run","Diverse","Lethality"],"is_ascension_mode":false,"campfire_choices":[{"data":"Coolheaded","floor":6,"key":"SMITH"},{"data":"True Grit","floor":15,"key":"SMITH"},{"floor":24,"key":"REST"},{"floor":29,"key":"REST"},{"floor":32,"key":"REST"},{"floor":40,"key":"REST"},{"floor":42,"key":"REST"},{"floor":45,"key":"REST"},{"data":"Apotheosis","floor":49,"key":"SMITH"}],"neow_cost":"","seed_source_timestamp":0,"circlet_count":0,"master_deck":["Defend_G","Defend_G","Defend_G","Defend_G","Strike_G","Strike_G","Strike_G","Survivor","Neutralize","Beam Cell","Shrug It Off","Coolheaded+1","Pommel Strike","True Grit+1","Acrobatics","Reaper","Sword Boomerang+1","Apotheosis+1","Caltrops","Acrobatics","Heavy Blade","Regret","Glacier","Escape Plan","Dark Embrace","Glacier+1","Go for the Eyes+1","Caltrops","Feel No Pain","Regret","Infernal Blade","Parasite","Second Wind+1","Sword Boomerang+1","Clumsy"],"special_seed":18014,"relics":["Cursed Key","Darkstone Periapt","Du-Vu Doll","Happy Flower","Kunai","Strawberry","MawBank","Potion Belt","Mummified Hand","Boot","Philosopher\u0027s Stone","Dead Branch","Bag of Preparation"],"potions_floor_usage":[5,16,23,25,31,31,44,44,50,50,50,50],"damage_taken":[{"damage":0,"enemies":"Jaw Worm","floor":1,"turns":3},{"damage":0,"enemies":"Cultist","floor":2,"turns":2},{"damage":0,"enemies":"Small Slimes","floor":5,"turns":1},{"damage":1,"enemies":"Red Slaver","floor":8,"turns":2},{"damage":16,"enemies":"3 Sentries","floor":11,"turns":7},{"damage":0,"enemies":"Looter","floor":12,"turns":2},{"damage":0,"enemies":"Lagavulin","floor":14,"turns":4},{"damage":28,"enemies":"Hexaghost","floor":16,"turns":7},{"damage":1,"enemies":"Spheric Guardian","floor":18,"turns":3},{"damage":5,"enemies":"Shell Parasite","floor":20,"turns":4},{"damage":48,"enemies":"Cultist and Chosen","floor":21,"turns":7},{"damage":58,"enemies":"Slavers","floor":23,"turns":6},{"damage":31,"enemies":"Snake Plant","floor":25,"turns":4},{"damage":0,"enemies":"Snecko","floor":27,"turns":3},{"damage":13,"enemies":"Sentry and Sphere","floor":28,"turns":4},{"damage":14,"enemies":"Snake Plant","floor":31,"turns":3},{"damage":46,"enemies":"Collector","floor":33,"turns":11},{"damage":8,"enemies":"Orb Walker","floor":35,"turns":3},{"damage":103,"enemies":"2 Orb Walkers","floor":36,"turns":7},{"damage":25,"enemies":"3 Shapes","floor":38,"turns":4},{"damage":16,"enemies":"Spire Growth","floor":39,"turns":5},{"damage":20,"enemies":"3 Darklings","floor":44,"turns":3},{"damage":4,"enemies":"Writhing Mass","floor":47,"turns":5},{"damage":9,"enemies":"Transient","floor":48,"turns":5},{"damage":59,"enemies":"Awakened One","floor":50,"turns":11}],"seed_played":"-826647459390135187","potions_obtained":[{"floor":2,"key":"Explosive Potion"},{"floor":5,"key":"FearPotion"},{"floor":11,"key":"PowerPotion"},{"floor":23,"key":"Poison Potion"},{"floor":27,"key":"SkillPotion"},{"floor":28,"key":"Dexterity Potion"},{"floor":33,"key":"Dexterity Potion"},{"floor":39,"key":"AttackPotion"},{"floor":44,"key":"Dexterity Potion"},{"floor":47,"key":"Energy Potion"},{"floor":48,"key":"SpeedPotion"}],"is_trial":false,"path_per_floor":["M","M","?","T","M","R","$","M","T","?","E","M","?","E","R","B",null,"M","$","M","M","$","E","R","M","T","M","M","R","$","M","R","B",null,"M","?","$","M","M","R","$","R","T","M","R","?","M","M","R","B",null],"character_chosen":"THE_SILENT","items_purchased":["Apotheosis","Caltrops","Feel No Pain","PowerPotion"],"campfire_rested":6,"item_purchase_floors":[19,19,41,41],"current_hp_per_floor":[70,70,63,69,69,69,69,68,74,81,65,65,65,65,65,43,95,94,94,95,47,47,10,38,11,17,30,17,47,47,39,69,35,107,107,22,22,24,16,48,48,80,86,66,99,99,101,107,107,65],"gold":70,"neow_bonus":"","is_prod":false,"is_daily":true,"chose_seed":false,"campfire_upgraded":3,"win_rate":0,"timestamp":1556473493,"path_taken":["M","M","?","?","M","R","$","M","T","?","E","?","?","E","R","BOSS","M","$","M","M","?","E","R","M","T","M","M","R","$","M","R","BOSS","M","?","$","M","M","R","$","R","T","M","R","?","M","M","R","BOSS"],"build_version":"2019-01-23","purchased_purges":4,"victory":true,"max_hp_per_floor":[70,70,70,76,76,76,76,76,82,89,89,89,89,89,89,95,95,95,95,95,95,95,95,95,95,101,101,101,101,101,101,101,107,107,107,107,107,107,107,107,107,107,113,113,113,107,113,113,113,119],"card_choices":[{"not_picked":["True Grit","Reflex"],"picked":"Beam Cell","floor":1},{"not_picked":["Acrobatics","Clothesline"],"picked":"Shrug It Off","floor":2},{"not_picked":["Catalyst","Pummel"],"picked":"Coolheaded","floor":5},{"not_picked":["Rebound","Sucker Punch"],"picked":"Pommel Strike","floor":8},{"not_picked":["Bullet Time","Rebound"],"picked":"True Grit","floor":11},{"not_picked":["Twin Strike","Quick Slash"],"picked":"Acrobatics","floor":12},{"not_picked":["Bane","Havoc","Poisoned Stab"],"picked":"SKIP","floor":14},{"not_picked":["Doppelganger","Bludgeon"],"picked":"Reaper","floor":16},{"not_picked":["Noxious Fumes","Dagger Spray"],"picked":"Sword Boomerang+1","floor":18},{"not_picked":["Outmaneuver","Bloodletting","Steam"],"picked":"SKIP","floor":20},{"not_picked":["Compile Driver+1","Sweeping Beam"],"picked":"Acrobatics","floor":21},{"not_picked":["Ball Lightning","Combust+1"],"picked":"Heavy Blade","floor":23},{"not_picked":["Catalyst+1","Clothesline","Storm"],"picked":"SKIP","floor":25},{"not_picked":["Lockon+1","Pommel Strike+1"],"picked":"Glacier","floor":27},{"not_picked":["Blade Dance","Redo"],"picked":"Escape Plan","floor":28},{"not_picked":["Flame Barrier","Shrug It Off","Burning Pact"],"picked":"SKIP","floor":31},{"not_picked":["Glass Knife","Feed"],"picked":"Dark Embrace","floor":33},{"not_picked":["Sever Soul","Reflex","Redo"],"picked":"SKIP","floor":35},{"not_picked":["Warcry","Whirlwind+1"],"picked":"Glacier+1","floor":36},{"not_picked":["Clash+1","Dodge and Roll"],"picked":"Go for the Eyes+1","floor":38},{"not_picked":["Slice","Gash"],"picked":"Caltrops","floor":39},{"not_picked":["Blade Dance+1","Dagger Throw+1"],"picked":"Infernal Blade","floor":44},{"not_picked":["Dropkick+1","Power Through+1"],"picked":"Second Wind+1","floor":47},{"not_picked":["Malaise","Slice+1"],"picked":"Sword Boomerang+1","floor":48}],"player_experience":188094,"relics_obtained":[{"floor":4,"key":"Happy Flower"},{"floor":9,"key":"Kunai"},{"floor":10,"key":"Strawberry"},{"floor":11,"key":"MawBank"},{"floor":14,"key":"Potion Belt"},{"floor":23,"key":"Mummified Hand"},{"floor":26,"key":"Boot"},{"floor":36,"key":"Dead Branch"},{"floor":43,"key":"Bag of Preparation"}],"event_choices":[{"cards_removed":["Defend_G"],"damage_healed":0,"gold_gain":0,"player_choice":"Card Removal","damage_taken":7,"max_hp_gain":0,"max_hp_loss":0,"event_name":"Golden Wing","floor":3,"gold_loss":0},{"damage_healed":0,"gold_gain":0,"player_choice":"Relic","damage_taken":0,"max_hp_gain":0,"max_hp_loss":0,"event_name":"Wheel of Change","floor":10,"gold_loss":0},{"cards_removed":["Normality","Pain"],"damage_healed":0,"gold_gain":0,"player_choice":"Removed Curses","damage_taken":0,"max_hp_gain":0,"max_hp_loss":0,"event_name":"Fountain of Cleansing","floor":13,"gold_loss":0},{"damage_healed":0,"gold_gain":0,"player_choice":"Fight","damage_taken":0,"max_hp_gain":0,"max_hp_loss":0,"event_name":"Mysterious Sphere","floor":36,"gold_loss":0},{"damage_healed":0,"gold_gain":0,"player_choice":"Max HP","damage_taken":0,"max_hp_gain":0,"max_hp_loss":6,"event_name":"Winding Halls","floor":46,"gold_loss":0}],"is_beta":false,"boss_relics":[{"not_picked":["Snecko Eye","HoveringKite","Runic Dome"]},{"not_picked":["Orrery","Eternal Feather"],"picked":"Philosopher\u0027s Stone"}],"items_purged_floors":[7,19,22,37],"is_endless":false,"potions_floor_spawned":[2,5,11,23,27,28,33,39,44,47,48],"ascension_level":0}