{"gold_per_floor":[114,193,204,215,4,31,31,64,87,119,119,132,57,90,90,168,168,179,94,112,131,131,131,166,166,166,166,191,38,38,69,69,147,147,158,173,87,1086,1104,1104,1104,1104,1104,584,584,28,45,56,56,56,56],"floor_reached":52,"playtime":3555,"items_purged":["Normality","Normality"],"score":1968,"play_id":"35af01ab-96d0-43eb-934c-998a71eeea62","local_time":"20190527175212","is_ascension_mode":true,"campfire_choices":[{"data":"Sweeping Beam","floor":7.0,"key":"SMITH"},{"data":"Zap","floor":11.0,"key":"SMITH"},{"data":"Self Repair","floor":15.0,"key":"SMITH"},{"data":"Reinforced Body","floor":23.0,"key":"SMITH"},{"data":"Biased Cognition","floor":30.0,"key":"SMITH"},{"data":"Rainbow","floor":32.0,"key":"SMITH"},{"floor":40.0,"key":"RECALL"}],"neow_cost":"NONE","seed_source_timestamp":602717233226602,"circlet_count":0,"master_deck":["AscendersBane","Defend_B","Defend_B","Defend_B","Defend_B","Zap+1","Dualcast","Sweeping Beam+1","Compile Driver","Reinforced Body+1","Ball Lightning","Self Repair+1","All For One","Gash","Biased Cognition+1","Go for the Eyes","Redo+1","RitualDagger","Steam","Coolheaded","Bite","Bite","Bite","Bite","Bite","Rainbow+1","Panacea","Gash","Echo Form","Turbo+1","Hologram+1","Cold Snap","Panacea","Flash of Steel","Good Instincts","FTL","Loop","Pain","Coolheaded","Beam Cell","Glacier","Force Field"],"special_seed":0,"relics":["Cracked Core","Meat on the Bone","PreservedInsect","StoneCalendar","Bag of Marbles","DataDisk","Question Card","Art of War","Coffee Dripper","Strawberry","Ice Cream","Ornamental Fan","Darkstone Periapt","Anchor","Fusion Hammer","Pantograph","Bottled Lightning","WarpedTongs","Incense Burner"],"potions_floor_usage":[51],"damage_taken":[{"damage":1.0,"enemies":"Cultist","floor":1.0,"turns":4.0},{"damage":4.0,"enemies":"Jaw Worm","floor":3.0,"turns":5.0},{"damage":3.0,"enemies":"2 Louse","floor":4.0,"turns":2.0},{"damage":25.0,"enemies":"3 Sentries","floor":6.0,"turns":3.0},{"damage":15.0,"enemies":"Lagavulin","floor":8.0,"turns":6.0},{"damage":15.0,"enemies":"3 Sentries","floor":10.0,"turns":4.0},{"damage":13.0,"enemies":"Blue Slaver","floor":12.0,"turns":3.0},{"damage":20.0,"enemies":"Lagavulin","floor":14.0,"turns":4.0},{"damage":41.0,"enemies":"Hexaghost","floor":16.0,"turns":8.0},{"damage":18.0,"enemies":"Chosen","floor":18.0,"turns":4.0},{"damage":4.0,"enemies":"2 Thieves","floor":20.0,"turns":2.0},{"damage":26.0,"enemies":"3 Cultists","floor":21.0,"turns":5.0},{"damage":28.0,"enemies":"Gremlin Leader","floor":24.0,"turns":4.0},{"damage":10.0,"enemies":"Book of Stabbing","floor":28.0,"turns":4.0},{"damage":0.0,"enemies":"Gremlin Leader","floor":31.0,"turns":4.0},{"damage":26.0,"enemies":"Automaton","floor":33.0,"turns":8.0},{"damage":3.0,"enemies":"3 Shapes","floor":35.0,"turns":5.0},{"damage":18.0,"enemies":"3 Darklings","floor":36.0,"turns":4.0},{"damage":40.0,"enemies":"Writhing Mass","floor":39.0,"turns":6.0},{"damage":5.0,"enemies":"4 Shapes","floor":47.0,"turns":6.0},{"damage":4.0,"enemies":"Jaw Worm Horde","floor":48.0,"turns":5.0},{"damage":27.0,"enemies":"Awakened One","floor":50.0,"turns":12.0},{"damage":25,"enemies":"Donu and Deca","floor":51,"turns":10}],"seed_played":"-157407879360679947","potions_obtained":[{"floor":4.0,"key":"PowerPotion"},{"floor":6.0,"key":"Strength Potion"},{"floor":8.0,"key":"AttackPotion"},{"floor":28.0,"key":"SteroidPotion"},{"floor":33.0,"key":"Weak Potion"},{"floor":47.0,"key":"AttackPotion"}],"is_trial":false,"path_per_floor":["M","T","M","M","$","E","R","E","T","E","R","M","?","E","R","B",null,"M","?","M","M","?","R","E","?","T","?","E","$","R","E","R","B",null,"M","M","$","?","M","R","?","R","T","$","?","$","M","M","R","B","B",null],"character_chosen":"DEFECT","items_purchased":["PreservedInsect","Ball Lightning","Panacea","AttackPotion","Ancient Potion","FTL","Loop","Bottled Lightning","Incense Burner","Coolheaded","Beam Cell"],"campfire_rested":0,"item_purchase_floors":[5,5,29,29,37,44,44,44,46,46,46],"current_hp_per_floor":[70,70,66,63,63,50,50,47,47,51,51,57,57,56,56,37,68,60,67,63,59,53,53,47,47,47,47,53,53,53,59,59,44,55,59,55,55,67,57,57,47,47,47,47,53,53,72,74,74,77,77],"gold":56,"neow_bonus":"TEN_PERCENT_HP_BONUS","is_prod":false,"is_daily":false,"chose_seed":false,"campfire_upgraded":6,"win_rate":0,"timestamp":1558993932,"path_taken":["M","?","M","?","$","E","R","E","T","E","R","M","?","E","R","BOSS","M","?","M","M","?","R","E","?","T","?","E","$","R","E","R","BOSS","M","M","$","?","M","R","?","R","T","$","?","$","M","M","R","BOSS","BOSS"],"build_version":"2019-01-23","purchased_purges":2,"victory":true,"max_hp_per_floor":[78,78,78,78,78,78,78,78,78,78,78,78,78,78,78,78,78,78,85,85,85,85,85,85,85,85,59,59,59,59,59,59,59,59,59,59,59,71,71,71,71,71,71,71,77,77,77,77,77,77,77],"card_choices":[{"not_picked":["Compile Driver","Redo"],"picked":"Sweeping Beam","floor":1.0},{"not_picked":["Beam Cell","Sunder"],"picked":"Compile Driver","floor":3.0},{"not_picked":["Aggregate","Barrage"],"picked":"Reinforced Body","floor":4.0},{"not_picked":["Conserve Battery","Hologram","White Noise"],"picked":"SKIP","floor":6.0},{"not_picked":["Ball Lightning","Compile Driver"],"picked":"Self Repair","floor":8.0},{"not_picked":["Beam Cell","Sunder"],"picked":"All For One","floor":10.0},{"not_picked":["Hologram","Stack","Streamline","Rebound"],"picked":"SKIP","floor":12.0},{"not_picked":["Hologram","Stack","Streamline","Rebound"],"picked":"SKIP","floor":12.0},{"not_picked":["All For One","Streamline","Leap"],"picked":"Gash","floor":14.0},{"not_picked":["Machine Learning","Buffer","Fission"],"picked":"Biased Cognition","floor":16.0},{"not_picked":["Ball Lightning","Rebound","Streamline","Compile Driver"],"picked":"SKIP","floor":18.0},{"not_picked":["Compile Driver","Aggregate","Steam"],"picked":"Go for the Eyes","floor":20.0},{"not_picked":["Aggregate","Rip and Tear","Self Repair"],"picked":"Redo+1","floor":21.0},{"not_picked":["Consume","Ball Lightning+1","Barrage+1"],"picked":"Steam","floor":24.0},{"not_picked":["Go for the Eyes","Auto Shields","Static Discharge"],"picked":"Rainbow","floor":28.0},{"not_picked":["Reboot","White Noise","Sweeping Beam"],"picked":"Gash","floor":31.0},{"not_picked":["Seek","Electrodynamics","Core Surge"],"picked":"Echo Form","floor":33.0},{"not_picked":["Beam Cell","Go for the Eyes","Hello World"],"picked":"Turbo+1","floor":35.0},{"not_picked":["Go for the Eyes+1","Rebound+1","Steam"],"picked":"Hologram+1","floor":36.0},{"not_picked":["Leap","Compile Driver","Aggregate+1"],"picked":"Cold Snap","floor":39.0},{"not_picked":["Magnetism","Purity","Bandage Up"],"picked":"Panacea","floor":41.0},{"not_picked":["Panache","HandOfGreed","Discovery"],"picked":"Flash of Steel","floor":41.0},{"not_picked":["Enlightenment","Madness","HandOfGreed"],"picked":"Good Instincts","floor":41.0},{"not_picked":["Conserve Battery","Steam","Leap+1"],"picked":"Glacier","floor":47.0},{"not_picked":["Streamline","Stack","Glacier"],"picked":"Force Field","floor":48.0}],"player_experience":835094,"relics_obtained":[{"floor":2.0,"key":"Meat on the Bone"},{"floor":6.0,"key":"StoneCalendar"},{"floor":8.0,"key":"Bag of Marbles"},{"floor":9.0,"key":"DataDisk"},{"floor":10.0,"key":"Question Card"},{"floor":14.0,"key":"Art of War"},{"floor":24.0,"key":"Ice Cream"},{"floor":26.0,"key":"Ornamental Fan"},{"floor":28.0,"key":"Darkstone Periapt"},{"floor":31.0,"key":"Anchor"},{"floor":43.0,"key":"Pantograph"}],"event_choices":[{"cards_removed":["Strike_B"],"damage_healed":0.0,"max_hp_gain":0.0,"max_hp_loss":0.0,"gold_gain":0.0,"event_name":"The Cleric","player_choice":"Card Removal","floor":13.0,"gold_loss":75.0,"damage_taken":0.0},{"damage_healed":0.0,"max_hp_gain":0.0,"max_hp_loss":0.0,"gold_gain":0.0,"event_name":"Addict","player_choice":"Obtained Relic","floor":19.0,"gold_loss":85.0,"damage_taken":0.0,"relics_obtained":["Strawberry"]},{"damage_healed":0.0,"max_hp_gain":0.0,"max_hp_loss":0.0,"gold_gain":0.0,"event_name":"Nest","player_choice":"Joined the Cult","floor":22.0,"gold_loss":0.0,"damage_taken":6.0,"cards_obtained":["RitualDagger"]},{"damage_healed":0.0,"max_hp_gain":0.0,"max_hp_loss":0.0,"gold_gain":0.0,"event_name":"The Library","player_choice":"Read","floor":25.0,"gold_loss":0.0,"damage_taken":0.0,"cards_obtained":["Coolheaded"]},{"damage_healed":0.0,"max_hp_gain":0.0,"max_hp_loss":26.0,"gold_gain":0.0,"event_name":"Vampires","player_choice":"Became a vampire","floor":27.0,"gold_loss":0.0,"damage_taken":0.0,"cards_obtained":["Bite","Bite","Bite","Bite","Bite"]},{"damage_healed":0.0,"max_hp_gain":0.0,"max_hp_loss":0.0,"gold_gain":999.0,"event_name":"MindBloom","player_choice":"Gold","floor":38.0,"gold_loss":0.0,"damage_taken":0.0,"cards_obtained":["Normality","Normality"]},{"damage_healed":0.0,"max_hp_gain":0.0,"max_hp_loss":0.0,"gold_gain":0.0,"event_name":"SensoryStone","player_choice":"Memory 3","floor":41.0,"gold_loss":0.0,"damage_taken":10.0},{"damage_healed":0.0,"max_hp_gain":0.0,"max_hp_loss":0.0,"gold_gain":0.0,"event_name":"Accursed Blacksmith","player_choice":"Rummage","floor":45.0,"gold_loss":0.0,"damage_taken":0.0,"relics_obtained":["WarpedTongs"],"cards_obtained":["Pain"]}],"is_beta":false,"boss_relics":[{"not_picked":["Runic Pyramid","Astrolabe"],"picked":"Coffee Dripper"},{"not_picked":["Empty Cage","Orrery"],"picked":"Fusion Hammer"}],"items_purged_floors":[44,46],"is_endless":false,"potions_floor_spawned":[4,6,8,28,33,35,47],"ascension_level":20}