{"gold_per_floor":[119,129,13,31,31,31,58,58,58,88,104,104,78,103,103,174,174,174,174,174,17,17,17,17,17,17,17],"floor_reached":27,"playtime":1258,"items_purged":["Strike_B","Strike_B"],"score":632,"play_id":"0cc19046-e406-463e-b8c5-7052488c1b87","local_time":"20190522224846","is_ascension_mode":true,"campfire_choices":[{"data":"Darkness","floor":6.0,"key":"SMITH"},{"floor":8.0,"key":"REST"},{"data":"Buffer","floor":15.0,"key":"SMITH"},{"data":"Coolheaded","floor":24.0,"key":"SMITH"}],"neow_cost":"NONE","seed_source_timestamp":190591722690958,"circlet_count":0,"master_deck":["AscendersBane","Strike_B","Strike_B","Defend_B","Defend_B","Defend_B","Defend_B","Zap","Dualcast","Core Surge","Doom and Gloom","Ball Lightning","Darkness+1","Leap","Compile Driver","Buffer+1","Coolheaded+1","Reinforced Body","Echo Form","Redo","RitualDagger","Rip and Tear","Stack+1"],"special_seed":0,"relics":["Cracked Core","Ornamental Fan","Vajra","Question Card","Odd Mushroom","Ectoplasm","Tiny Chest","The Courier"],"potions_floor_usage":[27],"damage_taken":[{"damage":0.0,"enemies":"Jaw Worm","floor":1.0,"turns":4.0},{"damage":0.0,"enemies":"2 Louse","floor":2.0,"turns":2.0},{"damage":12.0,"enemies":"Small Slimes","floor":4.0,"turns":3.0},{"damage":20.0,"enemies":"3 Sentries","floor":7.0,"turns":3.0},{"damage":0.0,"enemies":"Lagavulin","floor":10.0,"turns":4.0},{"damage":4.0,"enemies":"Red Slaver","floor":11.0,"turns":3.0},{"damage":19.0,"enemies":"The Mushroom Lair","floor":14.0,"turns":3.0},{"damage":0.0,"enemies":"Slime Boss","floor":16.0,"turns":7.0},{"damage":5.0,"enemies":"Chosen","floor":18.0,"turns":5.0},{"damage":12.0,"enemies":"Spheric Guardian","floor":20.0,"turns":5.0},{"damage":0.0,"enemies":"Snecko","floor":22.0,"turns":5.0},{"damage":9.0,"enemies":"Book of Stabbing","floor":23.0,"turns":3.0},{"damage":26,"enemies":"Cultist and Chosen","floor":25,"turns":6},{"damage":16,"enemies":"Gremlin Leader","floor":27,"turns":3}],"seed_played":"-3655829106146935202","potions_obtained":[{"floor":7.0,"key":"FearPotion"},{"floor":10.0,"key":"SteroidPotion"},{"floor":16.0,"key":"Strength Potion"},{"floor":25,"key":"AttackPotion"}],"is_trial":false,"path_per_floor":["M","M","$","M","?","R","E","R","T","E","M","?","$","?","R","B",null,"M","?","M","$","M","E","R","M","T","E"],"character_chosen":"DEFECT","items_purchased":["Darkness","Coolheaded","AttackPotion"],"campfire_rested":1,"item_purchase_floors":[3,13,21],"current_hp_per_floor":[64,64,64,52,52,52,32,53,53,53,49,54,54,35,35,35,66,61,55,43,43,43,34,34,8,8,0],"gold":17,"neow_bonus":"ONE_RANDOM_RARE_CARD","is_prod":false,"is_daily":false,"chose_seed":false,"campfire_upgraded":3,"win_rate":0,"timestamp":1558579726,"path_taken":["M","M","$","M","?","R","E","R","T","E","M","?","$","?","R","BOSS","M","?","M","$","M","E","R","M","T","E"],"build_version":"2019-01-23","purchased_purges":2,"victory":false,"max_hp_per_floor":[71,71,71,71,71,71,71,71,71,71,71,76,76,76,76,76,76,76,76,76,76,76,76,76,76,76,76],"card_choices":[{"not_picked":["Turbo","Aggregate"],"picked":"Doom and Gloom","floor":1.0},{"not_picked":["Scrape","Redo"],"picked":"Ball Lightning","floor":2.0},{"not_picked":["Heatsinks","Sweeping Beam"],"picked":"Leap","floor":4.0},{"not_picked":["Loop","Turbo"],"picked":"Compile Driver","floor":7.0},{"not_picked":["Rebound","Reprogram"],"picked":"Buffer","floor":10.0},{"not_picked":["Rebound","Ball Lightning","Auto Shields","Stack"],"picked":"SKIP","floor":11.0},{"not_picked":["Undo","Barrage","Turbo"],"picked":"Reinforced Body","floor":14.0},{"not_picked":["Amplify","Core Surge","All For One"],"picked":"Echo Form","floor":16.0},{"not_picked":["Turbo","Compile Driver","Reprogram"],"picked":"Redo","floor":18.0},{"not_picked":["Sunder","Storm","Rebound"],"picked":"Rip and Tear","floor":20.0},{"not_picked":["Go for the Eyes","Redo","Barrage","Double Energy+1"],"picked":"SKIP","floor":22.0},{"not_picked":["Cold Snap+1","Streamline","Blizzard","Aggregate"],"picked":"SKIP","floor":23.0},{"not_picked":["Fusion","Reinforced Body","Gash"],"picked":"Stack+1","floor":25}],"player_experience":751179,"relics_obtained":[{"floor":7.0,"key":"Ornamental Fan"},{"floor":9.0,"key":"Vajra"},{"floor":10.0,"key":"Question Card"},{"floor":14.0,"key":"Odd Mushroom"},{"floor":23.0,"key":"Tiny Chest"},{"floor":26,"key":"The Courier"}],"event_choices":[{"damage_healed":0.0,"max_hp_gain":0.0,"max_hp_loss":0.0,"gold_gain":0.0,"event_name":"Liars Game","player_choice":"Ignored","floor":5.0,"gold_loss":0.0,"damage_taken":0.0},{"damage_healed":0.0,"max_hp_gain":5.0,"max_hp_loss":0.0,"gold_gain":0.0,"event_name":"Big Fish","player_choice":"Donut","floor":12.0,"gold_loss":0.0,"damage_taken":0.0},{"damage_healed":0.0,"max_hp_gain":0.0,"max_hp_loss":0.0,"gold_gain":0.0,"event_name":"Mushrooms","player_choice":"Fought Mushrooms","floor":14.0,"gold_loss":0.0,"damage_taken":0.0},{"damage_healed":0.0,"max_hp_gain":0.0,"max_hp_loss":0.0,"gold_gain":0.0,"event_name":"Nest","player_choice":"Joined the Cult","floor":19.0,"gold_loss":0.0,"damage_taken":6.0,"cards_obtained":["RitualDagger"]}],"is_beta":false,"boss_relics":[{"not_picked":["Eternal Feather","Calling Bell"],"picked":"Ectoplasm"}],"items_purged_floors":[3,21],"is_endless":false,"potions_floor_spawned":[7,10,16,25],"killed_by":"Gremlin Leader","ascension_level":20}