{"gold_per_floor":[116,116,140,152,170,170,23,23,23,39,39,39,83,105,117,231,243,268,245,245,245,18,18,18,15,15,35,35,53,53,64,64,161,161,176,194,194,194,40,40,53,53,53,53,0,0,0,0,0,0],"floor_reached":51,"playtime":2848,"items_purged":[],"score":700,"play_id":"bbf596e9-898a-42cc-aaa6-8a173d06eced","local_time":"20181001033802","is_ascension_mode":true,"campfire_choices":[{"data":"Zap","floor":6.0,"key":"SMITH"},{"data":"Dualcast","floor":8.0,"key":"SMITH"},{"data":"Defragment","floor":15.0,"key":"SMITH"},{"floor":23.0,"key":"REST"},{"floor":30.0,"key":"REST"},{"data":"White Noise","floor":32.0,"key":"SMITH"},{"data":"Buffer","floor":40.0,"key":"SMITH"},{"data":"Buffer","floor":44.0,"key":"SMITH"},{"data":"White Noise","floor":47.0,"key":"SMITH"},{"data":"Hello World","floor":49.0,"key":"SMITH"}],"neow_cost":"NONE","seed_source_timestamp":513129783625878,"circlet_count":0,"master_deck":["Strike_B+1","Strike_B+1","Strike_B+1","Defend_B+1","Defend_B+1","Defend_B+1","Defend_B+1","Zap+1","Dualcast+1","Steam","Hologram","Turbo","Turbo","Capacitor","Defragment+1","Biased Cognition","Go for the Eyes+1","Hello World+1","Capacitor","White Noise+1","Storm+1","Coolheaded","Leap+1","Buffer+1","Conserve Battery","Hologram","Force Field","Static Discharge","Buffer+1","Sweeping Beam+1","Tempest+1","White Noise+1"],"special_seed":0,"relics":["Cracked Core","Blood Vial","Juzu Bracelet","Regal Pillow","MawBank","Oddly Smooth Stone","Sozu","Happy Flower","Sundial","Orrery","Anchor","Mercury Hourglass","Red Mask"],"potions_floor_usage":[],"damage_taken":[{"damage":4.0,"enemies":"Jaw Worm","floor":1.0,"turns":3.0},{"damage":4.0,"enemies":"2 Louse","floor":4.0,"turns":3.0},{"damage":7.0,"enemies":"Small Slimes","floor":5.0,"turns":3.0},{"damage":4.0,"enemies":"2 Fungi Beasts","floor":10.0,"turns":3.0},{"damage":5.0,"enemies":"Lagavulin","floor":13.0,"turns":7.0},{"damage":0.0,"enemies":"Exordium Wildlife","floor":14.0,"turns":2.0},{"damage":26.0,"enemies":"Hexaghost","floor":16.0,"turns":9.0},{"damage":19.0,"enemies":"Shell Parasite","floor":18.0,"turns":5.0},{"damage":4.0,"enemies":"2 Thieves","floor":25.0,"turns":5.0},{"damage":26.0,"enemies":"3 Cultists","floor":27.0,"turns":5.0},{"damage":14.0,"enemies":"Snake Plant","floor":29.0,"turns":3.0},{"damage":22.0,"enemies":"Centurion and Healer","floor":31.0,"turns":3.0},{"damage":43.0,"enemies":"Collector","floor":33.0,"turns":9.0},{"damage":28.0,"enemies":"3 Darklings","floor":35.0,"turns":5.0},{"damage":22.0,"enemies":"3 Shapes","floor":36.0,"turns":2.0},{"damage":0.0,"enemies":"3 Darklings","floor":41.0,"turns":4.0},{"damage":36,"enemies":"Time Eater","floor":50,"turns":11}],"seed_played":"-8536846522578457243","potions_obtained":[{"floor":0.0,"key":"Block Potion"},{"floor":0.0,"key":"SkillPotion"},{"floor":0.0,"key":"LiquidBronze"},{"floor":14.0,"key":"Block Potion"},{"floor":16.0,"key":"SkillPotion"}],"is_trial":false,"path_per_floor":["M","?","T","M","M","R","$","R","T","M","?","?","E","M","R","B",null,"M","$","?","?","$","R","?","M","T","M","?","M","R","M","R","B",null,"M","M","?","?","$","R","M","?","T","R","?","?","R","$","R","B"],"character_chosen":"DEFECT","items_purchased":["Juzu Bracelet","Hello World","Happy Flower","Capacitor","Anchor"],"campfire_rested":2,"item_purchase_floors":[7,19,22,22,39],"current_hp_per_floor":[71,71,71,69,64,64,64,64,64,62,62,62,59,61,61,37,75,56,56,42,42,42,80,80,76,76,52,52,40,79,58,58,17,80,52,32,70,70,70,70,70,70,70,70,70,66,66,66,66,30],"gold":0,"neow_bonus":"THREE_SMALL_POTIONS","is_prod":false,"is_daily":false,"chose_seed":false,"campfire_upgraded":8,"win_rate":0,"timestamp":1538379482,"path_taken":["M","?","?","M","M","R","?","R","T","M","?","?","E","M","R","BOSS","M","?","?","?","?","R","?","M","T","M","?","M","R","M","R","BOSS","M","M","?","?","$","R","M","?","T","R","?","?","R","$","R","BOSS"],"build_version":"2018-09-27","purchased_purges":0,"victory":true,"max_hp_per_floor":[75,75,75,75,75,75,75,75,75,75,75,75,75,75,75,75,75,75,75,80,80,80,80,80,80,80,80,80,80,80,80,80,80,80,80,80,70,70,70,70,70,70,70,70,70,66,66,66,66,66],"card_choices":[{"not_picked":["Sweeping Beam","Undo"],"picked":"Steam","floor":1.0},{"not_picked":["Tempest","Rebound"],"picked":"Hologram","floor":4.0},{"not_picked":["Rip and Tear","Static Discharge"],"picked":"Turbo","floor":5.0},{"not_picked":["Thunder Strike","Rip and Tear"],"picked":"Turbo","floor":10.0},{"not_picked":["Chaos","Redo"],"picked":"Capacitor","floor":13.0},{"not_picked":["Stack","Darkness"],"picked":"Defragment","floor":14.0},{"not_picked":["Meteor Strike","Fission"],"picked":"Biased Cognition","floor":16.0},{"not_picked":["Doom and Gloom+1","Recycle"],"picked":"Go for the Eyes+1","floor":18.0},{"not_picked":["Compile Driver","Glacier"],"picked":"White Noise","floor":25.0},{"not_picked":["Recycle+1","Gash"],"picked":"Storm+1","floor":27.0},{"not_picked":["Conserve Battery","Darkness"],"picked":"Coolheaded","floor":29.0},{"not_picked":["Hologram","Go for the Eyes"],"picked":"Leap+1","floor":31.0},{"not_picked":["Fission","Core Surge"],"picked":"Buffer","floor":33.0},{"not_picked":["Steam","Darkness"],"picked":"Conserve Battery","floor":34.0},{"not_picked":["Rebound","Turbo+1"],"picked":"Hologram","floor":34.0},{"not_picked":["Cold Snap","Barrage"],"picked":"Force Field","floor":34.0},{"not_picked":["Streamline","Steam"],"picked":"Static Discharge","floor":34.0},{"not_picked":["Barrage","Gash"],"picked":"Buffer","floor":34.0},{"not_picked":["Skim+1","Go for the Eyes"],"picked":"Sweeping Beam+1","floor":35.0},{"not_picked":["Redo+1","Beam Cell+1"],"picked":"Tempest+1","floor":36.0},{"not_picked":["Rip and Tear+1","Recycle"],"picked":"White Noise","floor":41.0}],"player_experience":119715,"relics_obtained":[{"floor":3.0,"key":"Blood Vial"},{"floor":9.0,"key":"Regal Pillow"},{"floor":13.0,"key":"Oddly Smooth Stone"},{"floor":26.0,"key":"Sundial"},{"floor":43.0,"key":"Mercury Hourglass"}],"event_choices":[{"event_name":"The Cleric","player_choice":"Leave","floor":2.0,"damage_taken":0.0},{"event_name":"Golden Wing","player_choice":"Ignored","floor":11.0,"damage_taken":0.0},{"event_name":"Dead Adventurer","player_choice":"Searched \u00272\u0027 times","floor":12.0,"damage_taken":0.0},{"event_name":"Forgotten Altar","player_choice":"Shed Blood","floor":20.0,"damage_taken":0.0},{"event_name":"Back to Basics","player_choice":"Simplicity","floor":21.0,"damage_taken":0.0},{"event_name":"Beggar","player_choice":"Ignored","floor":28.0,"damage_taken":0.0},{"event_name":"The Moai Head","player_choice":"Heal","floor":37.0,"damage_taken":0.0},{"event_name":"Mysterious Sphere","player_choice":"Ignore","floor":38.0,"damage_taken":0.0},{"event_name":"Falling","player_choice":"Removed Attack","floor":42.0,"damage_taken":0.0},{"event_name":"Tomb of Lord Red Mask","player_choice":"Paid","floor":45.0,"damage_taken":0.0},{"event_name":"Winding Halls","player_choice":"Max HP","floor":46.0,"damage_taken":0.0}],"is_beta":false,"boss_relics":[{"not_picked":["Runic Dome","Inserter"],"picked":"Sozu"},{"not_picked":["Black Star","Calling Bell"],"picked":"Orrery"}],"items_purged_floors":[],"is_endless":false,"potions_floor_spawned":[5,10,14,16,18,29,31,33,35,36],"ascension_level":2}