{"gold_per_floor":[417,417,435,453,467,499,499,510,510,526,526,13,64,82,82,159,159,174,449,462,462,96,96,96],"floor_reached":24,"playtime":1277,"items_purged":["Regret"],"score":396,"play_id":"10e46c26-4fae-4331-9723-0442c0821a17","local_time":"20190515230231","is_ascension_mode":true,"campfire_choices":[{"floor":7.0,"key":"REST"},{"data":"Melter","floor":11.0,"key":"SMITH"},{"floor":15.0,"key":"REST"},{"data":"Sunder","floor":23.0,"key":"SMITH"}],"neow_cost":"PERCENT_DAMAGE","seed_source_timestamp":115991422071203,"circlet_count":0,"master_deck":["AscendersBane","Strike_B","Strike_B","Strike_B","Defend_B","Defend_B","Defend_B","Defend_B","Zap","Dualcast","Sweeping Beam","Melter+1","White Noise","Coolheaded","Ball Lightning","Thunder Strike","Sunder+1","Ball Lightning","Echo Form"],"special_seed":0,"relics":["Cracked Core","Old Coin","Pocketwatch","The Courier","StoneCalendar","Matryoshka","Velvet Choker","Runic Capacitor"],"potions_floor_usage":[24],"damage_taken":[{"damage":0.0,"enemies":"2 Louse","floor":1.0,"turns":2.0},{"damage":1.0,"enemies":"Cultist","floor":3.0,"turns":3.0},{"damage":4.0,"enemies":"Jaw Worm","floor":4.0,"turns":4.0},{"damage":5.0,"enemies":"Gremlin Gang","floor":5.0,"turns":3.0},{"damage":30.0,"enemies":"3 Sentries","floor":6.0,"turns":6.0},{"damage":12.0,"enemies":"3 Louse","floor":8.0,"turns":3.0},{"damage":2.0,"enemies":"Exordium Thugs","floor":10.0,"turns":4.0},{"damage":3.0,"enemies":"Blue Slaver","floor":14.0,"turns":5.0},{"damage":35.0,"enemies":"Hexaghost","floor":16.0,"turns":9.0},{"damage":20.0,"enemies":"3 Byrds","floor":18.0,"turns":5.0},{"damage":0.0,"enemies":"Spheric Guardian","floor":20.0,"turns":1.0},{"damage":55,"enemies":"Slavers","floor":24,"turns":4}],"seed_played":"-6376613128078147196","potions_obtained":[{"floor":3.0,"key":"SteroidPotion"},{"floor":6.0,"key":"Ancient Potion"},{"floor":14.0,"key":"SneckoOil"},{"floor":16.0,"key":"Energy Potion"},{"floor":20.0,"key":"Poison Potion"}],"is_trial":false,"path_per_floor":["M","?","M","M","M","E","R","M","T","M","R","$","?","M","R","B",null,"M","?","M","?","$","R","E"],"character_chosen":"DEFECT","items_purchased":["Regen Potion","StoneCalendar","Matryoshka","Runic Capacitor","Echo Form"],"campfire_rested":2,"item_purchase_floors":[12,12,12,22,22],"current_hp_per_floor":[46,46,45,41,36,6,27,15,15,13,13,13,13,24,45,10,56,36,36,36,50,50,50,0],"gold":96,"neow_bonus":"ONE_RARE_RELIC","is_prod":false,"is_daily":false,"chose_seed":false,"campfire_upgraded":2,"win_rate":0,"timestamp":1557975751,"path_taken":["M","?","M","M","M","E","R","M","T","M","R","$","?","M","R","BOSS","M","?","?","?","$","R","E"],"build_version":"2019-01-23","purchased_purges":1,"victory":false,"max_hp_per_floor":[71,71,71,71,71,71,71,71,71,71,71,71,71,71,71,71,71,71,71,71,71,71,71,71],"card_choices":[{"not_picked":["Gash","Aggregate","Conserve Battery"],"picked":"SKIP","floor":1.0},{"not_picked":["Capacitor","Undo"],"picked":"Sweeping Beam","floor":3.0},{"not_picked":["Loop","Chill"],"picked":"Melter","floor":4.0},{"not_picked":["Steam Power","Gash","Barrage"],"picked":"SKIP","floor":5.0},{"not_picked":["Skim","Hologram"],"picked":"White Noise","floor":6.0},{"not_picked":["Turbo","Chaos"],"picked":"Coolheaded","floor":8.0},{"not_picked":["Sweeping Beam","Sunder","Recycle"],"picked":"SKIP","floor":10.0},{"not_picked":["Defragment","Doom and Gloom"],"picked":"Ball Lightning","floor":14.0},{"not_picked":["Reboot","Fission"],"picked":"Thunder Strike","floor":16.0},{"not_picked":["Go for the Eyes","Rip and Tear"],"picked":"Sunder","floor":18.0},{"not_picked":["Go for the Eyes","Redo"],"picked":"Ball Lightning","floor":20.0}],"player_experience":673221,"relics_obtained":[{"floor":6.0,"key":"Pocketwatch"},{"floor":9.0,"key":"The Courier"}],"event_choices":[{"cards_removed":["Strike_B"],"damage_healed":0.0,"max_hp_gain":0.0,"max_hp_loss":0.0,"gold_gain":0.0,"event_name":"Bonfire Elementals","player_choice":"Offered Basic","floor":2.0,"gold_loss":0.0,"damage_taken":0.0},{"damage_healed":0.0,"max_hp_gain":0.0,"max_hp_loss":0.0,"gold_gain":51.0,"event_name":"Golden Wing","player_choice":"Gained Gold","floor":13.0,"gold_loss":0.0,"damage_taken":0.0},{"damage_healed":0.0,"max_hp_gain":0.0,"max_hp_loss":0.0,"gold_gain":275.0,"event_name":"Golden Shrine","player_choice":"Desecrate","floor":19.0,"gold_loss":0.0,"damage_taken":0.0,"cards_obtained":["Regret"]},{"damage_healed":14.0,"max_hp_gain":0.0,"max_hp_loss":0.0,"gold_gain":0.0,"event_name":"The Library","player_choice":"Heal","floor":21.0,"gold_loss":0.0,"damage_taken":0.0}],"is_beta":false,"boss_relics":[{"not_picked":["Calling Bell","Philosopher\u0027s Stone"],"picked":"Velvet Choker"}],"items_purged_floors":[22],"is_endless":false,"potions_floor_spawned":[3,6,14,16,20],"killed_by":"Slavers","ascension_level":20}