{"gold_per_floor":[111,122,138,138,64,64,96,96,165,177,209,209,261,271,271,367,367,307,124,124,74,74,74,74,74,74,74,74,74,74,74,74,74,74,74,74,74,74,74,74,74,74,74,74,74,74,74,74,74,74],"floor_reached":50,"playtime":5719,"items_purged":[],"score":604,"play_id":"d45f08bb-4946-4994-b81c-496132ddde00","local_time":"20190505180224","is_ascension_mode":true,"campfire_choices":[{"data":"Caltrops","floor":6,"key":"SMITH"},{"floor":8,"key":"REST"},{"floor":15,"key":"REST"},{"data":"A Thousand Cuts","floor":23,"key":"SMITH"},{"floor":25,"key":"REST"},{"floor":32,"key":"RECALL"},{"floor":42,"key":"REST"},{"floor":46,"key":"REST"},{"floor":49,"key":"REST"}],"neow_cost":"CURSE","seed_source_timestamp":143705675766500,"circlet_count":0,"master_deck":["Defend_G+1","Defend_G+1","Defend_G+1","Defend_G+1","Defend_G+1","Strike_G+1","Strike_G+1","Strike_G+1","Survivor","Neutralize","Flying Knee","Flying Knee","Backflip+1","Caltrops+1","Cloak And Dagger","Backflip","Glass Knife","A Thousand Cuts+1","Finisher","Master of Strategy","Setup+1","Dash+1","Bullet Time","Underhanded Strike+1","Backstab","Backflip","A Thousand Cuts+1","Well Laid Plans+1","Backstab+1","Madness","Madness","Cloak And Dagger+1","Prepared+1","Flying Knee+1","Parasite"],"relics":["Ring of the Snake","Gambling Chip","PreservedInsect","Singing Bowl","Boot","Ectoplasm","The Specimen","Paper Crane","Blue Candle","Empty Cage","The Courier","Mummified Hand"],"potions_floor_usage":[16,16,29,33,41,41,44,50],"damage_taken":[{"damage":0,"enemies":"Small Slimes","floor":1,"turns":4},{"damage":1,"enemies":"2 Louse","floor":2,"turns":3},{"damage":4,"enemies":"Jaw Worm","floor":3,"turns":5},{"damage":16,"enemies":"Lagavulin","floor":7,"turns":7},{"damage":10,"enemies":"Lots of Slimes","floor":10,"turns":4},{"damage":22,"enemies":"Gremlin Nob","floor":11,"turns":4},{"damage":1,"enemies":"Blue Slaver","floor":14,"turns":3},{"damage":21,"enemies":"Slime Boss","floor":16,"turns":12},{"damage":8,"enemies":"2 Thieves","floor":18,"turns":4},{"damage":18,"enemies":"Chosen","floor":22,"turns":5},{"damage":6,"enemies":"Slavers","floor":24,"turns":5},{"damage":0,"enemies":"Gremlin Leader","floor":27,"turns":4},{"damage":0,"enemies":"Centurion and Healer","floor":28,"turns":4},{"damage":2,"enemies":"Snake Plant","floor":30,"turns":3},{"damage":0,"enemies":"3 Cultists","floor":31,"turns":3},{"damage":9,"enemies":"Collector","floor":33,"turns":7},{"damage":10,"enemies":"3 Darklings","floor":35,"turns":6},{"damage":2,"enemies":"Orb Walker","floor":37,"turns":4},{"damage":26,"enemies":"3 Darklings","floor":39,"turns":5},{"damage":10,"enemies":"Jaw Worm Horde","floor":40,"turns":4},{"damage":29,"enemies":"Spire Growth","floor":41,"turns":5},{"damage":3,"enemies":"Nemesis","floor":44,"turns":4},{"damage":0,"enemies":"Writhing Mass","floor":45,"turns":4},{"damage":7,"enemies":"3 Darklings","floor":47,"turns":3},{"damage":2,"enemies":"4 Shapes","floor":48,"turns":2},{"damage":73,"enemies":"Awakened One","floor":50,"turns":5}],"seed_played":"-2487916926269641711","potions_obtained":[{"floor":7,"key":"EssenceOfSteel"},{"floor":10,"key":"FearPotion"},{"floor":18,"key":"LiquidBronze"},{"floor":28,"key":"SteroidPotion"},{"floor":29,"key":"AttackPotion"},{"floor":29,"key":"Fruit Juice"},{"floor":31,"key":"GhostInAJar"},{"floor":33,"key":"Regen Potion"},{"floor":41,"key":"GhostInAJar"},{"floor":44,"key":"SpeedPotion"}],"is_trial":false,"path_per_floor":["M","M","M","?","$","R","E","R","T","M","E","?","T","M","R","B",null,"M","$","?","?","M","R","E","R","T","E","M","?","M","M","R","B",null,"M","?","M","?","M","M","M","R","T","E","M","R","M","M","R","B"],"character_chosen":"THE_SILENT","items_purchased":["Caltrops","Master of Strategy"],"campfire_rested":6,"item_purchase_floors":[5,19],"current_hp_per_floor":[70,69,65,51,51,51,35,56,56,46,24,17,17,16,37,16,70,62,62,62,62,44,44,38,59,59,59,59,64,62,62,62,53,75,65,65,63,54,28,18,3,25,25,24,26,49,44,44,68,0],"gold":74,"neow_bonus":"ONE_RARE_RELIC","is_prod":false,"is_daily":false,"chose_seed":false,"campfire_upgraded":2,"win_rate":0,"timestamp":1557097344,"path_taken":["M","M","M","?","$","R","E","R","T","M","E","?","?","?","R","BOSS","M","$","?","?","M","R","E","R","T","E","?","?","M","?","R","BOSS","M","?","?","?","M","M","M","R","T","E","M","R","M","M","R","BOSS"],"build_version":"2019-01-23","purchased_purges":0,"victory":false,"max_hp_per_floor":[70,70,70,70,70,70,70,70,70,70,70,70,70,70,70,70,70,70,70,70,70,70,70,70,70,70,70,70,75,75,75,75,75,75,75,75,75,75,75,75,75,75,75,77,79,79,81,83,83,83],"card_choices":[{"not_picked":["Acrobatics","Accuracy"],"picked":"Flying Knee","floor":1},{"not_picked":["Accuracy","Outmaneuver"],"picked":"Flying Knee","floor":2},{"not_picked":["Leg Sweep","Flying Knee"],"picked":"Backflip","floor":3},{"not_picked":["Endless Agony","Flechettes"],"picked":"Cloak And Dagger","floor":7},{"not_picked":["Reflex","Bane","Heel Hook"],"picked":"SKIP","floor":10},{"not_picked":["Setup","Dagger Throw"],"picked":"Backflip","floor":11},{"not_picked":["Prepared","Poisoned Stab"],"picked":"Glass Knife","floor":14},{"not_picked":["Night Terror","Grand Finale"],"picked":"A Thousand Cuts","floor":16},{"not_picked":["Outmaneuver","Slice"],"picked":"Finisher","floor":18},{"not_picked":["Underhanded Strike","Poisoned Stab"],"picked":"Setup+1","floor":22},{"not_picked":["Flying Knee","Poisoned Stab"],"picked":"Dash+1","floor":24},{"not_picked":["Glass Knife","Flying Knee"],"picked":"Bullet Time","floor":27},{"not_picked":["Dodge and Roll","Heel Hook+1"],"picked":"Underhanded Strike+1","floor":28},{"not_picked":["Acrobatics","Bane"],"picked":"Backstab","floor":30},{"not_picked":["Skewer","Sucker Punch"],"picked":"Backflip","floor":31},{"not_picked":["Doppelganger","Storm of Steel"],"picked":"A Thousand Cuts","floor":33},{"not_picked":["PiercingWail+1","Outmaneuver+1"],"picked":"Well Laid Plans+1","floor":35},{"not_picked":["Sucker Punch","Deflect"],"picked":"Backstab+1","floor":37},{"not_picked":["Prepared","Outmaneuver"],"picked":"Cloak And Dagger+1","floor":39},{"not_picked":["Deadly Poison","Finisher"],"picked":"Prepared+1","floor":40},{"not_picked":["Accuracy+1","Poisoned Stab"],"picked":"Flying Knee+1","floor":41},{"not_picked":["Accuracy+1","Endless Agony+1","Flying Knee+1"],"picked":"Singing Bowl","floor":44},{"not_picked":["Dodge and Roll+1","Acrobatics+1","Poisoned Stab+1"],"picked":"Singing Bowl","floor":45},{"not_picked":["Underhanded Strike","Blur","Outmaneuver"],"picked":"Singing Bowl","floor":47},{"not_picked":["Slice+1","Concentrate+1","Flying Knee"],"picked":"Singing Bowl","floor":48}],"player_experience":172673,"relics_obtained":[{"floor":7,"key":"PreservedInsect"},{"floor":11,"key":"Singing Bowl"},{"floor":13,"key":"Boot"},{"floor":24,"key":"The Specimen"},{"floor":26,"key":"Paper Crane"},{"floor":27,"key":"Blue Candle"},{"floor":43,"key":"The Courier"},{"floor":44,"key":"Mummified Hand"}],"event_choices":[{"damage_healed":0,"gold_gain":0,"player_choice":"Entered Light","damage_taken":14,"max_hp_gain":0,"max_hp_loss":0,"event_name":"Shining Light","floor":4,"gold_loss":0,"cards_upgraded":["Backflip","Strike_G"]},{"cards_removed":["Injury"],"damage_healed":0,"gold_gain":0,"player_choice":"Card Removal","damage_taken":7,"max_hp_gain":0,"max_hp_loss":0,"event_name":"Golden Wing","floor":12,"gold_loss":0},{"damage_healed":0,"gold_gain":0,"player_choice":"Simplicity","damage_taken":0,"max_hp_gain":0,"max_hp_loss":0,"event_name":"Back to Basics","floor":20,"gold_loss":0,"cards_upgraded":["Defend_G","Defend_G","Defend_G","Defend_G","Defend_G","Strike_G","Strike_G","Strike_G","Strike_G"]},{"damage_healed":0,"gold_gain":100,"player_choice":"Bet on Murderer","damage_taken":0,"max_hp_gain":0,"max_hp_loss":0,"event_name":"The Joust","floor":21,"gold_loss":50},{"damage_healed":0,"gold_gain":0,"player_choice":"Got Potions","damage_taken":0,"max_hp_gain":0,"max_hp_loss":0,"event_name":"Lab","floor":29,"gold_loss":0},{"damage_healed":0,"gold_gain":0,"player_choice":"Forge","damage_taken":0,"max_hp_gain":0,"max_hp_loss":0,"event_name":"Accursed Blacksmith","floor":36,"gold_loss":0,"cards_upgraded":["A Thousand Cuts"]},{"damage_healed":0,"gold_gain":0,"player_choice":"Embrace Madness","damage_taken":9,"max_hp_gain":0,"max_hp_loss":0,"event_name":"Winding Halls","floor":38,"gold_loss":0,"cards_obtained":["Madness","Madness"]}],"is_beta":false,"boss_relics":[{"not_picked":["Busted Crown","HoveringKite"],"picked":"Ectoplasm"},{"not_picked":["Runic Dome","Pandora\u0027s Box"],"picked":"Empty Cage"}],"items_purged_floors":[],"is_endless":false,"potions_floor_spawned":[7,10,18,28,31,33,39,40,41,44],"killed_by":"Awakened One","ascension_level":1}