{"gold_per_floor":[110,60,60,20,39,71,91,125,125,136,154,166,184,109,109,109],"floor_reached":16,"playtime":1350,"items_purged":["Defend_R"],"score":168,"play_id":"e7049712-8586-418c-a312-9f76b53054d8","local_time":"20190415215443","is_ascension_mode":true,"campfire_choices":[{"data":"Entrench","floor":15,"key":"SMITH"}],"neow_cost":"NONE","seed_source_timestamp":3573627110045578,"circlet_count":0,"master_deck":["Strike_R","Strike_R","Strike_R","Strike_R","Defend_R","Defend_R","Defend_R","Bash","Heavy Blade","Bash","Shockwave","Entrench+1","True Grit","Metallicize","Disarm","Disarm","Inflame","Iron Wave"],"relics":["Burning Blood","Blood Vial","Mango","Meat on the Bone"],"potions_floor_usage":[6,6,16],"damage_taken":[{"damage":7,"enemies":"Jaw Worm","floor":1,"turns":3},{"damage":9,"enemies":"2 Louse","floor":5,"turns":3},{"damage":20,"enemies":"Gremlin Nob","floor":6,"turns":4},{"damage":4,"enemies":"Cultist","floor":7,"turns":3},{"damage":33,"enemies":"3 Sentries","floor":8,"turns":10},{"damage":12,"enemies":"3 Louse","floor":10,"turns":4},{"damage":13,"enemies":"Blue Slaver","floor":11,"turns":2},{"damage":8,"enemies":"2 Fungi Beasts","floor":12,"turns":5},{"damage":13,"enemies":"3 Louse","floor":13,"turns":5},{"damage":67,"enemies":"Slime Boss","floor":16,"turns":15}],"seed_played":"-416837758032688524","potions_obtained":[{"floor":1,"key":"Poison Potion"},{"floor":5,"key":"SkillPotion"},{"floor":12,"key":"Dexterity Potion"},{"floor":13,"key":"AttackPotion"}],"is_trial":false,"path_per_floor":["M","?","?","$","M","E","M","E","T","M","M","M","M","$","R","B"],"character_chosen":"IRONCLAD","items_purchased":["Shockwave"],"campfire_rested":0,"item_purchase_floors":[4],"current_hp_per_floor":[87,87,87,87,84,70,74,63,63,59,66,66,61,61,61,0],"gold":109,"neow_bonus":"TEN_PERCENT_HP_BONUS","is_prod":false,"is_daily":false,"chose_seed":false,"campfire_upgraded":1,"win_rate":0,"timestamp":1555379683,"path_taken":["M","?","?","$","M","E","M","E","T","M","M","M","?","$","R","BOSS"],"build_version":"2019-01-23","purchased_purges":1,"victory":false,"max_hp_per_floor":[88,88,88,88,88,88,88,102,102,102,102,102,102,102,102,102],"card_choices":[{"not_picked":["Battle Trance","Anger","Carnage"],"picked":"SKIP","floor":1},{"not_picked":["Flex","Wild Strike"],"picked":"Entrench","floor":5},{"not_picked":["Sword Boomerang","Burning Pact"],"picked":"True Grit","floor":6},{"not_picked":["Whirlwind","Immolate"],"picked":"Metallicize","floor":7},{"not_picked":["Feel No Pain","Exhume"],"picked":"Disarm","floor":8},{"not_picked":["Havoc","Twin Strike","Sword Boomerang"],"picked":"SKIP","floor":10},{"not_picked":["Battle Trance","Anger"],"picked":"Disarm","floor":11},{"not_picked":["Dual Wield","Clash"],"picked":"Inflame","floor":12},{"not_picked":["Clothesline","Searing Blow"],"picked":"Iron Wave","floor":13}],"player_experience":110740,"relics_obtained":[{"floor":6,"key":"Blood Vial"},{"floor":8,"key":"Mango"},{"floor":9,"key":"Meat on the Bone"}],"event_choices":[{"cards_removed":["Strike_R"],"damage_healed":0,"gold_gain":0,"player_choice":"Card Removal","damage_taken":0,"max_hp_gain":0,"max_hp_loss":0,"event_name":"The Cleric","floor":2,"gold_loss":50},{"damage_healed":0,"gold_gain":0,"player_choice":"2 cards matched","damage_taken":0,"max_hp_gain":0,"max_hp_loss":0,"event_name":"Match and Keep!","floor":3,"gold_loss":0,"cards_obtained":["Heavy Blade","Bash"]},{"damage_healed":0,"gold_gain":0,"player_choice":"2 cards matched","damage_taken":0,"max_hp_gain":0,"max_hp_loss":0,"event_name":"Match and Keep!","floor":3,"gold_loss":0,"cards_obtained":["Heavy Blade","Bash"]}],"is_beta":false,"boss_relics":[],"items_purged_floors":[14],"is_endless":false,"potions_floor_spawned":[1,5,12,13],"killed_by":"Slime Boss","ascension_level":5}