{"gold_per_floor":[217,231,306,306,193,237,253,253,276,299,338,358,372,411,411,537,537,556,576,576,433,452,493,493,536,536,536,536,0,35,53,53,53],"floor_reached":33,"playtime":2357,"items_purged":["Strike_R"],"score":496,"play_id":"9e9d44e8-f079-44e6-9dd2-05b1c4d8d6ff","local_time":"20190508003834","is_ascension_mode":true,"campfire_choices":[{"data":"Armaments","floor":8.0,"key":"SMITH"},{"data":"Heavy Blade","floor":15.0,"key":"SMITH"},{"data":"Double Tap","floor":24,"key":"SMITH"},{"floor":28,"key":"REST"},{"data":"Inflame","floor":32,"key":"SMITH"}],"neow_cost":"NONE","seed_source_timestamp":281301994022034,"circlet_count":0,"master_deck":["Defend_R+1","Defend_R+1","Defend_R+1","Defend_R+1","Bash","Inflame","Pummel","Metallicize","Shrug It Off","Armaments+1","Headbutt","Headbutt","Inflame+1","Heavy Blade+1","Double Tap+1","Clothesline+1","Pummel","Bite","Bite","Bite","Bite","Bite","Intimidate","Shrug It Off","Shrug It Off","Flex+1","Whirlwind"],"special_seed":0,"relics":["Burning Blood","Golden Idol","Orichalcum","Bag of Marbles","War Paint","Calipers","Mark of Pain","Vajra","Bottled Flame","Red Skull","Lantern","Bottled Tornado","Kunai","Boot"],"potions_floor_usage":[25,33],"damage_taken":[{"damage":2.0,"enemies":"Jaw Worm","floor":1.0,"turns":3.0},{"damage":2.0,"enemies":"Small Slimes","floor":2.0,"turns":4.0},{"damage":33.0,"enemies":"Lagavulin","floor":6.0,"turns":8.0},{"damage":0.0,"enemies":"2 Louse","floor":7.0,"turns":4.0},{"damage":0.0,"enemies":"2 Fungi Beasts","floor":10.0,"turns":4.0},{"damage":2.0,"enemies":"3 Sentries","floor":11.0,"turns":14.0},{"damage":11.0,"enemies":"Looter","floor":12.0,"turns":3.0},{"damage":0.0,"enemies":"Exordium Wildlife","floor":13.0,"turns":5.0},{"damage":18.0,"enemies":"Lagavulin","floor":14.0,"turns":6.0},{"damage":13,"enemies":"Hexaghost","floor":16,"turns":8},{"damage":21,"enemies":"Shell Parasite","floor":18,"turns":6},{"damage":2,"enemies":"Spheric Guardian","floor":19,"turns":3},{"damage":12,"enemies":"Cultist and Chosen","floor":22,"turns":4},{"damage":42,"enemies":"Book of Stabbing","floor":23,"turns":5},{"damage":41,"enemies":"Gremlin Leader","floor":25,"turns":7},{"damage":10,"enemies":"Book of Stabbing","floor":30,"turns":4},{"damage":5,"enemies":"Snecko","floor":31,"turns":3},{"damage":44,"enemies":"Collector","floor":33,"turns":6}],"seed_played":"2293756718545053859","potions_obtained":[{"floor":6.0,"key":"EssenceOfSteel"},{"floor":10.0,"key":"SpeedPotion"},{"floor":13.0,"key":"FearPotion"},{"floor":16,"key":"Ancient Potion"},{"floor":23,"key":"Ancient Potion"},{"floor":25,"key":"SteroidPotion"}],"is_trial":false,"path_per_floor":["M","M","?","?","$","E","M","R","T","M","E","M","M","E","R","B",null,"M","M","?","$","M","E","R","E","T","?","R","$","E","M","R","B"],"character_chosen":"IRONCLAD","items_purchased":["Metallicize","Vajra","Bottled Tornado","Kunai","Shrug It Off"],"campfire_rested":1,"item_purchase_floors":[5,21,29,29,29],"current_hp_per_floor":[76,80,69,49,49,22,28,28,28,34,38,33,39,27,27,20,65,50,54,54,54,56,28,28,9,9,9,25,25,29,32,32,0],"gold":53,"neow_bonus":"HUNDRED_GOLD","is_prod":false,"is_daily":false,"chose_seed":false,"campfire_upgraded":4,"win_rate":0,"timestamp":1557290314,"path_taken":["M","M","?","?","$","E","M","R","T","M","E","M","M","E","R","BOSS","M","M","?","$","M","E","R","E","T","?","R","$","E","M","R","BOSS"],"build_version":"2019-01-23","purchased_purges":1,"victory":false,"max_hp_per_floor":[80,80,80,80,80,80,80,80,80,80,80,80,80,80,80,80,80,80,80,56,56,56,56,56,56,56,56,56,56,56,56,56,56],"card_choices":[{"not_picked":["Havoc","Perfected Strike"],"picked":"Inflame","floor":1.0},{"not_picked":["Clash","Wild Strike"],"picked":"Pummel","floor":2.0},{"not_picked":["Wild Strike","Disarm"],"picked":"Shrug It Off","floor":6.0},{"not_picked":["Iron Wave","Blood for Blood"],"picked":"Armaments","floor":7.0},{"not_picked":["Cleave","Intimidate"],"picked":"Headbutt","floor":10.0},{"not_picked":["Sever Soul","Offering"],"picked":"Headbutt","floor":11.0},{"not_picked":["Clash","Dual Wield"],"picked":"Inflame","floor":12.0},{"not_picked":["Warcry","Perfected Strike","Rage"],"picked":"SKIP","floor":13.0},{"not_picked":["Flex","Havoc"],"picked":"Heavy Blade","floor":14.0},{"not_picked":["Exhume","Berserk"],"picked":"Double Tap","floor":16},{"not_picked":["Body Slam","Intimidate"],"picked":"Clothesline+1","floor":18},{"not_picked":["Burning Pact","Intimidate"],"picked":"Pummel","floor":19},{"not_picked":["Anger","Clothesline+1"],"picked":"Intimidate","floor":22},{"not_picked":["Clash","Sentinel","Berserk"],"picked":"SKIP","floor":23},{"not_picked":["Searing Blow","Disarm"],"picked":"Shrug It Off","floor":25},{"not_picked":["Pummel","Warcry+1"],"picked":"Flex+1","floor":30},{"not_picked":["Pummel","Infernal Blade"],"picked":"Whirlwind","floor":31}],"player_experience":410642,"relics_obtained":[{"floor":6.0,"key":"Orichalcum"},{"floor":9.0,"key":"Bag of Marbles"},{"floor":11.0,"key":"War Paint"},{"floor":14.0,"key":"Calipers"},{"floor":23,"key":"Bottled Flame"},{"floor":25,"key":"Red Skull"},{"floor":26,"key":"Lantern"},{"floor":30,"key":"Boot"}],"event_choices":[{"damage_healed":0.0,"max_hp_gain":0.0,"max_hp_loss":0.0,"gold_gain":75.0,"event_name":"World of Goop","player_choice":"Gather Gold","floor":3.0,"gold_loss":0.0,"damage_taken":11.0},{"damage_healed":0.0,"max_hp_gain":0.0,"max_hp_loss":0.0,"gold_gain":0.0,"event_name":"Golden Idol","player_choice":"Take Damage","floor":4.0,"gold_loss":0.0,"damage_taken":20.0,"relics_obtained":["Golden Idol"]},{"damage_healed":0,"gold_gain":0,"player_choice":"Became a vampire","damage_taken":0,"max_hp_gain":0,"max_hp_loss":24,"event_name":"Vampires","floor":20,"gold_loss":0,"cards_obtained":["Bite","Bite","Bite","Bite","Bite"]},{"damage_healed":0,"gold_gain":0,"player_choice":"Simplicity","damage_taken":0,"max_hp_gain":0,"max_hp_loss":0,"event_name":"Back to Basics","floor":27,"gold_loss":0,"cards_upgraded":["Defend_R","Defend_R"]}],"is_beta":false,"boss_relics":[{"not_picked":["Runic Cube","Astrolabe"],"picked":"Mark of Pain"}],"items_purged_floors":[5],"is_endless":false,"potions_floor_spawned":[6,10,13,16,23,25],"killed_by":"Collector","ascension_level":9}