{"gold_per_floor":[116,126,126,49,59,91,110,110],"floor_reached":8,"playtime":611,"items_purged":[],"score":73,"play_id":"8ec75e7c-c964-4d8e-83d8-74937993228c","local_time":"20190415230642","is_ascension_mode":true,"campfire_choices":[],"neow_cost":"NONE","seed_source_timestamp":3578691285145982,"circlet_count":0,"master_deck":["Strike_R","Strike_R","Strike_R","Strike_R","Strike_R+1","Defend_R","Defend_R","Defend_R+1","Defend_R","Bash","True Grit","Inflame","Spot Weakness","Flame Barrier","Body Slam"],"relics":["Burning Blood","Bag of Preparation","Pocketwatch"],"potions_floor_usage":[7,7],"damage_taken":[{"damage":9,"enemies":"2 Louse","floor":1,"turns":3},{"damage":3,"enemies":"Small Slimes","floor":2,"turns":3},{"damage":4,"enemies":"Jaw Worm","floor":5,"turns":3},{"damage":55,"enemies":"Lagavulin","floor":6,"turns":7},{"damage":8,"enemies":"Gremlin Gang","floor":7,"turns":5},{"damage":18,"enemies":"The Mushroom Lair","floor":8,"turns":2}],"seed_played":"-5248590389623389133","potions_obtained":[{"floor":5,"key":"GamblersBrew"},{"floor":6,"key":"SkillPotion"}],"is_trial":false,"path_per_floor":["M","M","?","$","M","E","M","?"],"character_chosen":"IRONCLAD","items_purchased":["Spot Weakness"],"campfire_rested":0,"item_purchase_floors":[4],"current_hp_per_floor":[77,80,64,64,66,17,15,0],"gold":110,"neow_bonus":"RANDOM_COMMON_RELIC","is_prod":false,"is_daily":false,"chose_seed":false,"campfire_upgraded":0,"win_rate":0,"timestamp":1555384002,"path_taken":["M","M","?","$","M","E","M","?"],"build_version":"2019-01-23","purchased_purges":0,"victory":false,"max_hp_per_floor":[80,80,80,80,80,80,80,80],"card_choices":[{"not_picked":["Searing Blow","Headbutt"],"picked":"True Grit","floor":1},{"not_picked":["Corruption","Bloodletting"],"picked":"Inflame","floor":2},{"not_picked":["Thunderclap","Clash","Hemokinesis"],"picked":"SKIP","floor":5},{"not_picked":["Armaments","Power Through"],"picked":"Flame Barrier","floor":6},{"not_picked":["Blood for Blood","Flex"],"picked":"Body Slam","floor":7}],"player_experience":115745,"relics_obtained":[{"floor":6,"key":"Pocketwatch"}],"event_choices":[{"damage_healed":0,"gold_gain":0,"player_choice":"Entered Light","damage_taken":16,"max_hp_gain":0,"max_hp_loss":0,"event_name":"Shining Light","floor":3,"gold_loss":0,"cards_upgraded":["Strike_R","Defend_R"]},{"damage_healed":0,"gold_gain":0,"player_choice":"Fought Mushrooms","damage_taken":0,"max_hp_gain":0,"max_hp_loss":0,"event_name":"Mushrooms","floor":8,"gold_loss":0}],"is_beta":false,"boss_relics":[],"items_purged_floors":[],"is_endless":false,"potions_floor_spawned":[5,6],"killed_by":"The Mushroom Lair","ascension_level":5}