{"gold_per_floor":[109,120,132,57,76,111,111,146,146,146,116,150,164,176,176,275,275,289,289,11,27,43,76,92,108,134,168,43,69,69,79,79,179,179,190,190,119,133,182,182,209,209,209,23,41,55,68,85,85,85,85,85,15,45,45],"floor_reached":56,"playtime":7925,"items_purged":["Defend_G","Strike_G","Normality","Normality"],"score":1284,"play_id":"940bd134-b108-433c-b426-005b761ef1e4","local_time":"20190424214638","is_ascension_mode":true,"campfire_choices":[{"floor":7,"key":"REST"},{"data":"Footwork","floor":10,"key":"SMITH"},{"data":"Envenom","floor":15,"key":"SMITH"},{"data":"Infinite Blades","floor":30,"key":"SMITH"},{"data":"A Thousand Cuts","floor":32,"key":"SMITH"},{"data":"After Image","floor":40,"key":"SMITH"},{"data":"Footwork","floor":42,"key":"SMITH"},{"floor":49,"key":"RECALL"},{"data":"Malaise","floor":52,"key":"SMITH"}],"neow_cost":"NONE","seed_source_timestamp":4344043306744487,"circlet_count":0,"master_deck":["Defend_G","Defend_G","Strike_G","Strike_G","Survivor","Neutralize","Crippling Poison","Blur","Catalyst","Footwork+1","Noxious Fumes","A Thousand Cuts+1","Envenom+1","Deflect","Terror","Acrobatics","Glass Knife","Bane","Footwork+1","Sadistic Nature","Backstab","Backflip","PiercingWail","Infinite Blades+1","Malaise+1","After Image+1","Corpse Explosion+1","Poisoned Stab+1","Reflex+1","Panache","Footwork+1","Deflect+1","Distraction+1","Tools of the Trade","Caltrops+1","Prepared+1","Prepared+1","Parasite","PiercingWail+1","Crippling Poison+1","Noxious Fumes+1"],"relics":["Ring of the Snake","Bag of Preparation","Centennial Puzzle","Letter Opener","Bird Faced Urn","Cursed Key","Potion Belt","Sundial","Boot","Astrolabe","Tingsha","Oddly Smooth Stone","Frozen Egg 2","Bronze Scales"],"potions_floor_usage":[5,8,16,16,16,18,23,27,29,33,41,48,50,54,55,55],"damage_taken":[{"damage":2,"enemies":"2 Louse","floor":1,"turns":2},{"damage":1,"enemies":"Cultist","floor":2,"turns":4},{"damage":5,"enemies":"Jaw Worm","floor":3,"turns":5},{"damage":3,"enemies":"3 Louse","floor":5,"turns":3},{"damage":31,"enemies":"3 Sentries","floor":6,"turns":8},{"damage":4,"enemies":"Lagavulin","floor":8,"turns":7},{"damage":2,"enemies":"Looter","floor":11,"turns":4},{"damage":34,"enemies":"Gremlin Nob","floor":12,"turns":6},{"damage":8,"enemies":"Blue Slaver","floor":13,"turns":6},{"damage":5,"enemies":"2 Fungi Beasts","floor":14,"turns":4},{"damage":9,"enemies":"The Guardian","floor":16,"turns":9},{"damage":21,"enemies":"3 Byrds","floor":18,"turns":4},{"damage":0,"enemies":"Shell Parasite","floor":21,"turns":7},{"damage":19,"enemies":"Shelled Parasite and Fungi","floor":22,"turns":5},{"damage":23,"enemies":"Gremlin Leader","floor":23,"turns":4},{"damage":4,"enemies":"Chosen and Byrds","floor":24,"turns":6},{"damage":8,"enemies":"Centurion and Healer","floor":25,"turns":6},{"damage":21,"enemies":"Slavers","floor":27,"turns":6},{"damage":4,"enemies":"Gremlin Leader","floor":29,"turns":7},{"damage":12,"enemies":"Snake Plant","floor":31,"turns":5},{"damage":23,"enemies":"Automaton","floor":33,"turns":8},{"damage":7,"enemies":"Orb Walker","floor":35,"turns":4},{"damage":10,"enemies":"3 Darklings","floor":38,"turns":3},{"damage":30,"enemies":"2 Orb Walkers","floor":39,"turns":5},{"damage":3,"enemies":"Nemesis","floor":41,"turns":6},{"damage":26,"enemies":"Jaw Worm Horde","floor":45,"turns":4},{"damage":2,"enemies":"Maw","floor":46,"turns":7},{"damage":26,"enemies":"Writhing Mass","floor":47,"turns":5},{"damage":14,"enemies":"Spire Growth","floor":48,"turns":5},{"damage":37,"enemies":"Time Eater","floor":50,"turns":12},{"damage":21,"enemies":"Shield and Spear","floor":54,"turns":5},{"damage":66,"enemies":"The Heart","floor":55,"turns":11}],"seed_played":"-853245092345292669","potions_obtained":[{"floor":2,"key":"GhostInAJar"},{"floor":6,"key":"Strength Potion"},{"floor":12,"key":"SkillPotion"},{"floor":13,"key":"PowerPotion"},{"floor":14,"key":"LiquidBronze"},{"floor":16,"key":"Explosive Potion"},{"floor":21,"key":"Regen Potion"},{"floor":23,"key":"GhostInAJar"},{"floor":24,"key":"LiquidBronze"},{"floor":25,"key":"Fire Potion"},{"floor":31,"key":"PowerPotion"},{"floor":33,"key":"GhostInAJar"},{"floor":39,"key":"Fire Potion"},{"floor":47,"key":"Fire Potion"},{"floor":48,"key":"Weak Potion"},{"floor":54,"key":"SteroidPotion"}],"is_trial":false,"path_per_floor":["M","M","M","$","M","E","R","E","T","R","M","E","M","M","R","B",null,"M","?","$","M","M","E","M","M","T","E","$","E","R","M","R","B",null,"M","?","$","M","?","R","E","R","T","$","M","M","M","M","R","B",null,"R","$","E","B",null],"character_chosen":"THE_SILENT","items_purchased":["Sadistic Nature","Footwork","Caltrops+1","Noxious Fumes+1"],"campfire_rested":1,"item_purchase_floors":[20,37,44,53],"current_hp_per_floor":[68,67,62,62,59,28,49,45,45,45,43,9,9,10,10,11,70,51,51,51,63,56,59,67,70,70,55,55,65,65,58,58,49,70,69,69,69,66,52,52,69,69,69,69,54,70,58,64,64,51,70,70,70,59,19],"gold":45,"neow_bonus":"TRANSFORM_CARD","is_prod":false,"is_daily":false,"chose_seed":false,"campfire_upgraded":7,"win_rate":0,"timestamp":1556156798,"path_taken":["M","M","M","$","M","E","R","E","T","R","M","E","M","M","R","BOSS","M","?","$","M","M","E","M","M","T","E","?","E","R","M","R","BOSS","M","?","$","M","?","R","E","R","T","$","M","M","M","M","R","BOSS","R","$","E","BOSS"],"build_version":"2019-01-23","purchased_purges":4,"victory":true,"max_hp_per_floor":[70,70,70,70,70,70,70,70,70,70,70,70,70,70,70,70,70,70,70,70,70,70,70,70,70,70,70,70,70,70,70,70,70,70,70,70,70,70,70,70,70,70,70,70,70,70,70,70,70,70,70,70,70,70,70],"card_choices":[{"not_picked":["Backflip","Slice"],"picked":"Blur","floor":1},{"not_picked":["Quick Slash","Dagger Throw"],"picked":"Catalyst","floor":2},{"not_picked":["Skewer","Underhanded Strike"],"picked":"Footwork","floor":3},{"not_picked":["Slice","Expertise"],"picked":"Noxious Fumes","floor":5},{"not_picked":["Reflex","Flying Knee"],"picked":"A Thousand Cuts","floor":6},{"not_picked":["Backflip","Backstab"],"picked":"Envenom","floor":8},{"not_picked":["Underhanded Strike","Predator"],"picked":"Deflect","floor":11},{"not_picked":["Bane","Flechettes"],"picked":"Terror","floor":12},{"not_picked":["Deflect","Heel Hook"],"picked":"Acrobatics","floor":13},{"not_picked":["Terror","Sucker Punch","Dagger Throw"],"picked":"SKIP","floor":14},{"not_picked":["Phantasmal Killer","Wraith Form v2"],"picked":"Glass Knife","floor":16},{"not_picked":["Acrobatics","Slice"],"picked":"Bane","floor":18},{"not_picked":["Prepared","Skewer"],"picked":"Backstab","floor":21},{"not_picked":["Sucker Punch+1","Endless Agony"],"picked":"Backflip","floor":22},{"not_picked":["Skewer","Riddle With Holes"],"picked":"PiercingWail","floor":23},{"not_picked":["Deadly Poison","Bane","Expertise+1"],"picked":"SKIP","floor":24},{"not_picked":["Deadly Poison","Acrobatics+1"],"picked":"Infinite Blades","floor":25},{"not_picked":["Deadly Poison","Quick Slash"],"picked":"Malaise","floor":27},{"not_picked":["All Out Attack+1","Dagger Throw","Predator"],"picked":"SKIP","floor":29},{"not_picked":["Quick Slash","Outmaneuver","Dagger Throw"],"picked":"SKIP","floor":31},{"not_picked":["Envenom","Bullet Time"],"picked":"After Image","floor":33},{"not_picked":["Dagger Throw+1","Sucker Punch+1","Poisoned Stab+1"],"picked":"SKIP","floor":35},{"not_picked":["Flash of Steel","Dark Shackles"],"picked":"Panache","floor":36},{"not_picked":["Backflip","Distraction"],"picked":"Deflect+1","floor":38},{"not_picked":["PiercingWail","Flying Knee"],"picked":"Distraction+1","floor":39},{"not_picked":["Outmaneuver+1","Dagger Spray+1"],"picked":"Tools of the Trade","floor":41},{"not_picked":["Sucker Punch","Riddle With Holes+1"],"picked":"Prepared+1","floor":45},{"not_picked":["Slice+1","Dagger Throw"],"picked":"Prepared+1","floor":46},{"not_picked":["Backflip+1","Underhanded Strike+1"],"picked":"PiercingWail+1","floor":47},{"not_picked":["Reflex","Prepared+1"],"picked":"Crippling Poison+1","floor":48},{"not_picked":["Bane","Outmaneuver","Flechettes+1"],"picked":"SKIP","floor":54}],"player_experience":120416,"relics_obtained":[{"floor":6,"key":"Bag of Preparation"},{"floor":8,"key":"Centennial Puzzle"},{"floor":9,"key":"Letter Opener"},{"floor":12,"key":"Bird Faced Urn"},{"floor":23,"key":"Potion Belt"},{"floor":27,"key":"Sundial"},{"floor":29,"key":"Boot"},{"floor":39,"key":"Tingsha"},{"floor":41,"key":"Oddly Smooth Stone"},{"floor":43,"key":"Frozen Egg 2"},{"floor":54,"key":"Bronze Scales"}],"event_choices":[{"damage_healed":0,"gold_gain":0,"player_choice":"Copied","damage_taken":0,"max_hp_gain":0,"max_hp_loss":0,"event_name":"Duplicator","floor":19,"gold_loss":0,"cards_obtained":["Footwork"]},{"damage_healed":0,"gold_gain":0,"player_choice":"Memory 1","damage_taken":0,"max_hp_gain":0,"max_hp_loss":0,"event_name":"SensoryStone","floor":36,"gold_loss":0},{"damage_healed":0,"gold_gain":0,"player_choice":"Fight","damage_taken":0,"max_hp_gain":0,"max_hp_loss":0,"event_name":"Mysterious Sphere","floor":39,"gold_loss":0}],"is_beta":false,"boss_relics":[{"not_picked":["Black Star","Ectoplasm"],"picked":"Cursed Key"},{"not_picked":["Tiny House","Runic Dome"],"picked":"Astrolabe"}],"items_purged_floors":[4,20,28,44],"is_endless":false,"potions_floor_spawned":[2,6,12,13,14,16,21,23,24,25,31,33,39,47,48,54],"ascension_level":1}