{"gold_per_floor":[113,131,206,90,90,120,140,158,158,168,168,188,217,231,231,336,336,348,1,13,113,123,137,62,62,109,136,161,161,221,240,240,341,341,353,366,366,59,281,307,15,15,15,46,46,60,60,79,79,79,79,79,79,114,114],"floor_reached":56,"playtime":3935,"items_purged":["Strike_R","Shame"],"score":1332,"play_id":"dac9764f-4dc7-485a-b3d7-1dfc82a8443e","local_time":"20190510164418","is_ascension_mode":false,"campfire_choices":[{"data":"Wild Strike","floor":15.0,"key":"SMITH"},{"data":"Whirlwind","floor":25.0,"key":"SMITH"},{"data":"Rampage","floor":29.0,"key":"SMITH"},{"floor":32.0,"key":"REST"},{"floor":42,"key":"RECALL"},{"data":"Barricade","floor":45,"key":"SMITH"},{"data":"Immolate","floor":47,"key":"SMITH"},{"data":"Whirlwind","floor":49,"key":"SMITH"},{"data":"Shockwave","floor":52,"key":"SMITH"}],"neow_cost":"NONE","seed_source_timestamp":150673955634665,"circlet_count":0,"master_deck":["Defend_R","Defend_R","Defend_R","Bash+1","Cleave","Whirlwind+1","Shockwave+1","Rampage+1","Ghostly Armor","Pommel Strike+1","Wild Strike+1","Immolate+1","Feed+1","Shrug It Off+1","Shrug It Off+1","Shockwave+1","Ghostly Armor+1","Disarm+1","Metallicize+1","Barricade+1","Rage+1","Demon Form+1","Ghostly Armor+1","Body Slam+1","Exhume+1","Injury","Corruption+1","Whirlwind+1","Body Slam"],"special_seed":0,"relics":["Burning Blood","Potion Belt","Toxic Egg 2","Unceasing Top","Cursed Key","Vajra","Chemical X","Pocketwatch","Mercury Hourglass","Oddly Smooth Stone","Red Mask","Ginger","Tiny Chest","Astrolabe","Whetstone","Dead Branch","Champion Belt","Pear","Bag of Preparation"],"potions_floor_usage":[55,55,55,55,55],"damage_taken":[{"damage":5.0,"enemies":"Small Slimes","floor":1.0,"turns":3.0},{"damage":13.0,"enemies":"Jaw Worm","floor":2.0,"turns":3.0},{"damage":21.0,"enemies":"Lagavulin","floor":6.0,"turns":6.0},{"damage":0.0,"enemies":"Cultist","floor":7.0,"turns":3.0},{"damage":6.0,"enemies":"2 Fungi Beasts","floor":8.0,"turns":2.0},{"damage":7.0,"enemies":"Large Slime","floor":10.0,"turns":6.0},{"damage":16.0,"enemies":"Exordium Wildlife","floor":12.0,"turns":4.0},{"damage":20.0,"enemies":"Gremlin Nob","floor":13.0,"turns":4.0},{"damage":6.0,"enemies":"Exordium Thugs","floor":14.0,"turns":3.0},{"damage":45.0,"enemies":"The Guardian","floor":16.0,"turns":15.0},{"damage":12.0,"enemies":"Shell Parasite","floor":18.0,"turns":5.0},{"damage":1.0,"enemies":"3 Byrds","floor":20.0,"turns":3.0},{"damage":16.0,"enemies":"Colosseum Slavers","floor":21.0,"turns":3.0},{"damage":14.0,"enemies":"Colosseum Nobs","floor":21.0,"turns":3.0},{"damage":7.0,"enemies":"Cultist and Chosen","floor":22.0,"turns":4.0},{"damage":1.0,"enemies":"Centurion and Healer","floor":23.0,"turns":3.0},{"damage":0.0,"enemies":"Masked Bandits","floor":27.0,"turns":2.0},{"damage":16.0,"enemies":"Slavers","floor":28.0,"turns":3.0},{"damage":17.0,"enemies":"Book of Stabbing","floor":30.0,"turns":6.0},{"damage":11.0,"enemies":"Snecko","floor":31.0,"turns":4.0},{"damage":42.0,"enemies":"Champ","floor":33.0,"turns":12.0},{"damage":0.0,"enemies":"3 Darklings","floor":35.0,"turns":2.0},{"damage":1.0,"enemies":"3 Shapes","floor":36.0,"turns":6.0},{"damage":9,"enemies":"Reptomancer","floor":40,"turns":7},{"damage":0,"enemies":"Giant Head","floor":44,"turns":8},{"damage":1,"enemies":"Sphere and 2 Shapes","floor":46,"turns":3},{"damage":0,"enemies":"4 Shapes","floor":48,"turns":3},{"damage":38,"enemies":"Donu and Deca","floor":50,"turns":6},{"damage":0,"enemies":"Shield and Spear","floor":54,"turns":5},{"damage":33,"enemies":"The Heart","floor":55,"turns":7}],"seed_played":"-4246675147548957023","potions_obtained":[{"floor":1.0,"key":"AttackPotion"},{"floor":2.0,"key":"Energy Potion"},{"floor":10.0,"key":"Regen Potion"},{"floor":12.0,"key":"SkillPotion"},{"floor":13.0,"key":"Regen Potion"},{"floor":14.0,"key":"Dexterity Potion"},{"floor":21.0,"key":"BloodPotion"},{"floor":27.0,"key":"SteroidPotion"},{"floor":30.0,"key":"SpeedPotion"},{"floor":33.0,"key":"Dexterity Potion"},{"floor":36.0,"key":"Dexterity Potion"}],"is_trial":false,"path_per_floor":["M","M","?","$","?","E","M","M","T","M","?","M","E","M","R","B",null,"M","$","M","?","M","M","$","R","T","?","E","R","E","M","R","B",null,"M","M","?","$","?","E","$","R","T","E","R","M","R","M","R","B",null,"R","$","E","B",null],"character_chosen":"IRONCLAD","items_purchased":["Shockwave","Rampage","Vajra","Chemical X","Whetstone","PowerPotion","Champion Belt"],"campfire_rested":1,"item_purchase_floors":[4,4,19,19,38,38,41],"current_hp_per_floor":[80,73,62,62,62,47,53,53,53,52,52,42,40,40,40,15,80,74,74,79,61,63,71,71,71,71,80,73,73,65,63,92,56,98,98,101,96,96,96,97,97,97,97,114,114,114,114,114,114,86,118,118,118,122,107],"gold":114,"neow_bonus":"REMOVE_CARD","is_prod":false,"is_daily":false,"chose_seed":false,"campfire_upgraded":7,"win_rate":0,"timestamp":1557521058,"path_taken":["M","M","?","$","?","E","M","M","T","M","?","M","E","M","R","BOSS","M","$","M","?","M","M","$","R","T","?","E","R","E","M","R","BOSS","M","M","?","$","?","E","?","R","T","E","R","?","R","M","R","BOSS","R","$","E","BOSS"],"build_version":"2019-01-23","purchased_purges":2,"victory":true,"max_hp_per_floor":[80,80,80,80,80,80,80,80,80,80,80,80,80,80,80,80,80,80,80,80,80,83,86,86,86,86,89,92,92,95,98,98,98,98,98,101,96,96,96,100,100,100,100,114,114,114,114,114,114,118,118,118,118,122,122],"card_choices":[{"not_picked":["Thunderclap","Disarm"],"picked":"Cleave","floor":1.0},{"not_picked":["Shrug It Off","Sentinel"],"picked":"Whirlwind","floor":2.0},{"not_picked":["Carnage","Cleave"],"picked":"Ghostly Armor","floor":6.0},{"not_picked":["Combust","Headbutt"],"picked":"Pommel Strike","floor":7.0},{"not_picked":["Thunderclap","Sword Boomerang","Havoc"],"picked":"SKIP","floor":8.0},{"not_picked":["Intimidate+1","Havoc+1"],"picked":"Wild Strike","floor":10.0},{"not_picked":["Pommel Strike","Heavy Blade"],"picked":"Immolate","floor":12.0},{"not_picked":["Perfected Strike","Havoc+1","Anger"],"picked":"SKIP","floor":13.0},{"not_picked":["Juggernaut","Power Through+1","Warcry+1"],"picked":"SKIP","floor":14.0},{"not_picked":["Exhume+1","Reaper"],"picked":"Feed","floor":16.0},{"not_picked":["Inflame","Rupture"],"picked":"Shrug It Off+1","floor":18.0},{"not_picked":["Ghostly Armor+1","Headbutt"],"picked":"Shrug It Off+1","floor":20.0},{"not_picked":["Perfected Strike+1","Pommel Strike"],"picked":"Shockwave+1","floor":22.0},{"not_picked":["Sentinel+1","Entrench+1"],"picked":"Ghostly Armor+1","floor":23.0},{"not_picked":["Sword Boomerang","Warcry+1"],"picked":"Disarm+1","floor":27.0},{"not_picked":["Uppercut","Berserk","Headbutt"],"picked":"SKIP","floor":28.0},{"not_picked":["Sword Boomerang","Second Wind+1"],"picked":"Metallicize+1","floor":30.0},{"not_picked":["Heavy Blade","Searing Blow","Clothesline"],"picked":"SKIP","floor":31.0},{"not_picked":["Berserk","Bludgeon"],"picked":"Barricade","floor":33.0},{"not_picked":["Flex+1","Ghostly Armor+1","Second Wind+1"],"picked":"SKIP","floor":35.0},{"not_picked":["Iron Wave+1","Shrug It Off+1"],"picked":"Body Slam+1","floor":36.0},{"not_picked":["Carnage+1","Anger+1"],"picked":"Exhume+1","floor":40},{"not_picked":["Armaments+1","Body Slam"],"picked":"Corruption+1","floor":44},{"not_picked":["Warcry+1","Pommel Strike+1","Rupture"],"picked":"SKIP","floor":46},{"not_picked":["Warcry+1","Pommel Strike+1","Rupture"],"picked":"SKIP","floor":46},{"not_picked":["Pummel+1","Burning Pact+1"],"picked":"Whirlwind","floor":48},{"not_picked":["Headbutt","Spot Weakness+1"],"picked":"Body Slam","floor":54}],"player_experience":263312,"relics_obtained":[{"floor":6.0,"key":"Potion Belt"},{"floor":9.0,"key":"Toxic Egg 2"},{"floor":13.0,"key":"Unceasing Top"},{"floor":21.0,"key":"Pocketwatch"},{"floor":21.0,"key":"Mercury Hourglass"},{"floor":26.0,"key":"Oddly Smooth Stone"},{"floor":27.0,"key":"Red Mask"},{"floor":28.0,"key":"Ginger"},{"floor":30.0,"key":"Tiny Chest"},{"floor":40,"key":"Dead Branch"},{"floor":44,"key":"Pear"},{"floor":54,"key":"Bag of Preparation"}],"event_choices":[{"damage_healed":0.0,"max_hp_gain":0.0,"max_hp_loss":0.0,"gold_gain":75.0,"event_name":"World of Goop","player_choice":"Gather Gold","floor":3.0,"gold_loss":0.0,"damage_taken":11.0},{"damage_healed":0.0,"max_hp_gain":0.0,"max_hp_loss":0.0,"gold_gain":0.0,"event_name":"Living Wall","player_choice":"Grow","floor":5.0,"gold_loss":0.0,"damage_taken":0.0,"cards_upgraded":["Bash"]},{"cards_removed":["Strike_R"],"damage_healed":0.0,"max_hp_gain":0.0,"max_hp_loss":0.0,"gold_gain":0.0,"event_name":"Purifier","player_choice":"Purged","floor":11.0,"gold_loss":0.0,"damage_taken":0.0},{"damage_healed":0.0,"max_hp_gain":0.0,"max_hp_loss":0.0,"gold_gain":0.0,"event_name":"Colosseum","player_choice":"Fight","floor":21.0,"gold_loss":0.0,"damage_taken":0.0},{"damage_healed":0.0,"max_hp_gain":0.0,"max_hp_loss":0.0,"gold_gain":0.0,"event_name":"Colosseum","player_choice":"Fought Nobs","floor":21.0,"gold_loss":0.0,"damage_taken":0.0},{"damage_healed":0.0,"max_hp_gain":0.0,"max_hp_loss":0.0,"gold_gain":0.0,"event_name":"Masked Bandits","player_choice":"Fought Bandits","floor":27.0,"gold_loss":0.0,"damage_taken":0.0},{"damage_healed":0.0,"max_hp_gain":0.0,"max_hp_loss":5.0,"gold_gain":0.0,"event_name":"Winding Halls","player_choice":"Max HP","floor":37.0,"gold_loss":0.0,"damage_taken":0.0},{"damage_healed":0.0,"max_hp_gain":0.0,"max_hp_loss":0.0,"gold_gain":222.0,"event_name":"Tomb of Lord Red Mask","player_choice":"Wore Mask","floor":39.0,"gold_loss":0.0,"damage_taken":0.0}],"is_beta":false,"boss_relics":[{"not_picked":["Philosopher\u0027s Stone","Runic Pyramid"],"picked":"Cursed Key"},{"not_picked":["Calling Bell","Black Star"],"picked":"Astrolabe"}],"items_purged_floors":[24,38],"is_endless":false,"potions_floor_spawned":[1,2,10,12,13,14,21,27,30,33,36,46],"ascension_level":0}