{"gold_per_floor":[109,109,0,15,26,52,52,82,82,92,92,92,117,136,136,232,232,219,238,163,163,180,43,43,54,54,54,18,32,48,68,68,172,172,183,228,103,103,120,120,148,148,148,148,148,166,166,185,185,185],"floor_reached":50,"playtime":8317,"items_purged":["Defend_G","Strike_G","Neutralize"],"score":517,"play_id":"d6296809-b6e8-4689-974b-768b727c437f","local_time":"20181229021804","is_ascension_mode":false,"campfire_choices":[{"floor":7,"key":"REST"},{"floor":11,"key":"REST"},{"floor":15,"key":"REST"},{"floor":27,"key":"REST"},{"data":"Predator","floor":32,"key":"SMITH"},{"floor":40,"key":"REST"},{"floor":45,"key":"REST"},{"floor":47,"key":"REST"},{"floor":49,"key":"REST"}],"neow_cost":"NONE","seed_source_timestamp":684989732233000,"circlet_count":0,"master_deck":["Defend_G","Defend_G","Strike_G","Strike_G","Strike_G","Survivor","Terror","Leg Sweep","Quick Slash","Predator+1","Infinite Blades+1","All Out Attack","Acrobatics+1","Doppelganger+1","Outmaneuver+1","Bullet Time+1","Skewer+1","Leg Sweep+1","Slice+1","Distraction+1","Backstab","Noxious Fumes","Malaise+1","Slice+1","Dagger Spray+1","Burst+1","Backstab+1","Prepared+1","Writhe","Blade Dance+1","Unload","Neutralize","Quick Slash+1"],"relics":["Blood Vial","Toxic Egg 2","Meat on the Bone","Strawberry","Empty Cage","Nloth\u0027s Gift","Gremlin Horn","Pantograph","Sozu","The Specimen","Orichalcum","Centennial Puzzle"],"potions_floor_usage":[33,50,50],"damage_taken":[{"damage":1,"enemies":"Jaw Worm","floor":1,"turns":5},{"damage":0,"enemies":"Small Slimes","floor":4,"turns":3},{"damage":0,"enemies":"Cultist","floor":5,"turns":5},{"damage":39,"enemies":"Gremlin Nob","floor":6,"turns":6},{"damage":37,"enemies":"3 Sentries","floor":8,"turns":10},{"damage":7,"enemies":"Large Slime","floor":10,"turns":7},{"damage":18,"enemies":"Lagavulin","floor":13,"turns":6},{"damage":0,"enemies":"Looter","floor":14,"turns":3},{"damage":30,"enemies":"Hexaghost","floor":16,"turns":9},{"damage":22,"enemies":"2 Thieves","floor":18,"turns":4},{"damage":14,"enemies":"Shell Parasite","floor":19,"turns":4},{"damage":4,"enemies":"Centurion and Healer","floor":22,"turns":6},{"damage":32,"enemies":"Cultist and Chosen","floor":25,"turns":8},{"damage":6,"enemies":"Snecko","floor":29,"turns":3},{"damage":0,"enemies":"Snake Plant","floor":30,"turns":5},{"damage":29,"enemies":"Shelled Parasite and Fungi","floor":31,"turns":6},{"damage":34,"enemies":"Automaton","floor":33,"turns":9},{"damage":18,"enemies":"3 Darklings","floor":35,"turns":4},{"damage":65,"enemies":"2 Orb Walkers","floor":36,"turns":5},{"damage":21,"enemies":"3 Shapes","floor":39,"turns":3},{"damage":35,"enemies":"Reptomancer","floor":41,"turns":7},{"damage":16,"enemies":"Spire Growth","floor":46,"turns":4},{"damage":29,"enemies":"Sphere and 2 Shapes","floor":48,"turns":7},{"damage":91,"enemies":"Awakened One","floor":50,"turns":13}],"seed_played":"308035966088868169","potions_obtained":[{"floor":1,"key":"SteroidPotion"},{"floor":8,"key":"Block Potion"},{"floor":10,"key":"GhostInAJar"}],"is_trial":false,"path_per_floor":["M","?","$","M","M","E","R","E","T","M","R","?","E","M","R","B",null,"M","M","?","?","M","$","T","M","T","R","$","M","M","M","R","B",null,"M","?","$","?","M","R","E","?","T","$","R","M","R","M","R","B"],"character_chosen":"THE_SILENT","items_purchased":["Leg Sweep","Distraction+1","Noxious Fumes"],"campfire_rested":8,"item_purchase_floors":[3,23,28],"current_hp_per_floor":[76,81,81,81,81,42,66,31,31,38,62,62,53,55,81,53,89,67,55,55,55,53,53,53,35,35,61,61,57,59,44,44,49,89,71,20,20,42,35,61,40,40,40,40,66,52,78,51,77,0],"gold":185,"neow_bonus":"TEN_PERCENT_HP_BONUS","is_prod":false,"is_daily":false,"chose_seed":false,"campfire_upgraded":1,"win_rate":0.0,"timestamp":1546071484,"path_taken":["M","?","$","M","M","E","R","E","T","M","R","?","E","?","R","BOSS","M","M","?","?","?","$","?","M","T","R","$","M","M","M","R","BOSS","M","?","$","?","M","R","E","?","T","$","R","?","R","M","R","BOSS"],"build_version":"2018-12-20","purchased_purges":3,"victory":false,"max_hp_per_floor":[77,82,82,82,82,82,82,82,82,82,82,82,89,89,89,89,89,89,89,89,89,89,89,89,89,89,89,89,89,89,89,89,89,89,89,89,89,89,89,89,89,89,89,89,89,89,89,89,89,89],"card_choices":[{"not_picked":["Endless Agony","Deflect"],"picked":"Terror","floor":1},{"not_picked":["Underhanded Strike","Dagger Spray"],"picked":"Quick Slash","floor":4},{"not_picked":["Choke","Quick Slash"],"picked":"Predator","floor":5},{"not_picked":["Acrobatics","Blade Dance"],"picked":"Infinite Blades","floor":6},{"not_picked":["Outmaneuver","Quick Slash"],"picked":"All Out Attack","floor":8},{"not_picked":["Deflect+1","Deadly Poison+1"],"picked":"Acrobatics+1","floor":10},{"not_picked":["All Out Attack","Flechettes"],"picked":"Doppelganger+1","floor":13},{"not_picked":["Slice","Dash"],"picked":"Outmaneuver+1","floor":14},{"not_picked":["Unload","Burst+1"],"picked":"Bullet Time+1","floor":16},{"not_picked":["Endless Agony+1","Poisoned Stab"],"picked":"Skewer+1","floor":18},{"not_picked":["Sucker Punch","Dodge and Roll+1"],"picked":"Leg Sweep+1","floor":19},{"not_picked":["Deflect+1","Poisoned Stab"],"picked":"Slice+1","floor":22},{"not_picked":["Sucker Punch","Flying Knee"],"picked":"Backstab","floor":25},{"not_picked":["Dodge and Roll+1","Underhanded Strike"],"picked":"Malaise+1","floor":29},{"not_picked":["Deflect+1","Acrobatics+1"],"picked":"Slice+1","floor":30},{"not_picked":["Infinite Blades","Acrobatics+1"],"picked":"Dagger Spray+1","floor":31},{"not_picked":["Tools of the Trade","Bullet Time+1"],"picked":"Burst+1","floor":33},{"not_picked":["Well Laid Plans","Backflip+1"],"picked":"Backstab+1","floor":35},{"not_picked":["Sucker Punch","Dagger Throw"],"picked":"Prepared+1","floor":36},{"not_picked":["Dodge and Roll+1","Underhanded Strike"],"picked":"Blade Dance+1","floor":39},{"not_picked":["Eviscerate+1","Dodge and Roll+1"],"picked":"Unload","floor":41},{"not_picked":["Flechettes","Dodge and Roll+1","Dagger Throw"],"picked":"SKIP","floor":46},{"not_picked":["Noxious Fumes","Dagger Spray"],"picked":"Quick Slash+1","floor":48}],"player_experience":8300,"relics_obtained":[{"floor":6,"key":"Blood Vial"},{"floor":8,"key":"Toxic Egg 2"},{"floor":9,"key":"Meat on the Bone"},{"floor":13,"key":"Strawberry"},{"floor":24,"key":"Gremlin Horn"},{"floor":26,"key":"Pantograph"},{"floor":36,"key":"The Specimen"},{"floor":41,"key":"Orichalcum"},{"floor":43,"key":"Centennial Puzzle"}],"event_choices":[{"damage_healed":0,"gold_gain":0,"player_choice":"Donut","damage_taken":0,"max_hp_gain":5,"max_hp_loss":0,"event_name":"Big Fish","floor":2,"gold_loss":0},{"damage_healed":0,"gold_gain":0,"player_choice":"Upgraded","damage_taken":0,"max_hp_gain":0,"max_hp_loss":0,"event_name":"Upgrade Shrine","floor":12,"gold_loss":0,"cards_upgraded":["Infinite Blades"]},{"cards_removed":["Defend_G"],"damage_healed":0,"gold_gain":0,"player_choice":"Gave Gold","damage_taken":0,"max_hp_gain":0,"max_hp_loss":0,"event_name":"Beggar","floor":20,"gold_loss":75},{"damage_healed":0,"gold_gain":0,"player_choice":"Traded Relic","damage_taken":0,"relics_obtained":["Nloth\u0027s Gift"],"max_hp_gain":0,"max_hp_loss":0,"event_name":"N\u0027loth","floor":21,"relics_lost":["Ring of the Snake"],"gold_loss":0},{"damage_healed":0,"gold_gain":0,"player_choice":"Fight","damage_taken":0,"max_hp_gain":0,"max_hp_loss":0,"event_name":"Mysterious Sphere","floor":36,"gold_loss":0},{"damage_healed":22,"gold_gain":0,"player_choice":"Writhe","damage_taken":0,"max_hp_gain":0,"max_hp_loss":0,"event_name":"Winding Halls","floor":38,"gold_loss":0,"cards_obtained":["Writhe"]},{"damage_healed":0,"gold_gain":0,"player_choice":"1 cards matched","damage_taken":0,"max_hp_gain":0,"max_hp_loss":0,"event_name":"Match and Keep!","floor":42,"gold_loss":0,"cards_obtained":["Neutralize"]}],"is_beta":false,"boss_relics":[{"not_picked":["Lizard Tail","Tiny House"],"picked":"Empty Cage"},{"not_picked":["Eternal Feather","Orrery"],"picked":"Sozu"}],"items_purged_floors":[3,23,37],"is_endless":false,"potions_floor_spawned":[1,8,10,19,25,29,31,39,41],"killed_by":"Awakened One","ascension_level":0}