{"gold_per_floor":[117,117,135,135,148,177,177,190,213,388,143,29,46,76,76,178,178,198,217,42,42,42,72,72,85,85,112,112,15,40,58,58,156,156,174,188,198,27,40,73,92,121,147,147,32,44,44,73,73,73,73,73,12,41,41],"floor_reached":56,"playtime":7490,"items_purged":["Doubt","Defend_G","Defend_G"],"score":1536,"play_id":"9458d220-778d-4635-be24-10ba6a0bba29","local_time":"20190426194726","is_ascension_mode":true,"campfire_choices":[{"data":"Night Terror","floor":7,"key":"SMITH"},{"data":"Footwork","floor":15,"key":"SMITH"},{"data":"Malaise","floor":24,"key":"SMITH"},{"data":"Noxious Fumes","floor":28,"key":"SMITH"},{"data":"Dash","floor":32,"key":"SMITH"},{"floor":44,"key":"RECALL"},{"data":"Blur","floor":49,"key":"SMITH"},{"data":"Leg Sweep","floor":52,"key":"SMITH"}],"neow_cost":"NONE","seed_source_timestamp":4510164626593701,"circlet_count":0,"master_deck":["Defend_G","Defend_G","Defend_G","Strike_G+1","Strike_G","Strike_G","Strike_G","Strike_G+1","Survivor","Neutralize","PiercingWail+1","PiercingWail","Dash+1","Night Terror+1","PiercingWail","Footwork+1","Blur+1","Malaise+1","Backflip+1","Noxious Fumes+1","Footwork+1","Leg Sweep+1","Cloak And Dagger+1","Backstab","Doppelganger+1","Footwork+1","PiercingWail+1","Blade Dance+1","Adrenaline+1","Accuracy+1","Footwork+1","Infinite Blades+1","Cloak And Dagger+1","Escape Plan+1","Well Laid Plans+1","Heel Hook+1","Caltrops+1","After Image+1","Accuracy+1","Crippling Poison+1","Deflect+1","Quick Slash+1","Caltrops+1","PiercingWail+1","After Image+1"],"relics":["Ring of the Serpent","Bronze Scales","Boot","Membership Card","Lantern","Juzu Bracelet","Bag of Preparation","Question Card","Toxic Egg 2","Frozen Egg 2","Mango","Philosopher\u0027s Stone","Pen Nib","Ancient Tea Set","Prayer Wheel","Whetstone","Pear","Incense Burner"],"potions_floor_usage":[6,14,16,27,33,39,46,48,55,55],"damage_taken":[{"damage":2,"enemies":"Small Slimes","floor":1,"turns":5},{"damage":0,"enemies":"Cultist","floor":3,"turns":4},{"damage":0,"enemies":"Jaw Worm","floor":5,"turns":5},{"damage":22,"enemies":"Gremlin Nob","floor":6,"turns":6},{"damage":0,"enemies":"2 Fungi Beasts","floor":8,"turns":4},{"damage":2,"enemies":"3 Louse","floor":13,"turns":3},{"damage":7,"enemies":"Lagavulin","floor":14,"turns":10},{"damage":14,"enemies":"Hexaghost","floor":16,"turns":14},{"damage":1,"enemies":"Shell Parasite","floor":18,"turns":10},{"damage":0,"enemies":"Chosen","floor":19,"turns":7},{"damage":0,"enemies":"Book of Stabbing","floor":23,"turns":8},{"damage":0,"enemies":"Snecko","floor":25,"turns":7},{"damage":8,"enemies":"Gremlin Leader","floor":27,"turns":6},{"damage":0,"enemies":"Book of Stabbing","floor":30,"turns":8},{"damage":2,"enemies":"Shelled Parasite and Fungi","floor":31,"turns":8},{"damage":23,"enemies":"Champ","floor":33,"turns":16},{"damage":0,"enemies":"3 Darklings","floor":35,"turns":6},{"damage":0,"enemies":"3 Shapes","floor":36,"turns":6},{"damage":4,"enemies":"Sphere and 2 Shapes","floor":37,"turns":7},{"damage":9,"enemies":"Writhing Mass","floor":39,"turns":7},{"damage":14,"enemies":"Nemesis","floor":40,"turns":7},{"damage":6,"enemies":"4 Shapes","floor":41,"turns":4},{"damage":10,"enemies":"Reptomancer","floor":42,"turns":6},{"damage":7,"enemies":"Transient","floor":46,"turns":5},{"damage":0,"enemies":"Giant Head","floor":48,"turns":8},{"damage":2,"enemies":"Donu and Deca","floor":50,"turns":10},{"damage":21,"enemies":"Shield and Spear","floor":54,"turns":8},{"damage":41,"enemies":"The Heart","floor":55,"turns":11}],"seed_played":"4285380816382072780","potions_obtained":[{"floor":1,"key":"Strength Potion"},{"floor":6,"key":"Poison Potion"},{"floor":13,"key":"LiquidBronze"},{"floor":16,"key":"AttackPotion"},{"floor":18,"key":"SteroidPotion"},{"floor":27,"key":"Strength Potion"},{"floor":30,"key":"AttackPotion"},{"floor":33,"key":"Strength Potion"},{"floor":36,"key":"Block Potion"},{"floor":37,"key":"Fire Potion"},{"floor":42,"key":"Ancient Potion"},{"floor":46,"key":"Regen Potion"}],"is_trial":false,"path_per_floor":["M","?","M","?","M","E","R","M","T","?","$","$","M","E","R","B",null,"M","M","$","?","?","E","R","M","T","E","R","$","E","M","R","B",null,"M","M","M","$","M","E","M","E","T","R","$","M","?","E","R","B",null,"R","$","E","B",null],"character_chosen":"THE_SILENT","items_purchased":["Membership Card","Footwork","Lantern","Footwork","Bag of Preparation","Leg Sweep","Footwork+1","Infinite Blades+1","Cloak And Dagger+1","Pen Nib","Escape Plan+1","Accuracy+1","Whetstone","Caltrops+1","PiercingWail+1"],"campfire_rested":0,"item_purchase_floors":[11,12,12,20,20,20,29,38,38,38,38,45,45,53,53],"current_hp_per_floor":[75,80,80,80,80,58,58,58,58,58,58,58,56,49,49,35,82,81,81,81,81,81,81,81,81,81,73,73,73,87,85,85,62,96,96,96,92,92,83,69,63,53,53,53,53,46,46,71,71,69,103,103,103,82,41],"gold":41,"neow_bonus":"TEN_PERCENT_HP_BONUS","is_prod":false,"is_daily":false,"chose_seed":false,"campfire_upgraded":7,"win_rate":0,"timestamp":1556322446,"path_taken":["M","?","M","?","M","E","R","?","T","?","?","$","M","E","R","BOSS","M","M","$","?","?","E","R","M","T","E","R","$","E","M","R","BOSS","M","M","M","$","M","E","M","E","T","R","$","M","?","E","R","BOSS","R","$","E","BOSS"],"build_version":"2019-01-23","purchased_purges":3,"victory":true,"max_hp_per_floor":[77,82,82,82,82,82,82,82,82,82,82,82,82,82,82,82,82,82,82,82,82,82,82,82,82,82,82,82,82,96,96,96,96,96,96,96,96,96,96,96,96,96,96,96,96,96,93,103,103,103,103,103,103,103,103],"card_choices":[{"not_picked":["Masterful Stab","Deflect"],"picked":"PiercingWail","floor":1},{"not_picked":["Acrobatics","Underhanded Strike"],"picked":"PiercingWail","floor":3},{"not_picked":["Bane","Sucker Punch"],"picked":"Dash","floor":5},{"not_picked":["Masterful Stab","Acrobatics"],"picked":"Night Terror","floor":6},{"not_picked":["Bane","Outmaneuver"],"picked":"PiercingWail","floor":8},{"not_picked":["Acrobatics","Dagger Spray"],"picked":"Blur","floor":13},{"not_picked":["Underhanded Strike","Catalyst","Reflex"],"picked":"SKIP","floor":14},{"not_picked":["Burst","Doppelganger"],"picked":"Malaise","floor":16},{"not_picked":["Dash","Outmaneuver+1"],"picked":"Backflip+1","floor":18},{"not_picked":["Dagger Spray","Bane"],"picked":"Noxious Fumes","floor":19},{"not_picked":["Dash","Masterful Stab+1"],"picked":"Cloak And Dagger+1","floor":23},{"not_picked":["Deadly Poison","Blade Dance","Flying Knee"],"picked":"Backstab","floor":25},{"not_picked":["Riddle With Holes","Poisoned Stab+1","Deadly Poison+1"],"picked":"Doppelganger+1","floor":27},{"not_picked":["Unload","Outmaneuver+1","Catalyst+1"],"picked":"PiercingWail+1","floor":30},{"not_picked":["Tactician+1","Prepared+1","Bane"],"picked":"Blade Dance+1","floor":31},{"not_picked":["Envenom+1","Night Terror+1","Doppelganger+1"],"picked":"Adrenaline+1","floor":33},{"not_picked":["Expertise+1","Slice+1","Flying Knee"],"picked":"Accuracy+1","floor":35},{"not_picked":["Underhanded Strike+1","Flying Knee+1","Slice+1","Deadly Poison+1"],"picked":"SKIP","floor":36},{"not_picked":["PiercingWail+1","Dagger Spray+1","Backstab+1"],"picked":"Footwork+1","floor":37},{"not_picked":["Deadly Poison+1","Skewer","Glass Knife"],"picked":"Well Laid Plans+1","floor":39},{"not_picked":["Bouncing Flask+1","Dodge and Roll+1","Quick Slash"],"picked":"Heel Hook+1","floor":40},{"not_picked":["Deadly Poison+1","Poisoned Stab+1","Sucker Punch"],"picked":"Caltrops+1","floor":41},{"not_picked":["Poisoned Stab","Skewer","Flying Knee+1"],"picked":"After Image+1","floor":42},{"not_picked":["Well Laid Plans+1","Reflex+1","Tactician+1"],"picked":"Crippling Poison+1","floor":46},{"not_picked":["Dagger Throw","Outmaneuver+1","PiercingWail+1"],"picked":"Deflect+1","floor":46},{"not_picked":["Underhanded Strike+1","Bane","Poisoned Stab+1"],"picked":"Quick Slash+1","floor":48},{"not_picked":["Cloak And Dagger+1","Acrobatics+1","Prepared+1"],"picked":"After Image+1","floor":54}],"player_experience":164536,"relics_obtained":[{"floor":6,"key":"Bronze Scales"},{"floor":9,"key":"Boot"},{"floor":14,"key":"Juzu Bracelet"},{"floor":23,"key":"Question Card"},{"floor":26,"key":"Toxic Egg 2"},{"floor":27,"key":"Frozen Egg 2"},{"floor":30,"key":"Mango"},{"floor":40,"key":"Ancient Tea Set"},{"floor":42,"key":"Prayer Wheel"},{"floor":48,"key":"Pear"},{"floor":54,"key":"Incense Burner"}],"event_choices":[{"damage_healed":0,"gold_gain":0,"player_choice":"Donut","damage_taken":0,"max_hp_gain":5,"max_hp_loss":0,"event_name":"Big Fish","floor":2,"gold_loss":0},{"damage_healed":0,"gold_gain":0,"player_choice":"Upgraded","damage_taken":0,"max_hp_gain":0,"max_hp_loss":0,"event_name":"Upgrade Shrine","floor":4,"gold_loss":0,"cards_upgraded":["PiercingWail"]},{"damage_healed":0,"gold_gain":175,"player_choice":"AGREE","damage_taken":0,"max_hp_gain":0,"max_hp_loss":0,"event_name":"Liars Game","floor":10,"gold_loss":0,"cards_obtained":["Doubt"]},{"damage_healed":0,"gold_gain":0,"player_choice":"Ignored","damage_taken":0,"max_hp_gain":0,"max_hp_loss":0,"event_name":"Beggar","floor":21,"gold_loss":0},{"damage_healed":0,"gold_gain":0,"player_choice":"Upgraded","damage_taken":0,"max_hp_gain":0,"max_hp_loss":0,"event_name":"Upgrade Shrine","floor":22,"gold_loss":0,"cards_upgraded":["Footwork"]},{"cards_removed":["Parasite"],"damage_healed":0,"gold_gain":0,"player_choice":"Removed Curses","damage_taken":0,"max_hp_gain":0,"max_hp_loss":0,"event_name":"Fountain of Cleansing","floor":47,"gold_loss":0}],"is_beta":false,"boss_relics":[{"not_picked":["Astrolabe","WristBlade"],"picked":"Ring of the Serpent"},{"not_picked":["Velvet Choker","Coffee Dripper"],"picked":"Philosopher\u0027s Stone"}],"items_purged_floors":[11,20,29],"is_endless":false,"potions_floor_spawned":[1,6,13,16,18,27,30,33,35,36,37,42,46],"ascension_level":2}