{"path_per_floor":["M","M","?","?","M","E","?","E","T","R","M","M","M","?","R","B",null,"M","M","?","?","M","R","M","R","T","E","M","$","M","M","R","B",null,"M","M","M","?","?","R","M","M","T","M","M","R","E","?","R","B"],"character_chosen":"DEFECT","items_purchased":["Coolheaded","Capacitor"],"gold_per_floor":[99,99,99,99,99,99,99,99,99,99,99,84,84,84,84,84,84,84,84,84,84,84,84,84,84,84,84,84,9,9,9,9,9,9,9,9,9,9,0,0,0,0,0,0,0,0,0,0,0,0],"floor_reached":51,"campfire_rested":4,"playtime":2650,"current_hp_per_floor":[75,74,74,59,59,34,34,20,20,20,19,19,19,12,34,24,75,72,60,60,44,44,50,46,54,54,28,17,17,15,10,42,27,75,75,66,55,55,55,65,51,45,45,44,21,55,44,44,75,54],"items_purged":[],"gold":0,"score":715,"play_id":"12e04c14-47e4-4213-8ee7-aadda35c41ed","local_time":"20180428122109","is_prod":false,"is_daily":false,"chose_seed":false,"is_ascension_mode":false,"campfire_upgraded":4,"timestamp":1524932469,"path_taken":["M","M","?","?","M","E","?","E","T","R","M","M","M","?","R","BOSS","M","?","?","?","M","R","M","R","T","E","M","$","M","?","R","BOSS","M","M","M","?","?","R","M","?","T","M","M","R","E","?","R","BOSS"],"build_version":"2018-04-27v3","seed_source_timestamp":4473441278869137,"purchased_purges":0,"victory":true,"master_deck":["Strike_B","Strike_B","Defend_B+1","Defend_B+1","Defend_B","Defend_B","Zap","Dualcast","Defragment+1","Impulse+1","Ball Lightning","Ball Lightning","Leap","Ball Lightning","Capacitor+1","Rainbow","Tempest","Necronomicurse","FTL","Stack+1","Glacier+1","Coolheaded","Capacitor+1","Leap","Glacier","Reboot","FTL+1","Leap+1","Cold Snap+1","Capacitor","Impulse","Hello World","Go for the Eyes+1"],"max_hp_per_floor":[75,75,75,75,75,75,75,75,75,75,75,75,75,75,75,75,75,75,75,75,75,75,75,75,75,75,75,75,75,75,75,75,75,75,75,75,75,75,75,75,75,75,75,75,75,75,75,75,75,75],"relics":["Ectoplasm","Pen Nib","Anchor","Oddly Smooth Stone","Eternal Feather","Necronomicon","Gremlin Horn","Kunai","Cursed Key","Red Mask","Mercury Hourglass"],"card_choices":[{"not_picked":["Barrage","Coolheaded"],"picked":"Defragment","floor":1},{"not_picked":["Gash","Barrage"],"picked":"Impulse","floor":2},{"not_picked":["Turbo","Self Repair"],"picked":"Ball Lightning","floor":5},{"not_picked":["Amplify","Rebound"],"picked":"Ball Lightning","floor":6},{"not_picked":["Sweeping Beam","Doom and Gloom"],"picked":"Leap","floor":8},{"not_picked":["Chaos","Rip and Tear"],"picked":"Ball Lightning","floor":11},{"not_picked":["Beam Cell","Doom and Gloom"],"picked":"Capacitor","floor":12},{"not_picked":["Biased Cognition","Amplify"],"picked":"Rainbow","floor":16},{"not_picked":["Capacitor","Steam Power"],"picked":"Tempest","floor":19},{"not_picked":["Scrape","Melter"],"picked":"FTL","floor":22},{"not_picked":["Rebound","Undo"],"picked":"Stack","floor":24},{"not_picked":["Static Discharge","Self Repair"],"picked":"Glacier","floor":27},{"not_picked":["Gash","Blizzard"],"picked":"Leap","floor":30},{"not_picked":["Go for the Eyes","Tempest"],"picked":"Glacier","floor":31},{"not_picked":["Hyperbeam","Meteor Strike"],"picked":"Reboot","floor":33},{"not_picked":["Scrape","Melter"],"picked":"FTL","floor":35},{"not_picked":["Stack","Undo"],"picked":"Leap","floor":36},{"not_picked":["Leap","Streamline"],"picked":"Cold Snap","floor":37},{"not_picked":["Cold Snap","Steam Power"],"picked":"Capacitor","floor":42},{"not_picked":["Undo","Darkness"],"picked":"Impulse","floor":44},{"not_picked":["Skim","Sweeping Beam"],"picked":"Hello World","floor":45},{"not_picked":["Axe Kick","Beam Cell"],"picked":"Go for the Eyes","floor":47}],"player_experience":25756,"potions_floor_usage":[18,22,33,35,44,44,45],"damage_taken":[{"damage":0,"enemies":"Cultist","floor":1,"turns":4},{"damage":1,"enemies":"Jaw Worm","floor":2,"turns":3},{"damage":0,"enemies":"Small Slimes","floor":5,"turns":3},{"damage":25,"enemies":"Gremlin Nob","floor":6,"turns":5},{"damage":14,"enemies":"3 Sentries","floor":8,"turns":6},{"damage":1,"enemies":"Exordium Wildlife","floor":11,"turns":3},{"damage":0,"enemies":"Looter","floor":12,"turns":2},{"damage":0,"enemies":"Red Slaver","floor":13,"turns":3},{"damage":10,"enemies":"The Guardian","floor":16,"turns":9},{"damage":3,"enemies":"3 Byrds","floor":18,"turns":4},{"damage":12,"enemies":"Spheric Guardian","floor":19,"turns":4},{"damage":0,"enemies":"Chosen and Byrds","floor":22,"turns":4},{"damage":4,"enemies":"Centurion and Healer","floor":24,"turns":6},{"damage":26,"enemies":"Slavers","floor":27,"turns":5},{"damage":11,"enemies":"Snake Plant","floor":28,"turns":5},{"damage":2,"enemies":"Snecko","floor":30,"turns":4},{"damage":5,"enemies":"Sentry and Sphere","floor":31,"turns":8},{"damage":15,"enemies":"Collector","floor":33,"turns":19},{"damage":0,"enemies":"Orb Walker","floor":35,"turns":3},{"damage":9,"enemies":"3 Darklings","floor":36,"turns":6},{"damage":11,"enemies":"Flame Bruiser 2 Orb","floor":37,"turns":7},{"damage":14,"enemies":"Spire Growth","floor":41,"turns":5},{"damage":6,"enemies":"Sphere and 2 Shapes","floor":42,"turns":6},{"damage":1,"enemies":"4 Shapes","floor":44,"turns":5},{"damage":23,"enemies":"Flame Bruiser 2 Orb","floor":45,"turns":10},{"damage":11,"enemies":"Nemesis","floor":47,"turns":9},{"damage":21,"enemies":"Donu and Deca","floor":50,"turns":11}],"event_choices":[{"event_name":"Golden Idol","player_choice":"Ignored","floor":3,"damage_taken":0},{"event_name":"Shining Light","player_choice":"Entered Light","floor":4,"damage_taken":0},{"event_name":"Bonfire Elementals","player_choice":"BASIC","floor":7,"damage_taken":0},{"event_name":"Golden Wing","player_choice":"Card Removal","floor":14,"damage_taken":0},{"event_name":"Ghosts","player_choice":"Ignored","floor":20,"damage_taken":0},{"event_name":"Cursed Tome","player_choice":"Obtained Book","floor":21,"damage_taken":0},{"event_name":"SecretPortal","player_choice":"Rejected Portal.","floor":38,"damage_taken":0},{"event_name":"Tomb of Lord Red Mask","player_choice":"Paid","floor":39,"damage_taken":0},{"event_name":"Mysterious Sphere","player_choice":"Ignore","floor":48,"damage_taken":0}],"boss_relics":[{"not_picked":["Philosopher\u0027s Stone","Black Star"],"picked":"Eternal Feather"},{"not_picked":["Lizard Tail","Nuclear Battery"],"picked":"Cursed Key"}],"potions_floor_spawned":[8,11,13,22,27,28,33,36,42,47],"seed_played":"6270580202669648521","ascension_level":0,"is_trial":false}