{"gold_per_floor":[109,122,122,133,145,177,177,189,215,215,235,247,257,288,288,383,383,393,362,97,110,130,130,93,93,93,126,126,142,159,176,176,278,278,297,314,325,335,335,335,366,383,383,383,402,59,75,90,90,90],"floor_reached":51,"playtime":7126,"items_purged":["Bash"],"score":796,"play_id":"93021e41-1723-48d3-aa13-c620670fba3d","local_time":"20181117231141","is_ascension_mode":false,"campfire_choices":[{"floor":7.0,"key":"REST"},{"data":"Shrug It Off","floor":10.0,"key":"SMITH"},{"data":"Barricade","floor":15.0,"key":"SMITH"},{"data":"Metallicize","floor":23.0,"key":"SMITH"},{"data":"Demon Form","floor":28.0,"key":"SMITH"},{"data":"Entrench","floor":32.0,"key":"SMITH"},{"data":"Battle Trance","floor":40,"key":"SMITH"},{"data":"Secret Technique","floor":49,"key":"SMITH"}],"neow_cost":"NONE","seed_source_timestamp":42599579876621,"circlet_count":0,"master_deck":["Strike_R+1","Strike_R+1","Strike_R+1","Strike_R+1","Defend_R+1","Defend_R+1","Defend_R+1","Defend_R+1","Shrug It Off+1","Iron Wave","Iron Wave","Battle Trance+1","Dual Wield","Metallicize+1","Power Through","Barricade+1","Demon Form+1","Whirlwind","Cleave","Body Slam","Rage","Anger+1","Power Through+1","Entrench+1","Dual Wield+1","Headbutt","Shrug It Off","Secret Technique+1","Battle Trance+1","Warcry+1"],"special_seed":0,"relics":["Burning Blood","Blood Vial","Oddly Smooth Stone","Centennial Puzzle","Coffee Dripper","TheAbacus","Darkstone Periapt","Strawberry","Philosopher\u0027s Stone","Ice Cream","Question Card","DollysMirror","Orichalcum"],"potions_floor_usage":[38,41,47,50,50],"damage_taken":[{"damage":2.0,"enemies":"2 Louse","floor":1.0,"turns":3.0},{"damage":2.0,"enemies":"Small Slimes","floor":2.0,"turns":6.0},{"damage":0.0,"enemies":"Jaw Worm","floor":4.0,"turns":4.0},{"damage":0.0,"enemies":"Large Slime","floor":5.0,"turns":5.0},{"damage":67.0,"enemies":"Lagavulin","floor":6.0,"turns":13.0},{"damage":12.0,"enemies":"Exordium Thugs","floor":8.0,"turns":8.0},{"damage":0.0,"enemies":"Red Slaver","floor":11.0,"turns":6.0},{"damage":4.0,"enemies":"Looter","floor":12.0,"turns":4.0},{"damage":0.0,"enemies":"Large Slime","floor":13.0,"turns":9.0},{"damage":5.0,"enemies":"Gremlin Nob","floor":14.0,"turns":6.0},{"damage":32.0,"enemies":"Slime Boss","floor":16.0,"turns":33.0},{"damage":8.0,"enemies":"Spheric Guardian","floor":18.0,"turns":7.0},{"damage":7.0,"enemies":"2 Thieves","floor":19.0,"turns":5.0},{"damage":4.0,"enemies":"Snecko","floor":21.0,"turns":7.0},{"damage":0.0,"enemies":"Sentry and Sphere","floor":22.0,"turns":9.0},{"damage":36.0,"enemies":"Slavers","floor":27.0,"turns":9.0},{"damage":4.0,"enemies":"Centurion and Healer","floor":29.0,"turns":7.0},{"damage":0.0,"enemies":"3 Cultists","floor":30.0,"turns":5.0},{"damage":13.0,"enemies":"Snecko","floor":31.0,"turns":6.0},{"damage":0.0,"enemies":"Collector","floor":33.0,"turns":9.0},{"damage":3,"enemies":"3 Shapes","floor":35,"turns":5},{"damage":0,"enemies":"Orb Walker","floor":36,"turns":5},{"damage":2,"enemies":"Spire Growth","floor":37,"turns":7},{"damage":11,"enemies":"4 Shapes","floor":38,"turns":6},{"damage":0,"enemies":"Giant Head","floor":41,"turns":9},{"damage":11,"enemies":"Maw","floor":42,"turns":7},{"damage":0,"enemies":"Sphere and 2 Shapes","floor":45,"turns":9},{"damage":3,"enemies":"Transient","floor":47,"turns":5},{"damage":0,"enemies":"Maw","floor":48,"turns":6},{"damage":26,"enemies":"Time Eater","floor":50,"turns":14}],"seed_played":"6934232650323763241","potions_obtained":[{"floor":5.0,"key":"Poison Potion"},{"floor":6.0,"key":"Block Potion"},{"floor":12.0,"key":"EssenceOfSteel"},{"floor":13.0,"key":"EntropicBrew"},{"floor":14.0,"key":"Swift Potion"},{"floor":19.0,"key":"BloodPotion"},{"floor":22.0,"key":"Weak Potion"},{"floor":27.0,"key":"Block Potion"},{"floor":30.0,"key":"Ancient Potion"},{"floor":36,"key":"Ancient Potion"},{"floor":38,"key":"Weak Potion"},{"floor":42,"key":"Swift Potion"}],"is_trial":false,"path_per_floor":["M","M","?","M","M","E","R","M","T","R","M","M","M","E","R","B",null,"M","M","$","M","M","M","R","$","?","T","E","R","M","M","M","R","B",null,"M","M","M","M","?","R","E","M","T","?","M","$","M","M","R","B",null],"character_chosen":"IRONCLAD","items_purchased":["TheAbacus","Rage","DollysMirror","Orichalcum"],"campfire_rested":1,"item_purchase_floors":[20,24,46,46],"current_hp_per_floor":[88,88,81,87,88,27,53,49,49,49,57,61,69,72,72,48,88,86,87,87,88,88,88,88,88,88,65,65,78,86,81,81,89,95,95,95,95,90,90,90,95,90,90,90,95,95,95,95,95,75],"gold":90,"neow_bonus":"TEN_PERCENT_HP_BONUS","is_prod":false,"is_daily":false,"chose_seed":false,"campfire_upgraded":7,"win_rate":0.0,"timestamp":1542517901,"path_taken":["M","M","?","M","M","E","R","M","T","R","M","M","M","E","R","BOSS","M","M","$","M","M","R","$","?","T","E","R","M","M","M","R","BOSS","M","M","M","M","?","R","E","M","T","?","M","$","M","M","R","BOSS"],"build_version":"2018-11-15","purchased_purges":1,"victory":true,"max_hp_per_floor":[88,88,88,88,88,88,88,88,88,88,88,88,88,88,88,88,88,88,88,88,88,88,88,88,88,88,95,95,95,95,95,95,95,95,95,95,95,95,95,95,95,95,95,95,95,95,95,95,95,95],"card_choices":[{"not_picked":["Cleave","Rampage"],"picked":"Shrug It Off","floor":1.0},{"not_picked":["Shrug It Off","Warcry"],"picked":"Iron Wave","floor":2.0},{"not_picked":["True Grit","Clothesline","Berserk"],"picked":"SKIP","floor":4.0},{"not_picked":["Anger","Clash","Intimidate"],"picked":"SKIP","floor":5.0},{"not_picked":["True Grit","Perfected Strike"],"picked":"Iron Wave","floor":6.0},{"not_picked":["Entrench","Pummel"],"picked":"Battle Trance","floor":8.0},{"not_picked":["Uppercut","Intimidate"],"picked":"Dual Wield","floor":11.0},{"not_picked":["Perfected Strike","Anger"],"picked":"Metallicize","floor":12.0},{"not_picked":["Perfected Strike","Body Slam"],"picked":"Power Through","floor":13.0},{"not_picked":["Armaments","Pommel Strike"],"picked":"Barricade","floor":14.0},{"not_picked":["Impervious","Fiend Fire"],"picked":"Demon Form","floor":16.0},{"not_picked":["True Grit","Anger"],"picked":"Whirlwind","floor":18.0},{"not_picked":["Warcry","Clothesline"],"picked":"Cleave","floor":19.0},{"not_picked":["Headbutt","Thunderclap+1"],"picked":"Body Slam","floor":21.0},{"not_picked":["Twin Strike+1","Dropkick+1","Bloodletting"],"picked":"SKIP","floor":22.0},{"not_picked":["Sword Boomerang","Feed"],"picked":"Anger+1","floor":27.0},{"not_picked":["Carnage","Corruption+1"],"picked":"Power Through+1","floor":29.0},{"not_picked":["Bloodletting","Headbutt"],"picked":"Entrench","floor":30.0},{"not_picked":["Warcry","Second Wind"],"picked":"Dual Wield+1","floor":31.0},{"not_picked":["Iron Wave","True Grit","Body Slam"],"picked":"SKIP","floor":35},{"not_picked":["Feel No Pain+1","Corruption","Armaments+1"],"picked":"SKIP","floor":36},{"not_picked":["Cleave+1","Clothesline","Rage"],"picked":"SKIP","floor":37},{"not_picked":["Dropkick","Reckless Charge+1"],"picked":"Headbutt","floor":38},{"not_picked":["Clash","Thunderclap+1","Dark Embrace"],"picked":"SKIP","floor":41},{"not_picked":["Perfected Strike+1","Searing Blow"],"picked":"Shrug It Off","floor":42},{"not_picked":["Good Instincts","PanicButton","Sadistic Nature"],"picked":"Secret Technique","floor":44},{"not_picked":["Sword Boomerang+1","Warcry","Anger","Second Wind+1"],"picked":"SKIP","floor":45},{"not_picked":["Sword Boomerang+1","Feel No Pain","Fire Breathing+1","Demon Form"],"picked":"SKIP","floor":47},{"not_picked":["Sword Boomerang+1","Thunderclap","Headbutt"],"picked":"Warcry+1","floor":48}],"player_experience":44841,"relics_obtained":[{"floor":6.0,"key":"Blood Vial"},{"floor":9.0,"key":"Oddly Smooth Stone"},{"floor":14.0,"key":"Centennial Puzzle"},{"floor":26.0,"key":"Darkstone Periapt"},{"floor":27.0,"key":"Strawberry"},{"floor":41,"key":"Ice Cream"},{"floor":43,"key":"Question Card"}],"event_choices":[{"cards_removed":["Strike_R"],"damage_healed":0.0,"max_hp_gain":0.0,"max_hp_loss":0.0,"gold_gain":0.0,"event_name":"Golden Wing","player_choice":"Card Removal","floor":3.0,"gold_loss":0.0,"damage_taken":7.0},{"damage_healed":0.0,"max_hp_gain":0.0,"max_hp_loss":0.0,"gold_gain":0.0,"event_name":"Back to Basics","player_choice":"Simplicity","floor":25.0,"gold_loss":0.0,"damage_taken":0.0,"cards_upgraded":["Strike_R","Strike_R","Strike_R","Strike_R","Defend_R","Defend_R","Defend_R","Defend_R"]},{"damage_healed":0,"gold_gain":0,"player_choice":"Ignored","damage_taken":0,"max_hp_gain":0,"max_hp_loss":0,"event_name":"Mysterious Sphere","floor":39,"gold_loss":0},{"damage_healed":0,"gold_gain":0,"player_choice":"Memory 1","damage_taken":0,"max_hp_gain":0,"max_hp_loss":0,"event_name":"SensoryStone","floor":44,"gold_loss":0}],"is_beta":false,"boss_relics":[{"not_picked":["Empty Cage","Mark of Pain"],"picked":"Coffee Dripper"},{"not_picked":["White Beast Statue","Runic Dome"],"picked":"Philosopher\u0027s Stone"}],"items_purged_floors":[20],"is_endless":false,"potions_floor_spawned":[5,6,12,13,14,19,22,27,30,36,38,42],"ascension_level":0}