{"gold_per_floor":[119,129,145,44,55,55,80,80,80,255,273,287,300,361,361,457,457,475,495,529,529,542,542,542,317,317,317,45,45,45,56,56,160,160,173,193,193,193,28,28,28,28,28,47,47,62,62,75,75,75,75,75,18,51,51],"floor_reached":56,"playtime":4606,"items_purged":["Doubt","Strike_G+1"],"score":1122,"play_id":"a553d94e-3db1-4d53-88bc-4f546cb368d1","local_time":"20190527153734","is_ascension_mode":false,"campfire_choices":[{"data":"Noxious Fumes","floor":6,"key":"SMITH"},{"data":"Noxious Fumes","floor":8,"key":"SMITH"},{"floor":15,"key":"REST"},{"data":"A Thousand Cuts","floor":23,"key":"SMITH"},{"floor":27,"key":"REST"},{"data":"Malaise","floor":29,"key":"SMITH"},{"floor":32,"key":"REST"},{"data":"Catalyst","floor":40,"key":"SMITH"},{"data":"Catalyst","floor":41,"key":"SMITH"},{"data":"Catalyst","floor":42,"key":"SMITH"},{"floor":45,"key":"RECALL"},{"floor":49,"key":"REST"},{"data":"Leg Sweep","floor":52,"key":"SMITH"}],"neow_cost":"NONE","seed_source_timestamp":218802693548308,"circlet_count":0,"master_deck":["Defend_G+1","Defend_G+1","Defend_G+1","Defend_G+1","Defend_G+1","Strike_G+1","Strike_G+1","Strike_G+1","Strike_G+1","Survivor","Neutralize","Leg Sweep+1","Noxious Fumes+1","Poisoned Stab","Noxious Fumes+1","Slice","Cloak And Dagger","A Thousand Cuts+1","Catalyst+1","Dodge and Roll","Catalyst+1","Malaise+1","Slice+1","Deflect+1","Backflip","Bandage Up","Bullet Time","Dodge and Roll","Catalyst+1","Well Laid Plans","Dodge and Roll+1","Catalyst","Noxious Fumes"],"relics":["Ring of the Serpent","Ancient Tea Set","WingedGreaves","Red Mask","Darkstone Periapt","Membership Card","Regal Pillow","Busted Crown","Bag of Marbles","Ninja Scroll","FossilizedHelix","Shuriken"],"potions_floor_usage":[20,24,33,33,55,55,55],"damage_taken":[{"damage":0,"enemies":"2 Louse","floor":1,"turns":3},{"damage":2,"enemies":"Small Slimes","floor":2,"turns":4},{"damage":0,"enemies":"Jaw Worm","floor":3,"turns":5},{"damage":0,"enemies":"Looter","floor":5,"turns":4},{"damage":25,"enemies":"3 Sentries","floor":7,"turns":8},{"damage":2,"enemies":"Large Slime","floor":11,"turns":5},{"damage":16,"enemies":"Red Slaver","floor":12,"turns":5},{"damage":10,"enemies":"Exordium Thugs","floor":13,"turns":5},{"damage":19,"enemies":"Gremlin Nob","floor":14,"turns":5},{"damage":20,"enemies":"Slime Boss","floor":16,"turns":10},{"damage":1,"enemies":"Shell Parasite","floor":18,"turns":5},{"damage":26,"enemies":"3 Byrds","floor":19,"turns":6},{"damage":19,"enemies":"Masked Bandits","floor":20,"turns":6},{"damage":4,"enemies":"Snecko","floor":22,"turns":6},{"damage":13,"enemies":"Colosseum Slavers","floor":24,"turns":5},{"damage":5,"enemies":"Centurion and Healer","floor":31,"turns":7},{"damage":44,"enemies":"Automaton","floor":33,"turns":9},{"damage":18,"enemies":"Orb Walker","floor":35,"turns":4},{"damage":0,"enemies":"3 Shapes","floor":36,"turns":4},{"damage":0,"enemies":"Transient","floor":44,"turns":5},{"damage":15,"enemies":"3 Darklings","floor":46,"turns":4},{"damage":28,"enemies":"Spire Growth","floor":48,"turns":5},{"damage":35,"enemies":"Awakened One","floor":50,"turns":14},{"damage":31,"enemies":"Shield and Spear","floor":54,"turns":6},{"damage":34,"enemies":"The Heart","floor":55,"turns":9}],"seed_played":"4568264764660042883","potions_obtained":[{"floor":1,"key":"Energy Potion"},{"floor":5,"key":"AttackPotion"},{"floor":11,"key":"GhostInAJar"},{"floor":18,"key":"EssenceOfSteel"},{"floor":31,"key":"Poison Potion"},{"floor":33,"key":"Regen Potion"},{"floor":35,"key":"GamblersBrew"},{"floor":44,"key":"Regen Potion"},{"floor":48,"key":"Ancient Potion"}],"is_trial":false,"path_per_floor":["M","M","M","$","M","R","E","R","T","?","M","M","M","?","R","B",null,"M","M","?","?","M","R","?","$","T","R","$","R","?","M","R","B",null,"M","M","?","?","$","R","R","R","T","M","R","M","T","M","R","B",null,"R","$","E","B",null],"character_chosen":"THE_SILENT","items_purchased":["Noxious Fumes","Slice","Bandage Up","Bullet Time","Membership Card","Regal Pillow","Well Laid Plans","Bag of Marbles","GhostInAJar","Catalyst"],"campfire_rested":4,"item_purchase_floors":[4,4,25,25,28,28,39,39,53,53],"current_hp_per_floor":[77,75,75,75,75,75,50,50,50,50,48,32,22,3,26,6,77,76,50,31,31,27,27,14,14,14,37,37,37,37,36,74,33,77,59,63,63,63,63,63,63,63,63,67,67,56,56,32,68,37,73,73,73,46,31],"gold":51,"neow_bonus":"TEN_PERCENT_HP_BONUS","is_prod":false,"is_daily":false,"chose_seed":false,"campfire_upgraded":8,"win_rate":0,"timestamp":1558989454,"path_taken":["M","M","M","$","M","R","E","R","T","?","M","M","M","?","R","BOSS","M","M","?","?","M","R","?","$","T","R","?","R","?","M","R","BOSS","M","M","?","?","$","R","R","R","T","M","R","?","?","?","R","BOSS","R","$","E","BOSS"],"build_version":"2019-01-23","purchased_purges":2,"victory":true,"max_hp_per_floor":[77,77,77,77,77,77,77,77,77,77,77,77,77,77,77,77,77,77,77,77,77,77,77,77,77,77,77,77,77,77,77,77,77,77,77,77,73,73,73,73,73,73,73,73,73,73,73,73,73,73,73,73,73,73,73],"card_choices":[{"not_picked":["Underhanded Strike","Acrobatics"],"picked":"Leg Sweep","floor":1},{"not_picked":["Blade Dance","Bane"],"picked":"Noxious Fumes","floor":2},{"not_picked":["Outmaneuver","Bane"],"picked":"Poisoned Stab","floor":3},{"not_picked":["Outmaneuver","Noxious Fumes"],"picked":"Cloak And Dagger","floor":5},{"not_picked":["Blade Dance","Underhanded Strike"],"picked":"A Thousand Cuts","floor":7},{"not_picked":["Sucker Punch","Expertise"],"picked":"Catalyst","floor":11},{"not_picked":["Distraction","Eviscerate"],"picked":"Dodge and Roll","floor":12},{"not_picked":["Outmaneuver","Blade Dance"],"picked":"Catalyst","floor":13},{"not_picked":["Night Terror","Unload"],"picked":"Malaise","floor":16},{"not_picked":["Dagger Throw","Deadly Poison","Acrobatics"],"picked":"SKIP","floor":18},{"not_picked":["Blade Dance+1","Leg Sweep"],"picked":"Slice+1","floor":19},{"not_picked":["Flechettes","Slice"],"picked":"Deflect+1","floor":20},{"not_picked":["Endless Agony","Slice"],"picked":"Backflip","floor":22},{"not_picked":["Deadly Poison","Skewer","Underhanded Strike"],"picked":"SKIP","floor":31},{"not_picked":[],"picked":"Dodge and Roll","floor":35},{"not_picked":["Dagger Spray+1"],"picked":"SKIP","floor":36},{"not_picked":["Deflect"],"picked":"SKIP","floor":44},{"not_picked":["Riddle With Holes+1"],"picked":"SKIP","floor":46},{"not_picked":[],"picked":"Dodge and Roll+1","floor":48},{"not_picked":[],"picked":"Noxious Fumes","floor":54}],"player_experience":20859,"relics_obtained":[{"floor":7,"key":"Ancient Tea Set"},{"floor":20,"key":"Red Mask"},{"floor":26,"key":"Darkstone Periapt"},{"floor":43,"key":"Ninja Scroll"},{"floor":47,"key":"FossilizedHelix"},{"floor":54,"key":"Shuriken"}],"event_choices":[{"damage_healed":0,"gold_gain":175,"player_choice":"AGREE","damage_taken":0,"max_hp_gain":0,"max_hp_loss":0,"event_name":"Liars Game","floor":10,"gold_loss":0,"cards_obtained":["Doubt"]},{"damage_healed":0,"gold_gain":30,"player_choice":"Searched \u00273\u0027 times","damage_taken":0,"relics_obtained":["WingedGreaves"],"max_hp_gain":0,"max_hp_loss":0,"event_name":"Dead Adventurer","floor":14,"gold_loss":0},{"damage_healed":0,"gold_gain":0,"player_choice":"Fought Bandits","damage_taken":0,"max_hp_gain":0,"max_hp_loss":0,"event_name":"Masked Bandits","floor":20,"gold_loss":0},{"damage_healed":0,"gold_gain":0,"player_choice":"Simplicity","damage_taken":0,"max_hp_gain":0,"max_hp_loss":0,"event_name":"Back to Basics","floor":21,"gold_loss":0,"cards_upgraded":["Defend_G","Defend_G","Defend_G","Defend_G","Defend_G","Strike_G","Strike_G","Strike_G","Strike_G","Strike_G"]},{"damage_healed":0,"gold_gain":0,"player_choice":"Fight","damage_taken":0,"max_hp_gain":0,"max_hp_loss":0,"event_name":"Colosseum","floor":24,"gold_loss":0},{"damage_healed":0,"gold_gain":0,"player_choice":"Fled From Nobs","damage_taken":0,"max_hp_gain":0,"max_hp_loss":0,"event_name":"Colosseum","floor":24,"gold_loss":0},{"damage_healed":0,"gold_gain":0,"player_choice":"Ignored","damage_taken":0,"max_hp_gain":0,"max_hp_loss":0,"event_name":"Vampires","floor":30,"gold_loss":0},{"damage_healed":0,"gold_gain":0,"player_choice":"Max HP","damage_taken":0,"max_hp_gain":0,"max_hp_loss":4,"event_name":"Winding Halls","floor":37,"gold_loss":0},{"damage_healed":0,"gold_gain":0,"player_choice":"Copied","damage_taken":0,"max_hp_gain":0,"max_hp_loss":0,"event_name":"Duplicator","floor":38,"gold_loss":0,"cards_obtained":["Catalyst"]}],"is_beta":false,"boss_relics":[{"not_picked":["Black Star","Orrery"],"picked":"Ring of the Serpent"},{"not_picked":["Runic Dome","Cursed Key"],"picked":"Busted Crown"}],"items_purged_floors":[25,39],"is_endless":false,"potions_floor_spawned":[1,5,11,18,24,31,33,35,44,48,54],"ascension_level":0}