{"gold_per_floor":[115,115,115,14,35,35,78,78,147,182,207,222,397,416,416,540,540,560,573,25,25,46,46,46,0,0,21,42,42,141,9,9,9],"floor_reached":33,"playtime":2663,"items_purged":["Normality","Doubt"],"score":257,"play_id":"95e54920-35d3-4496-85d0-e5af293aa246","local_time":"20180714163944","is_ascension_mode":false,"campfire_choices":[{"floor":6,"key":"REST"},{"floor":8,"key":"REST"},{"floor":15,"key":"REST"},{"floor":23,"key":"REST"},{"data":"Finisher","floor":32,"key":"SMITH"}],"neow_cost":"CURSE","seed_source_timestamp":0,"circlet_count":0,"master_deck":["Defend_G","Defend_G","Defend_G","Defend_G","Strike_G","Strike_G","Strike_G","Strike_G","Strike_G","Survivor","Neutralize","Terror","Sucker Punch","Dash","Outmaneuver+1","Backflip+1","Finisher+1","Dagger Spray","Dodge and Roll+1","Venomology+1","Quick Slash+1","Deflect+1","Bandage Up+1","Dagger Throw","Deflect+1","Slice","Outmaneuver+1","Riddle With Holes","Expertise+1","Dagger Spray+1","Deflect+1","Swift Strike"],"special_seed":17726,"relics":["Ring of the Snake","Ice Cream","Bird Faced Urn","Golden Idol","Toxic Egg 2","Mercury Hourglass","Orichalcum","White Beast Statue","Prayer Wheel","Bag of Marbles"],"potions_floor_usage":[18,18,18,22,27,27,27,28,29,33,33,33],"damage_taken":[{"damage":0,"enemies":"2 Louse","floor":1,"turns":4},{"damage":0,"enemies":"Small Slimes","floor":5,"turns":4},{"damage":17,"enemies":"Lagavulin","floor":7,"turns":8},{"damage":13,"enemies":"Gremlin Nob","floor":10,"turns":4},{"damage":0,"enemies":"Cultist","floor":11,"turns":3},{"damage":0,"enemies":"Large Slime","floor":12,"turns":8},{"damage":0,"enemies":"2 Fungi Beasts","floor":14,"turns":3},{"damage":22,"enemies":"The Guardian","floor":16,"turns":11},{"damage":11,"enemies":"Spheric Guardian","floor":18,"turns":4},{"damage":19,"enemies":"Shell Parasite","floor":19,"turns":5},{"damage":6,"enemies":"Cultist and Chosen","floor":22,"turns":6},{"damage":8,"enemies":"Slaver and Parasite","floor":27,"turns":7},{"damage":0,"enemies":"Centurion and Healer","floor":28,"turns":5},{"damage":0,"enemies":"Snecko","floor":29,"turns":1},{"damage":71,"enemies":"Automaton","floor":33,"turns":10}],"seed_played":"-1557900698408723444","potions_obtained":[{"floor":1,"key":"Strength Potion"},{"floor":11,"key":"Poison Potion"},{"floor":18,"key":"GhostInAJar"},{"floor":19,"key":"Strength Potion"},{"floor":22,"key":"Block Potion"},{"floor":27,"key":"Dexterity Potion"},{"floor":28,"key":"SmokeBomb"}],"is_trial":false,"path_per_floor":["M","?","?","$","M","R","E","R","T","E","M","M","?","M","R","B",null,"M","M","$","?","M","R","?","?","T","M","M","M","?","$","R"],"character_chosen":"THE_SILENT","items_purchased":["Sucker Punch","Prayer Wheel","Bandage Up+1","Dagger Throw","Deflect+1","Swift Strike"],"campfire_rested":4,"item_purchase_floors":[4,20,20,20,31,31],"current_hp_per_floor":[70,58,41,41,41,62,45,66,66,53,53,53,53,53,70,48,70,59,40,40,40,40,61,61,61,61,59,65,65,65,65,65,0],"gold":9,"neow_bonus":"ONE_RARE_RELIC","is_prod":false,"is_daily":false,"chose_seed":false,"campfire_upgraded":1,"win_rate":0.0,"timestamp":1531600784,"path_taken":["M","?","?","$","M","R","E","R","T","E","M","M","?","?","R","BOSS","M","M","$","?","M","R","?","?","T","?","M","M","?","?","R","BOSS"],"build_version":"2018-07-12","purchased_purges":2,"victory":false,"max_hp_per_floor":[70,70,70,70,70,70,70,70,70,70,70,70,70,70,70,70,70,70,70,70,70,70,70,70,70,70,70,70,70,70,70,70,70],"card_choices":[{"not_picked":["Distraction","Poisoned Stab"],"picked":"Terror","floor":1},{"not_picked":["Quick Slash","Backflip"],"picked":"Dash","floor":5},{"not_picked":["Distraction","Dagger Throw"],"picked":"Outmaneuver","floor":7},{"not_picked":["Unload","Reflex+1"],"picked":"Backflip+1","floor":10},{"not_picked":["Dodge and Roll+1","Deadly Poison+1"],"picked":"Finisher","floor":11},{"not_picked":["Slice","Outmaneuver+1"],"picked":"Dagger Spray","floor":12},{"not_picked":["Caltrops","Prepared+1"],"picked":"Dodge and Roll+1","floor":14},{"not_picked":["Die Die Die","Bullet Time+1"],"picked":"Venomology+1","floor":16},{"not_picked":["Sucker Punch+1","Backflip+1"],"picked":"Quick Slash+1","floor":18},{"not_picked":["Quick Slash","Backflip+1"],"picked":"Deflect+1","floor":19},{"not_picked":["Backflip+1","Poisoned Stab"],"picked":"Deflect+1","floor":22},{"not_picked":["Prepared+1","Eviscerate"],"picked":"Slice","floor":22},{"not_picked":["Underhanded Strike","Bane"],"picked":"Outmaneuver+1","floor":27},{"not_picked":["Escape Plan+1","Flechettes"],"picked":"Riddle With Holes","floor":27},{"not_picked":["Blade Dance+1","Dagger Spray"],"picked":"Expertise+1","floor":28},{"not_picked":["Distraction+1","Unload"],"picked":"Dagger Spray+1","floor":28}],"player_experience":21303,"relics_obtained":[{"floor":7,"key":"Toxic Egg 2"},{"floor":9,"key":"Mercury Hourglass"},{"floor":10,"key":"Orichalcum"},{"floor":26,"key":"Bag of Marbles"}],"event_choices":[{"event_name":"Scrap Ooze","player_choice":"success","floor":2,"damage_taken":12},{"event_name":"Golden Idol","player_choice":"Take Damage","floor":3,"damage_taken":0},{"event_name":"Liars Game","player_choice":"agreed","floor":13,"damage_taken":0},{"event_name":"Drug Dealer","player_choice":"Ignored","floor":21,"damage_taken":0},{"event_name":"Purifier","player_choice":"One Purge","floor":24,"damage_taken":0},{"event_name":"Masked Bandits","player_choice":"Paid Bandits 46 gold","floor":25,"damage_taken":0},{"event_name":"Nest","player_choice":"Stole From Cult","floor":30,"damage_taken":0}],"boss_relics":[{"not_picked":["Coffee Dripper","Ectoplasm"],"picked":"White Beast Statue"}],"items_purged_floors":[4,20],"is_endless":false,"potions_floor_spawned":[1,11,18,19,22,27,28,29],"killed_by":"Automaton","ascension_level":0}