{"gold_per_floor":[115,125,300,316,336,367,378,400,400,420,8,65,65,80,80,179,179,199,212,212,235,249,249,268,191,191,191,221,232,246,261,261,366,366,379,379,379,391,77,105,116,136,162,162,162,32,42,58,58,58],"floor_reached":51,"playtime":4291,"items_purged":[],"score":730,"play_id":"f71f9937-3d48-4fd9-b988-fd83a429261b","local_time":"20180715154718","is_ascension_mode":false,"campfire_choices":[{"data":"Carnage","floor":13,"key":"SMITH"},{"floor":15,"key":"REST"},{"data":"Twin Strike","floor":23,"key":"SMITH"},{"floor":32,"key":"REST"},{"floor":44,"key":"REST"},{"floor":49,"key":"REST"}],"neow_cost":"NONE","seed_source_timestamp":375827255171471,"circlet_count":0,"master_deck":["Strike_R","Strike_R+1","Strike_R","Strike_R","Strike_R","Defend_R","Defend_R","Defend_R","Bash","Thunderclap","Twin Strike+1","Dropkick","Pummel","Anger","Iron Wave","Headbutt+1","Metallicize","Carnage+1","Ghostly Armor","Rampage","Shockwave","Shrug It Off","Sword Boomerang","Limit Break","Armaments","Iron Wave","Dropkick","Reaper","Heavy Blade","Spot Weakness+1","Fire Breathing","Bloodletting+1","Cleave","J.A.X.","Power Through+1","Thunderclap","Cleave","Anger+1","Limit Break","Rage+1","Power Through","Hemokinesis","Disarm","Pommel Strike","Reckless Charge","True Grit+1","Armaments+1","Shrug It Off+1","Blind","Good Instincts","Finesse","Inflame","Pommel Strike","Second Wind+1","Disarm+1"],"relics":["Burning Blood","Regal Pillow","Vajra","Odd Mushroom","Self Forming Clay","Bag of Marbles","Bottled Tornado","Orrery","Pear","Oddly Smooth Stone","Paper Frog","Lantern","Fusion Hammer","Whetstone","Shuriken","Bag of Preparation"],"potions_floor_usage":[6,19,19,28,31,33,33,42,42,50,50],"damage_taken":[{"damage":5,"enemies":"Small Slimes","floor":1,"turns":3},{"damage":10,"enemies":"Jaw Worm","floor":2,"turns":4},{"damage":4,"enemies":"Cultist","floor":4,"turns":4},{"damage":9,"enemies":"2 Fungi Beasts","floor":5,"turns":5},{"damage":36,"enemies":"3 Sentries","floor":6,"turns":9},{"damage":9,"enemies":"Blue Slaver","floor":7,"turns":3},{"damage":3,"floor":8,"turns":3},{"damage":0,"enemies":"3 Louse","floor":10,"turns":2},{"damage":16,"enemies":"3 Sentries","floor":12,"turns":5},{"damage":0,"enemies":"Looter","floor":14,"turns":2},{"damage":2,"enemies":"Slime Boss","floor":16,"turns":7},{"damage":10,"enemies":"Spheric Guardian","floor":18,"turns":5},{"damage":9,"enemies":"2 Thieves","floor":19,"turns":3},{"damage":15,"enemies":"Snecko","floor":22,"turns":3},{"damage":10,"enemies":"Chosen and Byrds","floor":24,"turns":7},{"damage":34,"enemies":"Book of Stabbing","floor":28,"turns":5},{"damage":18,"enemies":"Snake Plant","floor":29,"turns":3},{"damage":15,"enemies":"Snecko","floor":30,"turns":4},{"damage":0,"enemies":"Centurion and Healer","floor":31,"turns":5},{"damage":65,"enemies":"Champ","floor":33,"turns":11},{"damage":12,"enemies":"Orb Walker","floor":35,"turns":2},{"damage":3,"enemies":"3 Darklings","floor":38,"turns":3},{"damage":35,"enemies":"2 Orb Walkers","floor":40,"turns":5},{"damage":5,"enemies":"Maw","floor":41,"turns":5},{"damage":8,"enemies":"Sphere and 2 Shapes","floor":42,"turns":5},{"damage":3,"enemies":"Transient","floor":47,"turns":5},{"damage":11,"enemies":"4 Shapes","floor":48,"turns":4},{"damage":46,"enemies":"Donu and Deca","floor":50,"turns":8}],"seed_played":"4838401822882763874","potions_obtained":[{"floor":1,"key":"BloodPotion"},{"floor":5,"key":"FearPotion"},{"floor":6,"key":"AttackPotion"},{"floor":8,"key":"SteroidPotion"},{"floor":12,"key":"Regen Potion"},{"floor":18,"key":"EssenceOfSteel"},{"floor":22,"key":"Dexterity Potion"},{"floor":29,"key":"SkillPotion"},{"floor":30,"key":"Energy Potion"},{"floor":31,"key":"Swift Potion"},{"floor":33,"key":"SpeedPotion"},{"floor":38,"key":"Ancient Potion"},{"floor":41,"key":"PowerPotion"},{"floor":48,"key":"Ancient Potion"}],"is_trial":false,"path_per_floor":["M","M","?","M","M","E","M","?","T","M","$","?","R","M","R","B",null,"M","M","?","T","M","R","M","?","T","?","E","M","M","M","R","B",null,"M","?","?","M","$","E","M","M","T","R","?","$","M","M","R","B"],"character_chosen":"IRONCLAD","items_purchased":["Bag of Marbles","Carnage","Ghostly Armor","Rampage","Shockwave","Whetstone","Disarm","Pommel Strike","Reckless Charge","Inflame","Pommel Strike"],"campfire_rested":4,"item_purchase_floors":[11,11,11,11,11,39,39,39,39,46,46],"current_hp_per_floor":[80,76,76,78,75,45,42,45,45,51,51,41,41,47,80,80,80,76,73,83,83,74,74,70,70,70,70,51,39,30,36,78,27,90,84,84,84,87,87,58,59,57,57,90,80,80,90,85,90,60],"gold":58,"neow_bonus":"RANDOM_COMMON_RELIC","is_prod":false,"is_daily":false,"chose_seed":false,"campfire_upgraded":2,"win_rate":0,"timestamp":1531684038,"path_taken":["M","M","?","?","M","E","M","?","T","M","$","?","R","M","R","BOSS","M","M","?","?","M","R","M","?","T","?","E","M","?","M","R","BOSS","M","?","?","M","$","E","M","M","T","R","?","?","M","M","R","BOSS"],"build_version":"2018-07-12","purchased_purges":0,"victory":true,"max_hp_per_floor":[80,80,80,80,80,80,80,80,80,80,80,80,80,80,80,80,80,80,80,90,90,90,90,90,90,90,90,90,90,90,90,90,90,90,90,90,90,90,90,90,90,90,90,90,90,90,90,90,90,90],"card_choices":[{"not_picked":["Combust","Metallicize"],"picked":"Thunderclap","floor":1},{"not_picked":["Fire Breathing","Burning Pact"],"picked":"Twin Strike","floor":2},{"not_picked":["Headbutt","Heavy Blade"],"picked":"Dropkick","floor":4},{"not_picked":["Heavy Blade","Metallicize"],"picked":"Pummel","floor":5},{"not_picked":["Iron Wave","Second Wind"],"picked":"Anger","floor":6},{"not_picked":["Warcry","Feed"],"picked":"Iron Wave","floor":7},{"not_picked":["Armaments","Flex"],"picked":"Headbutt","floor":8},{"not_picked":["Second Wind","Warcry"],"picked":"Metallicize","floor":10},{"not_picked":["Sword Boomerang","Body Slam"],"picked":"Shrug It Off","floor":12},{"not_picked":["Perfected Strike","True Grit"],"picked":"Sword Boomerang","floor":14},{"not_picked":["Bludgeon","Double Tap"],"picked":"Limit Break","floor":16},{"not_picked":["Clash","Warcry"],"picked":"Armaments","floor":17},{"not_picked":["Body Slam","Rupture"],"picked":"Iron Wave","floor":17},{"not_picked":["True Grit","Iron Wave"],"picked":"Dropkick","floor":17},{"not_picked":["Iron Wave","Shrug It Off"],"picked":"Reaper","floor":17},{"not_picked":["Second Wind","Perfected Strike"],"picked":"Heavy Blade","floor":17},{"not_picked":["Shrug It Off","True Grit"],"picked":"Spot Weakness+1","floor":18},{"not_picked":["Rupture+1","Armaments"],"picked":"Fire Breathing","floor":19},{"not_picked":["Disarm","Armaments"],"picked":"Bloodletting+1","floor":22},{"not_picked":["Fire Breathing","Bloodletting"],"picked":"Cleave","floor":24},{"not_picked":["Fiend Fire","Corruption"],"picked":"Power Through+1","floor":28},{"not_picked":["Armaments","Warcry"],"picked":"Thunderclap","floor":29},{"not_picked":["Battle Trance","Thunderclap"],"picked":"Cleave","floor":30},{"not_picked":["True Grit","Twin Strike+1"],"picked":"Anger+1","floor":31},{"not_picked":["Barricade","Berserk"],"picked":"Limit Break","floor":33},{"not_picked":["Infernal Blade","Shrug It Off+1"],"picked":"Rage+1","floor":35},{"not_picked":["Second Wind+1","True Grit+1"],"picked":"Hemokinesis","floor":38},{"not_picked":["Battle Trance+1","Demon Form"],"picked":"True Grit+1","floor":40},{"not_picked":["Twin Strike","Hemokinesis+1"],"picked":"Armaments+1","floor":41},{"not_picked":["True Grit","Pommel Strike"],"picked":"Shrug It Off+1","floor":42},{"not_picked":["Deep Breath","Master of Strategy"],"picked":"Blind","floor":45},{"not_picked":["Magnetism","Swift Strike"],"picked":"Good Instincts","floor":45},{"not_picked":["Purity","Secret Technique"],"picked":"Finesse","floor":45},{"not_picked":["Sword Boomerang","Fire Breathing"],"picked":"Second Wind+1","floor":47},{"not_picked":["Rupture","Sword Boomerang+1"],"picked":"Disarm+1","floor":48}],"player_experience":29700,"relics_obtained":[{"floor":6,"key":"Vajra"},{"floor":8,"key":"Odd Mushroom"},{"floor":9,"key":"Self Forming Clay"},{"floor":12,"key":"Bottled Tornado"},{"floor":21,"key":"Oddly Smooth Stone"},{"floor":26,"key":"Paper Frog"},{"floor":28,"key":"Lantern"},{"floor":40,"key":"Shuriken"},{"floor":43,"key":"Bag of Preparation"}],"event_choices":[{"event_name":"Liars Game","player_choice":"agreed","floor":3,"damage_taken":0},{"event_name":"Mushrooms","player_choice":"Fought Mushrooms","floor":8,"damage_taken":0},{"event_name":"Dead Adventurer","player_choice":"Searched \u00271\u0027 times","floor":12,"damage_taken":0},{"event_name":"The Mausoleum","player_choice":"Yes","floor":20,"damage_taken":0},{"event_name":"Drug Dealer","player_choice":"Got JAXXED","floor":25,"damage_taken":0},{"event_name":"Purifier","player_choice":"One Purge","floor":27,"damage_taken":0},{"event_name":"Transmorgrifier","player_choice":"Transform","floor":36,"damage_taken":0},{"event_name":"Tomb of Lord Red Mask","player_choice":"Ignored","floor":37,"damage_taken":0},{"event_name":"SensoryStone","player_choice":"Memory 3","floor":45,"damage_taken":0}],"boss_relics":[{"not_picked":["Calling Bell","Lizard Tail"],"picked":"Orrery"},{"not_picked":["Eternal Feather","Black Star"],"picked":"Fusion Hammer"}],"items_purged_floors":[],"is_endless":false,"potions_floor_spawned":[1,5,6,8,12,14,18,22,29,30,31,33,38,41,48],"ascension_level":0}