{"gold_per_floor":[366,278,278,278,296,296,329,347,372,403,420,420,420,103,103,182,182,201,212,224,74,74,74,93,118,165,192,192,206,226,238,238,314,314,324,80,94,113,168,226,226,176,202,229,128,141,91,124,124,124],"floor_reached":51,"playtime":3151,"items_purged":["Strike_R","Strike_R","Strike_R","Perfected Strike","Strike_R"],"score":1493,"play_id":"3c449f4b-e115-4dbd-b605-6cbf9300f647","local_time":"20190524100158","is_ascension_mode":true,"campfire_choices":[{"data":"Bash","floor":6,"key":"SMITH"},{"data":"Battle Trance","floor":13,"key":"SMITH"},{"data":"Inflame","floor":15,"key":"SMITH"},{"data":"True Grit","floor":23,"key":"SMITH"},{"data":"Havoc","floor":28,"key":"SMITH"},{"data":"Juggernaut","floor":32,"key":"SMITH"},{"data":"Offering","floor":49,"key":"SMITH"}],"neow_cost":"TEN_PERCENT_HP_LOSS","seed_source_timestamp":376681708334482,"circlet_count":0,"master_deck":["AscendersBane","Strike_R","Defend_R","Defend_R","Defend_R","Defend_R","Bash+1","Uppercut+1","Battle Trance+1","Sword Boomerang","Inflame+1","Havoc+1","Reaper","Headbutt+1","Warcry","True Grit+1","Juggernaut+1","Armaments","Seeing Red","Fiend Fire","Burning Pact+1","Battle Trance","True Grit","Second Wind","Offering+1","Entrench"],"relics":["Burning Blood","Vajra","Mango","Happy Flower","Dead Branch","Mummified Hand","Centennial Puzzle","Coffee Dripper","Bag of Preparation","NlothsMask","Smiling Mask","Boot","Orrery","OrangePellets","Champion Belt","Tiny Chest","Dream Catcher","Pear","Strawberry"],"potions_floor_usage":[25],"damage_taken":[{"damage":5,"enemies":"2 Louse","floor":1,"turns":3},{"damage":1,"enemies":"Small Slimes","floor":5,"turns":3},{"damage":32,"enemies":"3 Sentries","floor":7,"turns":9},{"damage":0,"enemies":"Cultist","floor":8,"turns":2},{"damage":16,"enemies":"Gremlin Nob","floor":10,"turns":3},{"damage":18,"enemies":"Large Slime","floor":11,"turns":3},{"damage":7,"enemies":"Hexaghost","floor":16,"turns":8},{"damage":9,"enemies":"Shell Parasite","floor":18,"turns":3},{"damage":14,"enemies":"2 Thieves","floor":19,"turns":3},{"damage":0,"enemies":"Snake Plant","floor":20,"turns":4},{"damage":13,"enemies":"Snecko","floor":24,"turns":3},{"damage":72,"enemies":"Slavers","floor":25,"turns":8},{"damage":0,"enemies":"Gremlin Leader","floor":27,"turns":3},{"damage":17,"enemies":"Shelled Parasite and Fungi","floor":29,"turns":4},{"damage":5,"enemies":"Centurion and Healer","floor":30,"turns":4},{"damage":5,"enemies":"3 Cultists","floor":31,"turns":4},{"damage":20,"enemies":"Automaton","floor":33,"turns":5},{"damage":0,"enemies":"3 Shapes","floor":35,"turns":2},{"damage":0,"enemies":"Orb Walker","floor":37,"turns":2},{"damage":0,"enemies":"Sphere and 2 Shapes","floor":38,"turns":4},{"damage":2,"enemies":"2 Orb Walkers","floor":39,"turns":3},{"damage":7,"enemies":"Nemesis","floor":40,"turns":3},{"damage":9,"enemies":"Giant Head","floor":44,"turns":5},{"damage":1,"enemies":"Writhing Mass","floor":46,"turns":7},{"damage":17,"enemies":"Nemesis","floor":48,"turns":3},{"damage":52,"enemies":"Awakened One","floor":50,"turns":6}],"seed_played":"-7420108114871820466","potions_obtained":[{"floor":1,"key":"Explosive Potion"},{"floor":18,"key":"Block Potion"},{"floor":25,"key":"Swift Potion"}],"is_trial":false,"path_per_floor":["M","$","?","?","M","R","E","M","T","E","M","?","R","$","R","B",null,"M","M","M","$","?","R","M","E","T","E","R","M","M","M","R","B",null,"M","$","M","M","?","E","T","$","T","E","$","M","$","E","R","B",null],"character_chosen":"IRONCLAD","items_purchased":["Uppercut","Fire Potion","Inflame","Havoc","Centennial Puzzle","Bag of Preparation","OrangePellets","SteroidPotion"],"campfire_rested":0,"item_purchase_floors":[2,2,14,14,14,21,36,45],"current_hp_per_floor":[68,68,68,57,62,62,50,56,56,46,34,34,34,34,34,33,70,67,74,82,82,82,82,75,25,25,31,31,32,53,66,66,77,81,82,82,82,82,82,82,82,82,82,92,92,92,92,99,99,79],"gold":124,"neow_bonus":"TWO_FIFTY_GOLD","is_prod":false,"is_daily":false,"chose_seed":false,"campfire_upgraded":7,"win_rate":0,"timestamp":1558706518,"path_taken":["M","$","?","?","M","R","E","M","T","E","M","?","R","$","R","BOSS","M","?","M","$","?","R","M","E","T","E","R","M","M","?","R","BOSS","M","$","M","M","?","E","?","$","T","E","$","?","?","E","R","BOSS"],"build_version":"2019-01-23","purchased_purges":5,"victory":true,"max_hp_per_floor":[68,68,68,68,68,68,82,82,82,82,82,82,82,82,82,82,82,82,82,82,82,82,82,82,82,82,82,82,82,82,82,82,82,82,82,82,82,82,82,82,82,82,82,92,92,92,92,99,99,99],"card_choices":[{"not_picked":["Rage","Fire Breathing"],"picked":"Perfected Strike","floor":1},{"not_picked":["True Grit","Cleave"],"picked":"Battle Trance","floor":5},{"not_picked":["Infernal Blade","Heavy Blade"],"picked":"Sword Boomerang","floor":7},{"not_picked":["Power Through","Twin Strike","Warcry"],"picked":"SKIP","floor":8},{"not_picked":["Rampage","Blood for Blood","Body Slam"],"picked":"SKIP","floor":10},{"not_picked":["Sentinel","Twin Strike","Uppercut"],"picked":"SKIP","floor":11},{"not_picked":["Barricade","Offering"],"picked":"Reaper","floor":16},{"not_picked":["Wild Strike","Thunderclap+1"],"picked":"Headbutt+1","floor":18},{"not_picked":["Ghostly Armor","Rampage"],"picked":"Warcry","floor":19},{"not_picked":["Heavy Blade","Iron Wave"],"picked":"True Grit","floor":20},{"not_picked":["True Grit","Wild Strike+1","Carnage"],"picked":"SKIP","floor":24},{"not_picked":["Headbutt","Dark Embrace","Heavy Blade"],"picked":"SKIP","floor":25},{"not_picked":["Perfected Strike+1","Pommel Strike"],"picked":"Juggernaut","floor":27},{"not_picked":["Wild Strike","Dual Wield"],"picked":"Armaments","floor":29},{"not_picked":["Wild Strike","Headbutt","Body Slam"],"picked":"SKIP","floor":30},{"not_picked":["Combust","Wild Strike"],"picked":"Seeing Red","floor":31},{"not_picked":["Juggernaut","Barricade"],"picked":"Fiend Fire","floor":33},{"not_picked":["Iron Wave+1","True Grit"],"picked":"Burning Pact+1","floor":34},{"not_picked":["Anger","Thunderclap"],"picked":"Battle Trance","floor":34},{"not_picked":["Twin Strike","Whirlwind"],"picked":"True Grit","floor":34},{"not_picked":["Immolate","Cleave","Rupture"],"picked":"SKIP","floor":35},{"not_picked":["Twin Strike","Pommel Strike","Perfected Strike+1"],"picked":"SKIP","floor":37},{"not_picked":["True Grit","Heavy Blade","Iron Wave"],"picked":"SKIP","floor":38},{"not_picked":["Clothesline","Cleave"],"picked":"Second Wind","floor":40},{"not_picked":["Uppercut","Pommel Strike+1","Thunderclap"],"picked":"SKIP","floor":44},{"not_picked":["Flex+1","True Grit"],"picked":"Offering","floor":46},{"not_picked":["Carnage","Entrench","Flame Barrier"],"picked":"SKIP","floor":48},{"not_picked":["Carnage","Flame Barrier"],"picked":"Entrench","floor":48}],"player_experience":1291258,"relics_obtained":[{"floor":7,"key":"Mango"},{"floor":9,"key":"Happy Flower"},{"floor":10,"key":"Dead Branch"},{"floor":25,"key":"Smiling Mask"},{"floor":27,"key":"Boot"},{"floor":39,"key":"Champion Belt"},{"floor":40,"key":"Tiny Chest"},{"floor":43,"key":"Dream Catcher"},{"floor":44,"key":"Pear"},{"floor":48,"key":"Strawberry"}],"event_choices":[{"damage_healed":0,"gold_gain":0,"player_choice":"Grow","damage_taken":0,"max_hp_gain":0,"max_hp_loss":0,"event_name":"Living Wall","floor":3,"gold_loss":0,"cards_upgraded":["Uppercut"]},{"damage_healed":0,"gold_gain":0,"player_choice":"Success","damage_taken":11,"relics_obtained":["Vajra"],"max_hp_gain":0,"max_hp_loss":0,"event_name":"Scrap Ooze","floor":4,"gold_loss":0},{"damage_healed":0,"gold_gain":0,"player_choice":"Gave Potion","damage_taken":0,"relics_obtained":["Mummified Hand"],"max_hp_gain":0,"max_hp_loss":0,"event_name":"WeMeetAgain","floor":12,"gold_loss":0},{"damage_healed":0,"gold_gain":0,"player_choice":"Trade","damage_taken":0,"relics_obtained":["NlothsMask"],"max_hp_gain":0,"max_hp_loss":0,"event_name":"FaceTrader","floor":22,"gold_loss":0},{"damage_healed":0,"gold_gain":0,"player_choice":"Fight","damage_taken":0,"max_hp_gain":0,"max_hp_loss":0,"event_name":"Mysterious Sphere","floor":39,"gold_loss":0}],"is_beta":false,"boss_relics":[{"not_picked":["Sozu","Pandora\u0027s Box"],"picked":"Coffee Dripper"},{"not_picked":["Runic Dome","Velvet Choker"],"picked":"Orrery"}],"items_purged_floors":[14,36,42,45,47],"is_endless":false,"potions_floor_spawned":[1,5,11,18,25,29,33,35,37,40,44],"ascension_level":15}