{"gold_per_floor":[116,135,135,150,161,161,186,186,213,242,79,94,107,107,107,182,182,192,192,192,10,28,28,45,45,45,45,58,89,89,101,101,174,174,193,193,203,213,46,46],"floor_reached":40,"playtime":2306,"items_purged":["Strike_R","Strike_R","Perfected Strike"],"score":836,"play_id":"df49a481-3326-466e-af6e-8b4113f2efa5","local_time":"20190521141751","is_ascension_mode":true,"campfire_choices":[{"data":"Clothesline","floor":6,"key":"SMITH"},{"data":"Bash","floor":8,"key":"SMITH"},{"data":"Combust","floor":15,"key":"SMITH"},{"floor":23,"key":"REST"},{"data":"Shockwave","floor":25,"key":"SMITH"},{"floor":27,"key":"REST"},{"floor":32,"key":"REST"}],"neow_cost":"NONE","seed_source_timestamp":133693405647939,"circlet_count":0,"master_deck":["AscendersBane","Strike_R+1","Strike_R","Strike_R+1","Defend_R","Defend_R","Defend_R","Defend_R","Bash+1","Clothesline+1","Hemokinesis","Clothesline","Shockwave+1","Combust+1","Exhume","Spot Weakness","RitualDagger","Shrug It Off","True Grit","Metallicize+1","Feel No Pain","Limit Break","Armaments","Headbutt","Feel No Pain"],"relics":["Burning Blood","Regal Pillow","PreservedInsect","Whetstone","Runic Pyramid","Calipers","Orichalcum","Nilry\u0027s Codex","Busted Crown"],"potions_floor_usage":[7,28,29,31,37,40,40,40,40],"damage_taken":[{"damage":0,"enemies":"2 Louse","floor":1,"turns":4},{"damage":1,"enemies":"Cultist","floor":2,"turns":3},{"damage":7,"enemies":"Jaw Worm","floor":4,"turns":3},{"damage":12,"enemies":"Blue Slaver","floor":5,"turns":2},{"damage":23,"enemies":"Lagavulin","floor":7,"turns":6},{"damage":7,"enemies":"Gremlin Nob","floor":10,"turns":3},{"damage":12,"enemies":"3 Louse","floor":12,"turns":3},{"damage":13,"enemies":"Exordium Thugs","floor":13,"turns":3},{"damage":37,"enemies":"Slime Boss","floor":16,"turns":10},{"damage":3,"enemies":"3 Byrds","floor":18,"turns":4},{"damage":20,"enemies":"Chosen","floor":22,"turns":5},{"damage":34,"enemies":"Snake Plant","floor":24,"turns":5},{"damage":31,"enemies":"Snecko","floor":28,"turns":5},{"damage":47,"enemies":"Book of Stabbing","floor":29,"turns":5},{"damage":13,"enemies":"Centurion and Healer","floor":31,"turns":6},{"damage":53,"enemies":"Champ","floor":33,"turns":19},{"damage":9,"enemies":"Orb Walker","floor":35,"turns":3},{"damage":15,"enemies":"3 Darklings","floor":37,"turns":7},{"damage":20,"enemies":"Transient","floor":38,"turns":6},{"damage":59,"enemies":"Reptomancer","floor":40,"turns":4}],"seed_played":"7457852114788353594","potions_obtained":[{"floor":1,"key":"EntropicBrew"},{"floor":2,"key":"Explosive Potion"},{"floor":12,"key":"SkillPotion"},{"floor":22,"key":"Regen Potion"},{"floor":31,"key":"EntropicBrew"},{"floor":38,"key":"Swift Potion"}],"is_trial":false,"path_per_floor":["M","M","?","M","M","R","E","R","T","E","$","M","M","?","R","B",null,"M","?","?","$","M","R","M","R","T","R","M","E","?","M","R","B",null,"M","?","M","M","$","E"],"character_chosen":"IRONCLAD","items_purchased":["Combust","Shrug It Off","True Grit","Feel No Pain"],"campfire_rested":3,"item_purchase_floors":[11,21,21,39],"current_hp_per_floor":[81,82,82,81,75,75,58,58,58,57,57,51,44,49,49,18,70,73,67,42,42,28,70,42,42,42,84,68,27,6,14,56,9,71,68,68,59,45,45,0],"gold":46,"neow_bonus":"TEN_PERCENT_HP_BONUS","is_prod":false,"is_daily":false,"chose_seed":false,"campfire_upgraded":4,"win_rate":0,"timestamp":1558462671,"path_taken":["M","M","?","?","M","R","E","R","T","E","$","M","M","?","R","BOSS","M","?","?","$","M","R","M","R","T","R","?","E","?","M","R","BOSS","M","?","M","M","$","E"],"build_version":"2019-01-23","purchased_purges":3,"victory":false,"max_hp_per_floor":[82,82,82,82,82,82,82,82,82,82,82,82,82,87,87,87,87,87,87,92,92,92,92,92,92,92,92,92,92,92,92,92,92,92,92,92,92,92,92,92],"card_choices":[{"not_picked":["Bloodletting","Pummel"],"picked":"Perfected Strike","floor":1},{"not_picked":["Iron Wave","Shockwave"],"picked":"Clothesline","floor":2},{"not_picked":["Fire Breathing","Havoc"],"picked":"Hemokinesis","floor":4},{"not_picked":["Evolve","Entrench","Dual Wield"],"picked":"SKIP","floor":5},{"not_picked":["Body Slam","Carnage"],"picked":"Clothesline","floor":7},{"not_picked":["Intimidate","Iron Wave"],"picked":"Shockwave","floor":10},{"not_picked":["Thunderclap","Pommel Strike"],"picked":"Exhume","floor":12},{"not_picked":["Sword Boomerang","Sever Soul"],"picked":"Spot Weakness","floor":13},{"not_picked":["Seeing Red","Thunderclap","Twin Strike"],"picked":"SKIP","floor":18},{"not_picked":["Perfected Strike+1","Anger","Blood for Blood"],"picked":"SKIP","floor":22},{"not_picked":["Havoc+1","Clothesline","Flex"],"picked":"SKIP","floor":24},{"not_picked":["Whirlwind","Anger+1","Sword Boomerang"],"picked":"SKIP","floor":28},{"not_picked":["Whirlwind","Anger+1","Sword Boomerang"],"picked":"SKIP","floor":28},{"not_picked":["Cleave","Dual Wield"],"picked":"Metallicize+1","floor":29},{"not_picked":["Flame Barrier","Feed"],"picked":"Feel No Pain","floor":31},{"not_picked":["Offering","Feed"],"picked":"Limit Break","floor":33},{"not_picked":["Flex"],"picked":"SKIP","floor":35},{"not_picked":[],"picked":"Armaments","floor":37},{"not_picked":[],"picked":"Headbutt","floor":38}],"player_experience":1272013,"relics_obtained":[{"floor":7,"key":"Regal Pillow"},{"floor":9,"key":"PreservedInsect"},{"floor":10,"key":"Whetstone"},{"floor":26,"key":"Calipers"},{"floor":29,"key":"Orichalcum"},{"floor":30,"key":"Nilry\u0027s Codex"}],"event_choices":[{"damage_healed":0,"gold_gain":0,"player_choice":"Got Potions","damage_taken":0,"max_hp_gain":0,"max_hp_loss":0,"event_name":"Lab","floor":3,"gold_loss":0},{"damage_healed":0,"gold_gain":0,"player_choice":"Donut","damage_taken":0,"max_hp_gain":5,"max_hp_loss":0,"event_name":"Big Fish","floor":14,"gold_loss":0},{"damage_healed":0,"gold_gain":0,"player_choice":"Joined the Cult","damage_taken":6,"max_hp_gain":0,"max_hp_loss":0,"event_name":"Nest","floor":19,"gold_loss":0,"cards_obtained":["RitualDagger"]},{"damage_healed":0,"gold_gain":0,"player_choice":"Shed Blood","damage_taken":30,"max_hp_gain":5,"max_hp_loss":0,"event_name":"Forgotten Altar","floor":20,"gold_loss":0},{"damage_healed":0,"gold_gain":0,"player_choice":"Obtained Book","damage_taken":21,"max_hp_gain":0,"max_hp_loss":0,"event_name":"Cursed Tome","floor":30,"gold_loss":0},{"damage_healed":0,"gold_gain":0,"player_choice":"Ignored","damage_taken":0,"max_hp_gain":0,"max_hp_loss":0,"event_name":"Mysterious Sphere","floor":36,"gold_loss":0}],"is_beta":false,"boss_relics":[{"not_picked":["Empty Cage","Philosopher\u0027s Stone"],"picked":"Runic Pyramid"},{"not_picked":["Tiny House","Snecko Eye"],"picked":"Busted Crown"}],"items_purged_floors":[11,21,39],"is_endless":false,"potions_floor_spawned":[1,2,12,13,16,18,22,31,38],"killed_by":"Reptomancer","ascension_level":20}