{"gold_per_floor":[118,118,23,198,209,209,209,252,300,300,25,65,84,84,84,210,210,235,8,24,24,40,75,75,1,1,1,14,80,80,99,99,219,219,242,44,44,169,0,0],"floor_reached":40,"playtime":2441,"items_purged":["Doubt"],"score":760,"play_id":"7ee8f164-cd74-4b71-a90d-e2399e258c64","local_time":"20190526211220","is_ascension_mode":true,"campfire_choices":[{"data":"Defragment","floor":6,"key":"SMITH"},{"floor":10,"key":"REST"},{"floor":15,"key":"REST"},{"data":"Coolheaded","floor":24,"key":"SMITH"},{"floor":27,"key":"REST"},{"floor":32,"key":"REST"}],"neow_cost":"NONE","seed_source_timestamp":963509638438,"circlet_count":0,"master_deck":["AscendersBane","Zap","Dualcast","Coolheaded+1","Defragment+1","Cold Snap","Steam","Injury","Ball Lightning","Undo+1","White Noise","Amplify","Seek","Conserve Battery+1","Coolheaded+1","Double Energy+1","Electrodynamics","Static Discharge","Glacier","Rip and Tear","Stack","Defragment","Barrage","Creative AI","Amplify","Rainbow","Redo","Consume","Leap","Cold Snap","Reinforced Body","Ball Lightning","Fusion+1","Self Repair","Writhe","Storm"],"relics":["Inserter","Darkstone Periapt","Golden Idol","Du-Vu Doll","Smiling Mask","Bag of Preparation","Mango","Sozu","Membership Card","Juzu Bracelet","Anchor","Tiny Chest","Matryoshka","Pandora\u0027s Box","Art of War","Sling","Ice Cream","Red Mask"],"potions_floor_usage":[8,16,18],"damage_taken":[{"damage":8,"enemies":"2 Louse","floor":1,"turns":4},{"damage":12,"enemies":"Jaw Worm","floor":5,"turns":7},{"damage":16,"enemies":"3 Sentries","floor":8,"turns":9},{"damage":13,"enemies":"Lagavulin","floor":12,"turns":6},{"damage":4,"enemies":"Small Slimes","floor":13,"turns":4},{"damage":38,"enemies":"Hexaghost","floor":16,"turns":10},{"damage":2,"enemies":"3 Byrds","floor":18,"turns":7},{"damage":0,"enemies":"Spheric Guardian","floor":20,"turns":6},{"damage":0,"enemies":"Colosseum Slavers","floor":21,"turns":7},{"damage":14,"enemies":"Cultist and Chosen","floor":22,"turns":5},{"damage":27,"enemies":"Slavers","floor":23,"turns":4},{"damage":0,"enemies":"Snecko","floor":28,"turns":5},{"damage":7,"enemies":"Book of Stabbing","floor":29,"turns":7},{"damage":19,"enemies":"Centurion and Healer","floor":31,"turns":5},{"damage":39,"enemies":"Automaton","floor":33,"turns":9},{"damage":15,"enemies":"Orb Walker","floor":35,"turns":5},{"damage":0,"enemies":"Mind Bloom Boss Battle","floor":38,"turns":5},{"damage":107,"enemies":"Reptomancer","floor":40,"turns":3}],"seed_played":"-7520035722234073125","potions_obtained":[{"floor":5,"key":"LiquidBronze"},{"floor":12,"key":"EssenceOfSteel"},{"floor":16,"key":"GamblersBrew"}],"is_trial":false,"path_per_floor":["M","?","$","?","M","R","?","E","T","R","$","E","M","?","R","B",null,"M","$","M","?","M","E","R","$","T","R","M","E","T","M","R","B",null,"M","$","?","?","?","E"],"character_chosen":"DEFECT","items_purchased":["Defragment","Cold Snap","Bag of Preparation","Undo","Membership Card","Coolheaded","Glacier","Rip and Tear","Self Repair","Art of War","Sling"],"campfire_rested":4,"item_purchase_floors":[3,3,11,11,19,19,25,25,36,36,36],"current_hp_per_floor":[60,57,57,63,51,51,57,41,41,67,67,68,64,44,74,36,85,83,83,83,83,69,42,42,42,42,72,72,65,65,46,76,37,85,70,70,101,107,107,0],"gold":0,"neow_bonus":"BOSS_RELIC","is_prod":false,"is_daily":false,"chose_seed":false,"campfire_upgraded":2,"win_rate":0,"timestamp":1558897940,"path_taken":["M","?","$","?","M","R","?","E","T","R","$","E","M","?","R","BOSS","M","$","M","?","M","E","R","$","T","R","M","E","?","M","R","BOSS","M","$","?","?","?","E"],"build_version":"2019-01-23","purchased_purges":1,"victory":false,"max_hp_per_floor":[75,75,75,81,81,81,87,87,87,87,87,101,101,101,101,101,101,101,101,101,101,101,101,101,101,101,101,101,101,101,101,101,101,101,101,101,107,107,107,107],"card_choices":[{"not_picked":["Redo","Melter"],"picked":"Coolheaded","floor":1},{"not_picked":["Melter","Cold Snap"],"picked":"Steam","floor":5},{"not_picked":["Conserve Battery","Leap"],"picked":"Ball Lightning","floor":8},{"not_picked":["Static Discharge","Gash"],"picked":"White Noise","floor":12},{"not_picked":["Darkness","Melter"],"picked":"Amplify","floor":13},{"not_picked":["Reboot","Buffer"],"picked":"Seek","floor":16},{"not_picked":["Beam Cell","Leap"],"picked":"Conserve Battery+1","floor":18},{"not_picked":["Melter","Coolheaded"],"picked":"Double Energy+1","floor":20},{"not_picked":["Rebound","Reinforced Body+1"],"picked":"Electrodynamics","floor":22},{"not_picked":["Genetic Algorithm","Compile Driver"],"picked":"Static Discharge","floor":23},{"not_picked":["Steam","Fusion"],"picked":"Stack","floor":28},{"not_picked":["Reinforced Body","Hologram"],"picked":"Defragment","floor":29},{"not_picked":["Steam Power","Reprogram"],"picked":"Barrage","floor":31},{"not_picked":["Hyperbeam","All For One"],"picked":"Creative AI","floor":33},{"not_picked":["Hello World+1","Beam Cell"],"picked":"Fusion+1","floor":35},{"not_picked":["Stack+1","Cold Snap"],"picked":"Storm","floor":38}],"player_experience":679210,"relics_obtained":[{"floor":8,"key":"Du-Vu Doll"},{"floor":9,"key":"Smiling Mask"},{"floor":12,"key":"Mango"},{"floor":23,"key":"Juzu Bracelet"},{"floor":26,"key":"Anchor"},{"floor":29,"key":"Tiny Chest"},{"floor":30,"key":"Matryoshka"},{"floor":38,"key":"Ice Cream"}],"event_choices":[{"damage_healed":0,"gold_gain":0,"player_choice":"Success","damage_taken":3,"relics_obtained":["Darkstone Periapt"],"max_hp_gain":0,"max_hp_loss":0,"event_name":"Scrap Ooze","floor":2,"gold_loss":0},{"damage_healed":0,"gold_gain":175,"player_choice":"AGREE","damage_taken":0,"max_hp_gain":0,"max_hp_loss":0,"event_name":"Liars Game","floor":4,"gold_loss":0,"cards_obtained":["Doubt"]},{"damage_healed":0,"gold_gain":0,"player_choice":"Take Wound","damage_taken":0,"relics_obtained":["Golden Idol"],"max_hp_gain":0,"max_hp_loss":0,"event_name":"Golden Idol","floor":7,"gold_loss":0,"cards_obtained":["Injury"]},{"damage_healed":0,"gold_gain":0,"player_choice":"Entered Light","damage_taken":20,"max_hp_gain":0,"max_hp_loss":0,"event_name":"Shining Light","floor":14,"gold_loss":0,"cards_upgraded":["Undo","Coolheaded"]},{"damage_healed":0,"gold_gain":0,"player_choice":"Fight","damage_taken":0,"max_hp_gain":0,"max_hp_loss":0,"event_name":"Colosseum","floor":21,"gold_loss":0},{"damage_healed":0,"gold_gain":0,"player_choice":"Fled From Nobs","damage_taken":0,"max_hp_gain":0,"max_hp_loss":0,"event_name":"Colosseum","floor":21,"gold_loss":0},{"damage_healed":25,"gold_gain":0,"player_choice":"Writhe","damage_taken":0,"max_hp_gain":0,"max_hp_loss":0,"event_name":"Winding Halls","floor":37,"gold_loss":0,"cards_obtained":["Writhe"]},{"damage_healed":0,"gold_gain":0,"player_choice":"Fight","damage_taken":0,"max_hp_gain":0,"max_hp_loss":0,"event_name":"MindBloom","floor":38,"gold_loss":0},{"damage_healed":0,"gold_gain":0,"player_choice":"Paid","damage_taken":0,"relics_obtained":["Red Mask"],"max_hp_gain":0,"max_hp_loss":0,"event_name":"Tomb of Lord Red Mask","floor":39,"gold_loss":169}],"is_beta":false,"boss_relics":[{"not_picked":["Coffee Dripper","Runic Dome"],"picked":"Sozu"},{"not_picked":["Eternal Feather","Orrery"],"picked":"Pandora\u0027s Box"}],"items_purged_floors":[11],"is_endless":false,"potions_floor_spawned":[5,12,16,20,21,29,31,33,35],"killed_by":"Reptomancer","ascension_level":12}