{"gold_per_floor":[163,163,163,179,0,0,150,181,249,269,269,269,296,309,309,388,388,399,1,21,21,21,21,35,62,74,413,425,437],"floor_reached":29,"playtime":1277,"items_purged":["Strike_G","Shame"],"score":558,"play_id":"7204687c-8574-4658-8997-7ef99bd6d09d","local_time":"20190526034612","is_ascension_mode":true,"campfire_choices":[{"data":"Deadly Poison","floor":6.0,"key":"SMITH"},{"floor":11.0,"key":"REST"},{"data":"Caltrops","floor":15.0,"key":"SMITH"},{"data":"Catalyst","floor":23.0,"key":"SMITH"}],"neow_cost":"NONE","seed_source_timestamp":24558783655205,"circlet_count":0,"master_deck":["AscendersBane","Defend_G","Defend_G","Defend_G+1","Defend_G+1","Defend_G","Strike_G","Strike_G+1","Strike_G","Strike_G","Survivor","Neutralize+1","Deadly Poison+1","Cloak And Dagger","Leg Sweep","Dodge and Roll+1","Caltrops+1","Well Laid Plans","Dagger Spray","PiercingWail","PiercingWail","Die Die Die","Backflip","Corpse Explosion","Catalyst+1","Backflip","Wraith Form v2+1","Backflip","Night Terror","PiercingWail+1","Decay"],"special_seed":0,"relics":["Tiny House","Question Card","Omamori","Frozen Egg 2","Ancient Tea Set","Calling Bell","War Paint","Nunchaku","The Courier","TwistedFunnel","Whetstone","MawBank","Calipers","Old Coin"],"potions_floor_usage":[27],"damage_taken":[{"damage":5.0,"enemies":"Small Slimes","floor":1.0,"turns":3.0},{"damage":2.0,"enemies":"Jaw Worm","floor":4.0,"turns":5.0},{"damage":15.0,"enemies":"Lagavulin","floor":8.0,"turns":9.0},{"damage":6.0,"enemies":"Cultist","floor":10.0,"turns":5.0},{"damage":14.0,"enemies":"3 Sentries","floor":13.0,"turns":10.0},{"damage":9.0,"enemies":"Exordium Wildlife","floor":14.0,"turns":8.0},{"damage":0.0,"enemies":"Hexaghost","floor":16.0,"turns":11.0},{"damage":0.0,"enemies":"3 Byrds","floor":18.0,"turns":2.0},{"damage":5.0,"enemies":"Chosen","floor":20.0,"turns":6.0},{"damage":18.0,"enemies":"Snecko","floor":24.0,"turns":4.0},{"damage":9.0,"enemies":"Slavers","floor":25.0,"turns":5.0},{"damage":24,"enemies":"Gremlin Leader","floor":27,"turns":7},{"damage":18,"enemies":"Sentry and Sphere","floor":29,"turns":3}],"seed_played":"-2713576864232015718","potions_obtained":[{"floor":0.0,"key":"Block Potion"},{"floor":10.0,"key":"AttackPotion"},{"floor":12.0,"key":"Fruit Juice"},{"floor":12.0,"key":"Dexterity Potion"},{"floor":16.0,"key":"SteroidPotion"},{"floor":24.0,"key":"GhostInAJar"},{"floor":25.0,"key":"Poison Potion"}],"is_trial":false,"path_per_floor":["M","?","?","M","$","R","?","E","T","M","R","?","E","M","R","B",null,"M","$","M","?","T","R","M","E","T","E","?","M"],"character_chosen":"THE_SILENT","items_purchased":["Dodge and Roll","Caltrops","Corpse Explosion","Catalyst","TwistedFunnel","Backflip"],"campfire_rested":1,"item_purchase_floors":[5,5,19,19,19,19],"current_hp_per_floor":[59,59,59,57,57,57,57,42,42,36,57,62,48,39,39,39,67,67,67,62,62,62,62,44,35,35,11,11,0],"gold":437,"neow_bonus":"BOSS_RELIC","is_prod":false,"is_daily":false,"chose_seed":false,"campfire_upgraded":3,"win_rate":0,"timestamp":1558835172,"path_taken":["M","?","?","?","$","R","?","E","T","M","R","?","E","M","R","BOSS","M","$","?","?","?","R","M","E","T","E","?","M"],"build_version":"2019-01-23","purchased_purges":2,"victory":false,"max_hp_per_floor":[71,71,71,71,71,71,71,71,71,71,71,76,76,76,76,76,76,76,76,76,76,76,76,76,76,76,76,76,76],"card_choices":[{"not_picked":["Flying Knee","Finisher"],"picked":"Deadly Poison","floor":0.0},{"not_picked":["Prepared","Riddle With Holes"],"picked":"Cloak And Dagger","floor":1.0},{"not_picked":["Predator","Dodge and Roll","Outmaneuver"],"picked":"Leg Sweep","floor":4.0},{"not_picked":["Prepared","Reflex","Catalyst"],"picked":"Well Laid Plans","floor":8.0},{"not_picked":["Slice","Outmaneuver","Flying Knee"],"picked":"Dagger Spray","floor":10.0},{"not_picked":["All Out Attack","Dodge and Roll","Endless Agony"],"picked":"PiercingWail","floor":13.0},{"not_picked":["Dodge and Roll","Bane","Tactician"],"picked":"PiercingWail","floor":14.0},{"not_picked":["Unload","Glass Knife","Grand Finale"],"picked":"Die Die Die","floor":16.0},{"not_picked":["Dagger Spray","All Out Attack","Underhanded Strike"],"picked":"Backflip","floor":18.0},{"not_picked":["Acrobatics","Blade Dance","Dagger Throw"],"picked":"Wraith Form v2+1","floor":20.0},{"not_picked":["Blade Dance","Acrobatics","Underhanded Strike+1"],"picked":"Backflip","floor":24.0},{"not_picked":["Finisher","Acrobatics","Sucker Punch"],"picked":"Night Terror","floor":25.0},{"not_picked":["Accuracy+1","Blade Dance+1","Deadly Poison"],"picked":"PiercingWail+1","floor":27}],"player_experience":672270,"relics_obtained":[{"floor":8.0,"key":"Omamori"},{"floor":9.0,"key":"Frozen Egg 2"},{"floor":13.0,"key":"Ancient Tea Set"},{"floor":17.0,"key":"War Paint"},{"floor":17.0,"key":"Nunchaku"},{"floor":17.0,"key":"The Courier"},{"floor":22.0,"key":"Whetstone"},{"floor":25.0,"key":"MawBank"},{"floor":26.0,"key":"Calipers"},{"floor":27,"key":"Old Coin"}],"event_choices":[{"damage_healed":0.0,"max_hp_gain":0.0,"max_hp_loss":0.0,"gold_gain":0.0,"event_name":"Big Fish","player_choice":"Box","floor":2.0,"gold_loss":0.0,"damage_taken":0.0,"relics_obtained":["Question Card"],"cards_obtained":["Regret"]},{"cards_removed":["Regret"],"damage_healed":0.0,"max_hp_gain":0.0,"max_hp_loss":0.0,"gold_gain":0.0,"event_name":"Purifier","player_choice":"Purged","floor":3.0,"gold_loss":0.0,"damage_taken":0.0},{"damage_healed":0.0,"max_hp_gain":0.0,"max_hp_loss":0.0,"gold_gain":150.0,"event_name":"Liars Game","player_choice":"AGREE","floor":7.0,"gold_loss":0.0,"damage_taken":0.0,"cards_obtained":["Doubt"]},{"damage_healed":0.0,"max_hp_gain":0.0,"max_hp_loss":0.0,"gold_gain":0.0,"event_name":"Lab","player_choice":"Got Potions","floor":12.0,"gold_loss":0.0,"damage_taken":0.0},{"cards_removed":["Doubt"],"damage_healed":0.0,"max_hp_gain":0.0,"max_hp_loss":0.0,"gold_gain":0.0,"event_name":"Back to Basics","player_choice":"Elegance","floor":21.0,"gold_loss":0.0,"damage_taken":0.0},{"damage_healed":0,"gold_gain":0,"player_choice":"Smashed Altar","damage_taken":0,"max_hp_gain":0,"max_hp_loss":0,"event_name":"Forgotten Altar","floor":28,"gold_loss":0,"cards_obtained":["Decay"]}],"is_beta":false,"boss_relics":[{"not_picked":["Busted Crown","Runic Pyramid"],"picked":"Calling Bell"}],"items_purged_floors":[5,19],"is_endless":false,"potions_floor_spawned":[10,16,24,25],"killed_by":"Sentry and Sphere","ascension_level":15}