{"gold_per_floor":[112,112,128,144,163,163,143,0,47,47,76,76,93,118,118,196,196,207,207],"floor_reached":19,"playtime":1215,"items_purged":[],"score":358,"play_id":"9c42eaee-0016-4536-8543-fb7f6be7a746","local_time":"20190525192324","is_ascension_mode":true,"campfire_choices":[{"data":"Consume","floor":6.0,"key":"SMITH"},{"data":"Coolheaded","floor":10.0,"key":"SMITH"},{"floor":12.0,"key":"REST"},{"data":"Zap","floor":15.0,"key":"SMITH"}],"neow_cost":"NONE","seed_source_timestamp":437966872752439,"circlet_count":0,"master_deck":["AscendersBane","Strike_B","Defend_B","Defend_B","Defend_B","Defend_B","Zap+1","Dualcast","Consume+1","Cold Snap","Coolheaded+1","Self Repair","Glacier","Doom and Gloom","Coolheaded","Compile Driver","Redo","Echo Form","Reprogram+1","Skim+1","All For One+1"],"special_seed":0,"relics":["Cracked Core","NeowsBlessing","Pear","Anchor","PreservedInsect","Mummified Hand","Astrolabe"],"potions_floor_usage":[19],"damage_taken":[{"damage":0.0,"enemies":"Small Slimes","floor":1.0,"turns":1.0},{"damage":0.0,"enemies":"Jaw Worm","floor":3.0,"turns":1.0},{"damage":0.0,"enemies":"2 Louse","floor":4.0,"turns":1.0},{"damage":14.0,"enemies":"Exordium Wildlife","floor":5.0,"turns":5.0},{"damage":34.0,"enemies":"Exordium Thugs","floor":7.0,"turns":5.0},{"damage":13.0,"enemies":"Lagavulin","floor":11.0,"turns":8.0},{"damage":0.0,"enemies":"Gremlin Gang","floor":13.0,"turns":7.0},{"damage":10.0,"enemies":"3 Sentries","floor":14.0,"turns":5.0},{"damage":16.0,"enemies":"The Guardian","floor":16.0,"turns":15.0},{"damage":9,"enemies":"Spheric Guardian","floor":18,"turns":9},{"damage":44,"enemies":"Colosseum Slavers","floor":19,"turns":4},{"damage":48,"enemies":"Colosseum Nobs","floor":19,"turns":3}],"seed_played":"6867189330549575338","potions_obtained":[{"floor":1.0,"key":"Regen Potion"},{"floor":3.0,"key":"Swift Potion"},{"floor":11.0,"key":"PowerPotion"}],"is_trial":false,"path_per_floor":["M","?","M","M","M","R","M","$","T","R","E","R","M","E","R","B",null,"M","?"],"character_chosen":"DEFECT","items_purchased":["Doom and Gloom","Coolheaded"],"campfire_rested":1,"item_purchase_floors":[8,8],"current_hp_per_floor":[64,63,63,63,49,49,29,29,29,29,23,47,54,51,51,42,71,69,0],"gold":207,"neow_bonus":"THREE_ENEMY_KILL","is_prod":false,"is_daily":false,"chose_seed":false,"campfire_upgraded":3,"win_rate":0,"timestamp":1558826604,"path_taken":["M","?","M","M","M","R","M","$","T","R","E","R","M","E","R","BOSS","M","?"],"build_version":"2019-01-23","purchased_purges":0,"victory":false,"max_hp_per_floor":[71,81,81,81,81,81,81,81,81,81,81,81,81,81,81,81,81,81,81],"card_choices":[{"not_picked":["Compile Driver","Blizzard"],"picked":"Consume","floor":1.0},{"not_picked":["Stack","Hologram"],"picked":"Cold Snap","floor":3.0},{"not_picked":["Leap","Seek"],"picked":"Coolheaded","floor":4.0},{"not_picked":["Loop","Streamline"],"picked":"Self Repair","floor":5.0},{"not_picked":["Rip and Tear","Streamline"],"picked":"Glacier","floor":7.0},{"not_picked":["Rebound","Ball Lightning"],"picked":"Compile Driver","floor":11.0},{"not_picked":["Tempest","Skim","Rebound"],"picked":"SKIP","floor":13.0},{"not_picked":["Chill","Stack"],"picked":"Redo","floor":14.0},{"not_picked":["Buffer","Creative AI"],"picked":"Echo Form","floor":16.0},{"not_picked":["Coolheaded","Chill","Steam"],"picked":"SKIP","floor":18}],"player_experience":807275,"relics_obtained":[{"floor":9.0,"key":"Anchor"},{"floor":11.0,"key":"PreservedInsect"},{"floor":14.0,"key":"Mummified Hand"}],"event_choices":[{"damage_healed":0.0,"max_hp_gain":0.0,"max_hp_loss":0.0,"gold_gain":0.0,"event_name":"Scrap Ooze","player_choice":"Success","floor":2.0,"gold_loss":0.0,"damage_taken":11.0,"relics_obtained":["Pear"]},{"damage_healed":0,"gold_gain":0,"player_choice":"Fight","damage_taken":0,"max_hp_gain":0,"max_hp_loss":0,"event_name":"Colosseum","floor":19,"gold_loss":0},{"damage_healed":0,"gold_gain":0,"player_choice":"Fought Nobs","damage_taken":0,"max_hp_gain":0,"max_hp_loss":0,"event_name":"Colosseum","floor":19,"gold_loss":0}],"is_beta":false,"boss_relics":[{"not_picked":["Fusion Hammer","Busted Crown"],"picked":"Astrolabe"}],"items_purged_floors":[],"is_endless":false,"potions_floor_spawned":[1,3,11],"killed_by":"Colosseum Nobs","ascension_level":20}