{"gold_per_floor":[118,40,40,56,76,103,103,131,155,190,203,203,228,21,21,126,126,145,158,158,168,168,196,196,223,297,297,297,324,338,355,355,458,458,468,488,588,604,95,95,124,149,149,149,12,26,46,46,46,46,46,46,23,53,53],"floor_reached":55,"playtime":3184,"items_purged":["Parasite","Decay"],"score":954,"play_id":"5db9e3c0-bde4-4448-81ca-3b3fd5504825","local_time":"20190527015459","is_ascension_mode":true,"campfire_choices":[{"data":"Bash","floor":7,"key":"SMITH"},{"floor":15,"key":"REST"},{"floor":24,"key":"REST"},{"floor":27,"key":"REST"},{"floor":32,"key":"RECALL"},{"floor":40,"key":"REST"},{"floor":44,"key":"REST"},{"floor":49,"key":"REST"},{"floor":52,"key":"REST"}],"neow_cost":"NONE","seed_source_timestamp":17176750255447,"circlet_count":0,"master_deck":["Strike_R","Strike_R","Strike_R","Strike_R","Strike_R","Defend_R","Defend_R","Defend_R","Defend_R","Bash+1","Shrug It Off+1","Flame Barrier","Shockwave","Iron Wave","True Grit+1","Clothesline","Dropkick","Iron Wave","Feel No Pain","Limit Break","Flex","Immolate","Spot Weakness","Headbutt","Heavy Blade+1","Metallicize","Armaments","Feel No Pain+1","Whirlwind+1","Headbutt+1","Dark Embrace","Intimidate+1","Shrug It Off","Purity","Spot Weakness","Exhume","Apotheosis","Disarm+1","Shrug It Off+1","Mind Blast","Panache","Shrug It Off"],"relics":["Burning Blood","WarpedTongs","Omamori","Vajra","War Paint","Pear","Smiling Mask","Membership Card","Fusion Hammer","Bag of Preparation","Red Skull","Mummified Hand","Bag of Marbles","Calling Bell","Strawberry","Singing Bowl","WingedGreaves","Ginger","Dead Branch","Happy Flower","HandDrill","Oddly Smooth Stone","Ancient Tea Set","Magic Flower"],"potions_floor_usage":[10,11,21,23,25,33,38,55,55,55],"damage_taken":[{"damage":4,"enemies":"Small Slimes","floor":1,"turns":4},{"damage":2,"enemies":"Cultist","floor":4,"turns":3},{"damage":9,"enemies":"2 Louse","floor":5,"turns":5},{"damage":32,"enemies":"Gremlin Nob","floor":6,"turns":6},{"damage":19,"enemies":"Lagavulin","floor":8,"turns":8},{"damage":19,"enemies":"Gremlin Nob","floor":10,"turns":3},{"damage":15,"enemies":"Gremlin Gang","floor":11,"turns":6},{"damage":4,"enemies":"Lagavulin","floor":13,"turns":8},{"damage":23,"enemies":"Hexaghost","floor":16,"turns":13},{"damage":20,"enemies":"Spheric Guardian","floor":18,"turns":6},{"damage":4,"enemies":"Shell Parasite","floor":19,"turns":4},{"damage":0,"enemies":"3 Cultists","floor":21,"turns":3},{"damage":19,"enemies":"Slavers","floor":23,"turns":5},{"damage":29,"enemies":"Gremlin Leader","floor":25,"turns":9},{"damage":32,"enemies":"Book of Stabbing","floor":29,"turns":5},{"damage":15,"enemies":"Shelled Parasite and Fungi","floor":30,"turns":5},{"damage":1,"enemies":"Snecko","floor":31,"turns":4},{"damage":17,"enemies":"Collector","floor":33,"turns":7},{"damage":7,"enemies":"3 Shapes","floor":35,"turns":3},{"damage":17,"enemies":"Orb Walker","floor":36,"turns":2},{"damage":43,"enemies":"Mind Bloom Boss Battle","floor":37,"turns":7},{"damage":17,"enemies":"Writhing Mass","floor":38,"turns":6},{"damage":1,"enemies":"Reptomancer","floor":41,"turns":4},{"damage":66,"enemies":"Giant Head","floor":42,"turns":11},{"damage":2,"enemies":"Transient","floor":46,"turns":5},{"damage":0,"enemies":"Jaw Worm Horde","floor":47,"turns":4},{"damage":47,"enemies":"Awakened One","floor":50,"turns":10},{"damage":29,"enemies":"Shield and Spear","floor":54,"turns":6},{"damage":89,"enemies":"The Heart","floor":55,"turns":6}],"seed_played":"-5299775962688012911","potions_obtained":[{"floor":1,"key":"Dexterity Potion"},{"floor":4,"key":"FearPotion"},{"floor":6,"key":"GamblersBrew"},{"floor":10,"key":"BloodPotion"},{"floor":13,"key":"Explosive Potion"},{"floor":18,"key":"AttackPotion"},{"floor":21,"key":"Weak Potion"},{"floor":30,"key":"Weak Potion"},{"floor":31,"key":"FearPotion"},{"floor":35,"key":"Fire Potion"},{"floor":38,"key":"Weak Potion"},{"floor":46,"key":"Strength Potion"}],"is_trial":false,"path_per_floor":["M","$","?","M","M","E","R","E","T","E","M","?","E","$","R","B",null,"M","M","?","M","?","E","R","E","T","R","?","E","M","M","R","B",null,"M","M","?","M","$","R","E","E","T","R","$","M","M","?","R","B",null,"R","$","E","B"],"character_chosen":"IRONCLAD","items_purchased":["Shockwave","Membership Card","Flex","Dead Branch","Shrug It Off","Purity","PowerPotion","Spot Weakness","Happy Flower","HandDrill","Apotheosis","Shrug It Off"],"campfire_rested":7,"item_purchase_floors":[2,14,14,39,39,39,39,39,39,39,45,53],"current_hp_per_floor":[80,80,80,80,77,51,51,38,38,35,35,35,37,37,64,47,90,76,78,60,66,66,53,81,58,58,86,86,60,51,56,56,45,102,103,94,59,48,48,79,84,26,26,58,58,62,68,60,92,51,109,109,109,88,0],"gold":53,"neow_bonus":"THREE_CARDS","is_prod":false,"is_daily":false,"chose_seed":false,"campfire_upgraded":1,"win_rate":0,"timestamp":1558914899,"path_taken":["M","$","?","?","M","E","R","E","T","E","M","?","E","$","R","BOSS","M","?","?","M","?","E","R","E","T","R","?","E","M","?","R","BOSS","M","?","?","M","$","R","E","E","T","R","$","M","M","?","R","BOSS","R","$","E","BOSS"],"build_version":"2019-01-23","purchased_purges":2,"victory":false,"max_hp_per_floor":[80,80,80,80,80,80,80,80,80,90,90,90,90,90,90,90,90,90,90,95,95,95,95,95,95,95,95,95,95,95,95,95,95,102,104,106,108,108,105,105,105,107,107,107,107,107,107,109,109,109,109,109,109,111,111],"card_choices":[{"not_picked":["Flex","Sword Boomerang"],"picked":"Shrug It Off","floor":0},{"not_picked":["Sentinel","Twin Strike"],"picked":"Flame Barrier","floor":1},{"not_picked":["Clash","Sword Boomerang"],"picked":"Iron Wave","floor":4},{"not_picked":["Body Slam","Armaments"],"picked":"True Grit","floor":5},{"not_picked":["Sentinel","Reckless Charge"],"picked":"Clothesline","floor":6},{"not_picked":["Combust","Exhume"],"picked":"Dropkick","floor":8},{"not_picked":["Uppercut","Clash"],"picked":"Iron Wave","floor":10},{"not_picked":["Warcry","Thunderclap"],"picked":"Feel No Pain","floor":11},{"not_picked":["Feel No Pain","Rupture"],"picked":"Limit Break","floor":13},{"not_picked":["Dark Embrace","Offering"],"picked":"Immolate","floor":16},{"not_picked":["Clash","Warcry"],"picked":"Spot Weakness","floor":18},{"not_picked":["Blood for Blood+1","Iron Wave"],"picked":"Headbutt","floor":19},{"not_picked":["Wild Strike","True Grit"],"picked":"Heavy Blade+1","floor":21},{"not_picked":["Bloodletting","Clothesline"],"picked":"Armaments","floor":23},{"not_picked":["Power Through","Twin Strike"],"picked":"Feel No Pain+1","floor":25},{"not_picked":["Bludgeon","Twin Strike"],"picked":"Whirlwind+1","floor":29},{"not_picked":["Anger","Body Slam"],"picked":"Headbutt+1","floor":30},{"not_picked":["Headbutt+1","Twin Strike","Cleave"],"picked":"SKIP","floor":31},{"not_picked":["Feed","Exhume"],"picked":"Dark Embrace","floor":33},{"not_picked":["Thunderclap+1","Heavy Blade+1","Clash+1"],"picked":"Singing Bowl","floor":35},{"not_picked":["Clothesline+1","Carnage+1","Flex"],"picked":"Singing Bowl","floor":36},{"not_picked":["Power Through+1","Clothesline+1","Pummel"],"picked":"Singing Bowl","floor":37},{"not_picked":["Heavy Blade","Body Slam+1"],"picked":"Intimidate+1","floor":38},{"not_picked":["Seeing Red","Body Slam"],"picked":"Exhume","floor":41},{"not_picked":["Searing Blow+1","Clash","Second Wind"],"picked":"Singing Bowl","floor":42},{"not_picked":["Searing Blow+1","Havoc"],"picked":"Disarm+1","floor":46},{"not_picked":["Headbutt","Heavy Blade+1"],"picked":"Shrug It Off+1","floor":47},{"not_picked":["Blind","Deep Breath"],"picked":"Mind Blast","floor":48},{"not_picked":["Finesse","Madness"],"picked":"Panache","floor":48},{"not_picked":["Trip","Flash of Steel","Mayhem"],"picked":"Singing Bowl","floor":48},{"not_picked":["Thunderclap","Evolve","Battle Trance+1"],"picked":"Singing Bowl","floor":54}],"player_experience":684826,"relics_obtained":[{"floor":6,"key":"Omamori"},{"floor":8,"key":"Vajra"},{"floor":9,"key":"War Paint"},{"floor":10,"key":"Pear"},{"floor":13,"key":"Smiling Mask"},{"floor":23,"key":"Bag of Preparation"},{"floor":25,"key":"Red Skull"},{"floor":26,"key":"Mummified Hand"},{"floor":29,"key":"Bag of Marbles"},{"floor":34,"key":"Strawberry"},{"floor":34,"key":"Singing Bowl"},{"floor":34,"key":"WingedGreaves"},{"floor":37,"key":"Ginger"},{"floor":41,"key":"Oddly Smooth Stone"},{"floor":42,"key":"Ancient Tea Set"},{"floor":54,"key":"Magic Flower"}],"event_choices":[{"damage_healed":0,"gold_gain":0,"player_choice":"Rummage","damage_taken":0,"relics_obtained":["WarpedTongs"],"max_hp_gain":0,"max_hp_loss":0,"event_name":"Accursed Blacksmith","floor":3,"gold_loss":0,"cards_obtained":["Pain"]},{"cards_removed":["Pain"],"damage_healed":0,"gold_gain":0,"player_choice":"Purged","damage_taken":0,"max_hp_gain":0,"max_hp_loss":0,"event_name":"Purifier","floor":12,"gold_loss":0},{"damage_healed":0,"gold_gain":0,"player_choice":"Shed Blood","damage_taken":23,"max_hp_gain":5,"max_hp_loss":0,"event_name":"Forgotten Altar","floor":20,"gold_loss":0},{"damage_healed":0,"gold_gain":0,"player_choice":"Read","damage_taken":0,"max_hp_gain":0,"max_hp_loss":0,"event_name":"The Library","floor":22,"gold_loss":0,"cards_obtained":["Metallicize"]},{"damage_healed":0,"gold_gain":0,"player_choice":"Ignored","damage_taken":0,"max_hp_gain":0,"max_hp_loss":0,"event_name":"Vampires","floor":28,"gold_loss":0},{"damage_healed":0,"gold_gain":0,"player_choice":"Fight","damage_taken":0,"max_hp_gain":0,"max_hp_loss":0,"event_name":"MindBloom","floor":37,"gold_loss":0},{"damage_healed":0,"gold_gain":0,"player_choice":"Memory 3","damage_taken":10,"max_hp_gain":0,"max_hp_loss":0,"event_name":"SensoryStone","floor":48,"gold_loss":0}],"is_beta":false,"boss_relics":[{"not_picked":["Tiny House","Runic Dome"],"picked":"Fusion Hammer"},{"not_picked":["Pandora\u0027s Box","Snecko Eye"],"picked":"Calling Bell"}],"items_purged_floors":[39,45],"is_endless":false,"potions_floor_spawned":[1,4,6,10,13,18,21,30,31,35,37,38,46],"killed_by":"The Heart","ascension_level":1}