{"gold_per_floor":[115,132,307,307,307,334,334,346,372,382,399,69,69],"floor_reached":13,"playtime":1085,"items_purged":["Doubt"],"score":85,"play_id":"7c8f824d-0274-43ae-b70f-bbec2fcf3f48","local_time":"20190407133230","is_ascension_mode":false,"campfire_choices":[{"data":"Body Slam","floor":7,"key":"SMITH"}],"neow_cost":"NONE","seed_source_timestamp":2852570968859730,"circlet_count":0,"master_deck":["Strike_R","Strike_R","Strike_R","Strike_R","Strike_R","Defend_R","Defend_R","Defend_R","Defend_R","Bash","Twin Strike","Anger","Whirlwind","Body Slam+1","Iron Wave","Pommel Strike","Dual Wield"],"relics":["Burning Blood","Strawberry","Frozen Egg 2","PreservedInsect","Toxic Egg 2","Letter Opener"],"potions_floor_usage":[10],"damage_taken":[{"damage":16,"enemies":"2 Louse","floor":1,"turns":3},{"damage":0,"enemies":"Small Slimes","floor":2,"turns":2},{"damage":58,"enemies":"Lagavulin","floor":6,"turns":9},{"damage":1,"enemies":"Jaw Worm","floor":8,"turns":2},{"damage":23,"enemies":"Large Slime","floor":10,"turns":5},{"damage":2,"enemies":"Blue Slaver","floor":11,"turns":2},{"damage":17,"enemies":"3 Sentries","floor":13,"turns":4}],"seed_played":"-4323121960611005672","potions_obtained":[{"floor":6,"key":"SkillPotion"},{"floor":11,"key":"SpeedPotion"}],"is_trial":false,"path_per_floor":["M","M","?","?","?","E","R","M","T","M","M","$","?"],"character_chosen":"IRONCLAD","items_purchased":["Toxic Egg 2"],"campfire_rested":0,"item_purchase_floors":[12],"current_hp_per_floor":[70,76,76,83,83,31,31,36,36,19,23,23,6],"gold":69,"neow_bonus":"THREE_CARDS","is_prod":false,"is_daily":false,"chose_seed":false,"campfire_upgraded":1,"win_rate":0.0,"timestamp":1554658350,"path_taken":["M","M","?","?","?","E","R","M","T","M","M","$","?"],"build_version":"2019-01-23","purchased_purges":1,"victory":false,"max_hp_per_floor":[80,80,80,87,87,87,87,87,87,87,87,87,87],"card_choices":[{"not_picked":["Sword Boomerang","True Grit"],"picked":"Twin Strike","floor":0},{"not_picked":["Twin Strike","Searing Blow"],"picked":"Anger","floor":1},{"not_picked":["Seeing Red","Warcry"],"picked":"Whirlwind","floor":2},{"not_picked":["Perfected Strike","Fiend Fire"],"picked":"Body Slam","floor":6},{"not_picked":["Entrench","Burning Pact"],"picked":"Iron Wave","floor":8},{"not_picked":["Clash","Cleave"],"picked":"Pommel Strike","floor":10},{"not_picked":["Body Slam","True Grit"],"picked":"Dual Wield","floor":11}],"player_experience":4951,"relics_obtained":[{"floor":6,"key":"Frozen Egg 2"},{"floor":9,"key":"PreservedInsect"}],"event_choices":[{"damage_healed":0,"gold_gain":175,"player_choice":"AGREE","damage_taken":0,"max_hp_gain":0,"max_hp_loss":0,"event_name":"Liars Game","floor":3,"gold_loss":0,"cards_obtained":["Doubt"]},{"damage_healed":0,"gold_gain":0,"player_choice":"Box","damage_taken":0,"relics_obtained":["Strawberry"],"max_hp_gain":0,"max_hp_loss":0,"event_name":"Big Fish","floor":4,"gold_loss":0,"cards_obtained":["Regret"]},{"cards_removed":["Regret"],"damage_healed":0,"gold_gain":0,"player_choice":"Forget","damage_taken":0,"max_hp_gain":0,"max_hp_loss":0,"event_name":"Living Wall","floor":5,"gold_loss":0},{"damage_healed":0,"gold_gain":0,"player_choice":"Searched \u00272\u0027 times","damage_taken":0,"relics_obtained":["Letter Opener"],"max_hp_gain":0,"max_hp_loss":0,"event_name":"Dead Adventurer","floor":13,"gold_loss":0}],"is_beta":false,"boss_relics":[],"items_purged_floors":[12],"is_endless":false,"potions_floor_spawned":[6,11],"killed_by":"3 Sentries","ascension_level":0}