{"path_per_floor":["M","M","$","M","M","R","E","R","T","M","?","E","?","E","R","B",null,"M","?","?","T","$","E","M","M","T","$","?","?","?","M","R","B",null,"M","?","?","?","$","R","?","R","T","E","$","?","M","E","R","B"],"character_chosen":"THE_SILENT","items_purchased":["Finesse","Deadly Poison","Finesse","Infinite Blades","Flash of Steel","Bottled Lightning","Flash of Steel"],"gold_per_floor":[112,130,4,15,27,27,62,62,131,143,143,177,177,203,203,306,306,326,326,326,349,95,120,133,153,206,115,115,115,115,126,126,225,225,237,291,291,291,36,36,36,36,60,94,1,1,14,40,40,40],"floor_reached":51,"campfire_rested":3,"playtime":6655,"current_hp_per_floor":[64,64,64,64,52,52,50,50,50,49,49,35,58,58,58,49,70,70,70,70,70,70,56,56,53,53,53,44,44,44,15,30,32,54,43,30,20,20,20,20,20,36,36,55,55,56,53,40,57,31],"items_purged":["Defend_G"],"gold":40,"play_id":"51ea0cb3-0da9-4386-b8d7-ef229f370253","is_prod":false,"is_daily":false,"is_ascension_mode":false,"campfire_upgraded":4,"path_taken":["M","M","$","M","?","R","E","R","T","M","?","E","?","E","R","BOSS","M","?","?","?","$","E","M","M","T","$","?","?","?","M","R","BOSS","M","?","?","?","?","R","?","R","T","E","?","?","M","E","R","BOSS"],"build_version":"2018-02-01-PROD3","purchased_purges":1,"victory":true,"master_deck":["Defend_G+1","Survivor","Neutralize","Envenom+1","Dodge and Roll","Acrobatics","Finesse+1","Deadly Poison","Blur","Outmaneuver","Dodge and Roll+1","Calculated Gamble+1","Infinite Blades+1","Footwork","Bullet Time","Outmaneuver+1","After Image+1","Quick Slash+1","Backflip","Finesse","Infinite Blades+1","Dagger Spray","Dagger Spray","Flash of Steel","Bite","Bite","Bite","Bite","Bite","Calculated Gamble+1","Deadly Poison+1","Outmaneuver+1","Madness","Madness","Corpse Explosion","Escape Plan","Acrobatics","Footwork+1","Flash of Steel","Escape Plan","Choke"],"max_hp_per_floor":[70,70,70,70,70,70,70,70,70,70,70,70,70,70,70,70,70,70,70,70,70,70,70,70,70,70,70,75,75,52,52,52,54,54,54,56,56,56,56,56,56,56,56,56,56,56,58,58,58,58],"relics":["Ring of the Snake","Juzu Bracelet","Matryoshka","Dream Catcher","War Paint","Astrolabe","Vajra","Oddly Smooth Stone","Frozen Eye","Singing Bowl","Omamori","Cursed Key","Unceasing Top","Bottled Lightning","Anchor","Pen Nib","Snake Skull"],"card_choices":[{"not_picked":["Deflect","Heel Hook"],"picked":"Dodge and Roll"},{"not_picked":["Endless Agony","Deflect"],"picked":"Acrobatics"},{"not_picked":["Distraction","Acrobatics"],"picked":"Blur"},{"not_picked":["Slice","Glass Knife"],"picked":"Outmaneuver"},{"not_picked":["Terror","Deflect"],"picked":"Dodge and Roll"},{"not_picked":["Poisoned Stab","Deflect"],"picked":"Calculated Gamble"},{"not_picked":["Riddle With Holes","Dagger Spray"],"picked":"Infinite Blades"},{"not_picked":["Acrobatics","Bane"],"picked":"Footwork"},{"not_picked":["Phantasmal Killer","Unload"],"picked":"Bullet Time"},{"not_picked":["Crippling Poison","Sucker Punch"],"picked":"Backflip"},{"not_picked":["Masterful Stab","Heel Hook"],"picked":"Dagger Spray"},{"not_picked":["Quick Slash","Acrobatics"],"picked":"Dagger Spray"},{"not_picked":["Deadly Poison","Deflect"],"picked":"Caltrops"},{"not_picked":["Skewer","Dagger Spray"],"picked":"Calculated Gamble"},{"not_picked":["Flying Knee","Sucker Punch"],"picked":"Deadly Poison"},{"not_picked":["Prepared","Dash"],"picked":"Outmaneuver"},{"not_picked":["Eviscerate","Prepared"],"picked":"Acrobatics"},{"not_picked":["Skewer","Dash"],"picked":"Footwork"},{"not_picked":["Prepared","Slice"],"picked":"Escape Plan"},{"not_picked":["Calculated Gamble","Deflect"],"picked":"Choke"}],"player_experience":15162,"potions_floor_usage":[7,33,33,50,50,50],"damage_taken":[{"damage":6,"enemies":"Blue Slaver","floor":1,"turns":8},{"damage":0,"enemies":"Small Slimes","floor":2,"turns":4},{"damage":0,"enemies":"Cultist","floor":4,"turns":4},{"damage":12,"enemies":"Lots of Slimes","floor":5,"turns":8},{"damage":17,"enemies":"3 Sentries","floor":7,"turns":18},{"damage":1,"enemies":"Looter","floor":10,"turns":4},{"damage":14,"enemies":"Lagavulin","floor":12,"turns":9},{"damage":0,"enemies":"3 Sentries","floor":14,"turns":10},{"damage":9,"enemies":"The Guardian","floor":16,"turns":11},{"damage":0,"enemies":"Shell Parasite","floor":18,"turns":9},{"damage":14,"enemies":"Gremlin Leader","floor":23,"turns":11},{"damage":0,"enemies":"Spheric Guardian","floor":24,"turns":7},{"damage":3,"enemies":"Centurion and Healer","floor":25,"turns":6},{"damage":37,"enemies":"Chosen and Byrds","floor":31,"turns":7},{"damage":27,"enemies":"Collector","floor":33,"turns":11},{"damage":15,"enemies":"3 Shapes","floor":35,"turns":5},{"damage":29,"enemies":"Mysterious Sphere","floor":36,"turns":9},{"damage":1,"enemies":"Giant Head","floor":44,"turns":9},{"damage":5,"enemies":"Orb Walker","floor":47,"turns":3},{"damage":19,"enemies":"2 Orb Walkers","floor":48,"turns":6},{"damage":51,"enemies":"Awakened One","floor":50,"turns":11}],"event_choices":[{"event_name":"Purifier","player_choice":"One Purge","floor":11,"damage_taken":0},{"event_name":"Big Fish","player_choice":"Banana","floor":13,"damage_taken":0},{"event_name":"Upgrade Shrine","player_choice":"Upgraded","floor":19,"damage_taken":0},{"event_name":"Purifier","player_choice":"One Purge","floor":20,"damage_taken":0},{"event_name":"Forgotten Altar","player_choice":"Shed Blood","floor":28,"damage_taken":0},{"event_name":"Drug Dealer","player_choice":"Ignored","floor":29,"damage_taken":0},{"event_name":"Vampires","player_choice":"Became a vampire","floor":30,"damage_taken":0},{"event_name":"Mysterious Sphere","player_choice":"Fight","floor":36,"damage_taken":0},{"event_name":"Winding Halls","player_choice":"Embrace Madness","floor":37,"damage_taken":0},{"event_name":"Tomb of Lord Red Mask","player_choice":"Ignored","floor":38,"damage_taken":0},{"event_name":"Match and Keep!","player_choice":"2 cards matched","floor":41,"damage_taken":0},{"event_name":"Bonfire Elementals","player_choice":"UNCOMMON","floor":46,"damage_taken":0}],"boss_relics":[{"not_picked":["Ectoplasm","Runic Pyramid"],"picked":"Astrolabe"},{"not_picked":["Velvet Choker","White Beast Statue"],"picked":"Cursed Key"}],"potions_floor_spawned":[2,4,7,16,23,25,35,47,48],"seed_played":"7886134623724516030","ascension_level":0,"is_trial":false}