{"gold_per_floor":[115,190,206,206,220,220,232,232,232,252,252,279,293,307,307,386,386,406,406,419,124,139,139,150,150,150,165,165],"floor_reached":28,"playtime":1612,"items_purged":[],"score":448,"play_id":"ce122658-7d6d-4598-8888-2288b9c4ba1c","local_time":"20190521201304","is_ascension_mode":true,"campfire_choices":[{"data":"Doom and Gloom","floor":6.0,"key":"SMITH"},{"data":"Dualcast","floor":8.0,"key":"SMITH"},{"data":"Glacier","floor":11.0,"key":"SMITH"},{"data":"Fission","floor":15.0,"key":"SMITH"},{"data":"Redo","floor":23.0,"key":"SMITH"},{"data":"Doom and Gloom","floor":25,"key":"SMITH"}],"neow_cost":"NONE","seed_source_timestamp":94848181023706,"circlet_count":0,"master_deck":["AscendersBane","Strike_B+1","Strike_B+1","Strike_B+1","Strike_B+1","Defend_B+1","Defend_B+1","Defend_B+1","Defend_B+1","Zap+1","Dualcast+1","Conserve Battery","Genetic Algorithm","Doom and Gloom+1","FTL","Glacier+1","Fission+1","Ball Lightning","Genetic Algorithm","Machine Learning+1","Steam","Redo+1","Static Discharge+1","Doom and Gloom+1","Loop+1","Self Repair+1"],"special_seed":0,"relics":["Cracked Core","Darkstone Periapt","Frozen Egg 2","Eternal Feather","PreservedInsect","Boot"],"potions_floor_usage":[28],"damage_taken":[{"damage":7.0,"enemies":"Small Slimes","floor":1.0,"turns":4.0},{"damage":2.0,"enemies":"Jaw Worm","floor":3.0,"turns":4.0},{"damage":1.0,"enemies":"Cultist","floor":5.0,"turns":4.0},{"damage":0.0,"enemies":"Large Slime","floor":7.0,"turns":5.0},{"damage":11.0,"enemies":"Exordium Thugs","floor":10.0,"turns":3.0},{"damage":12.0,"enemies":"3 Sentries","floor":12.0,"turns":7.0},{"damage":0.0,"enemies":"Lots of Slimes","floor":13.0,"turns":3.0},{"damage":0.0,"enemies":"3 Louse","floor":14.0,"turns":2.0},{"damage":10.0,"enemies":"Hexaghost","floor":16.0,"turns":9.0},{"damage":19.0,"enemies":"2 Thieves","floor":18.0,"turns":4.0},{"damage":7.0,"enemies":"3 Byrds","floor":20.0,"turns":5.0},{"damage":11.0,"enemies":"Centurion and Healer","floor":22.0,"turns":8.0},{"damage":4,"enemies":"3 Cultists","floor":24,"turns":4},{"damage":24,"enemies":"Snake Plant","floor":27,"turns":4},{"damage":18,"enemies":"Slavers","floor":28,"turns":1}],"seed_played":"8494321371551728002","potions_obtained":[{"floor":3.0,"key":"EntropicBrew"},{"floor":4.0,"key":"EssenceOfSteel"},{"floor":14.0,"key":"Fire Potion"},{"floor":16.0,"key":"Energy Potion"},{"floor":20.0,"key":"Swift Potion"},{"floor":24,"key":"FocusPotion"}],"is_trial":false,"path_per_floor":["M","?","M","?","M","R","M","R","T","M","R","E","M","M","R","B",null,"M","?","M","$","M","R","M","R","T","M","E"],"character_chosen":"DEFECT","items_purchased":["Static Discharge+1","PreservedInsect","Doom and Gloom"],"campfire_rested":0,"item_purchase_floors":[21,21,21],"current_hp_per_floor":[57,46,44,44,43,43,43,43,43,32,32,20,20,20,20,10,56,37,37,30,30,19,31,27,42,42,18,0],"gold":165,"neow_bonus":"UPGRADE_CARD","is_prod":false,"is_daily":false,"chose_seed":false,"campfire_upgraded":6,"win_rate":0,"timestamp":1558483984,"path_taken":["M","?","M","?","?","R","M","R","T","M","R","E","M","M","R","BOSS","M","?","M","$","M","R","M","R","T","M","E"],"build_version":"2019-01-23","purchased_purges":0,"victory":false,"max_hp_per_floor":[71,71,71,71,71,71,71,71,71,71,71,71,71,71,71,71,71,71,71,71,71,71,71,71,71,71,71,71],"card_choices":[{"not_picked":["Leap","Reprogram"],"picked":"Conserve Battery","floor":1.0},{"not_picked":["Blizzard","Streamline"],"picked":"Genetic Algorithm","floor":3.0},{"not_picked":["Gash","Coolheaded"],"picked":"Doom and Gloom","floor":5.0},{"not_picked":["Redo","Aggregate"],"picked":"FTL","floor":7.0},{"not_picked":["Barrage","Hologram"],"picked":"Glacier","floor":10.0},{"not_picked":["Hologram","Skim"],"picked":"Fission","floor":12.0},{"not_picked":["Streamline","Steam"],"picked":"Ball Lightning","floor":13.0},{"not_picked":["Barrage","Leap"],"picked":"Genetic Algorithm","floor":14.0},{"not_picked":["Amplify","Reboot"],"picked":"Machine Learning+1","floor":16.0},{"not_picked":["Cold Snap","Turbo"],"picked":"Steam","floor":18.0},{"not_picked":["White Noise","Auto Shields+1"],"picked":"Redo","floor":20.0},{"not_picked":["Lockon","Streamline","Conserve Battery"],"picked":"SKIP","floor":22.0},{"not_picked":["Rip and Tear","Compile Driver"],"picked":"Loop+1","floor":24},{"not_picked":["Tempest","Gash"],"picked":"Self Repair+1","floor":27}],"player_experience":718913,"relics_obtained":[{"floor":9.0,"key":"Darkstone Periapt"},{"floor":12.0,"key":"Frozen Egg 2"},{"floor":26,"key":"Boot"}],"event_choices":[{"damage_healed":0.0,"max_hp_gain":0.0,"max_hp_loss":0.0,"gold_gain":75.0,"event_name":"World of Goop","player_choice":"Gather Gold","floor":2.0,"gold_loss":0.0,"damage_taken":11.0},{"damage_healed":0.0,"max_hp_gain":0.0,"max_hp_loss":0.0,"gold_gain":0.0,"event_name":"Lab","player_choice":"Got Potions","floor":4.0,"gold_loss":0.0,"damage_taken":0.0},{"damage_healed":0.0,"max_hp_gain":0.0,"max_hp_loss":0.0,"gold_gain":0.0,"event_name":"Back to Basics","player_choice":"Simplicity","floor":19.0,"gold_loss":0.0,"damage_taken":0.0,"cards_upgraded":["Strike_B","Strike_B","Strike_B","Strike_B","Defend_B","Defend_B","Defend_B","Defend_B"]}],"is_beta":false,"boss_relics":[{"not_picked":["Tiny House","Black Star"],"picked":"Eternal Feather"}],"items_purged_floors":[],"is_endless":false,"potions_floor_spawned":[3,7,14,16,20,24],"killed_by":"Slavers","ascension_level":20}