{"gold_per_floor":[119,131,147,147,20,20,53,64,64,98,98,113,38,55,55,134,134,152,180,196,25,43,68,68,99,122,134,167,185,185,201,201,276,276,293,293,293,303,525,553,568,262,289,84,84,101,101,128,128,128,128],"floor_reached":52,"playtime":3861,"items_purged":["Pain"],"score":1939,"play_id":"378ba56e-faa6-4bdd-91c7-a174a5c382a7","local_time":"20190526210407","is_ascension_mode":true,"campfire_choices":[{"data":"Sweeping Beam","floor":6.0,"key":"SMITH"},{"data":"Electrodynamics","floor":11.0,"key":"SMITH"},{"data":"Coolheaded","floor":15.0,"key":"SMITH"},{"floor":30.0,"key":"REST"},{"floor":32.0,"key":"RECALL"},{"floor":45,"key":"REST"},{"floor":47,"key":"REST"},{"floor":49,"key":"REST"}],"neow_cost":"NONE","seed_source_timestamp":527648095515060,"circlet_count":0,"master_deck":["AscendersBane","Strike_B+1","Defend_B","Defend_B","Defend_B","Defend_B","Zap","Dualcast","Cold Snap+1","Genetic Algorithm","FTL","Sweeping Beam+1","Ball Lightning","Electrodynamics+1","BootSequence","Coolheaded+1","Echo Form","Compile Driver","Self Repair","Undo","Reboot","Static Discharge","FTL","Biased Cognition","Chill","Panacea","Apotheosis","Panache","Darkness","Conserve Battery+1","Defragment+1","Capacitor+1","Doom and Gloom","Chaos+1","Coolheaded+1"],"special_seed":0,"relics":["Cracked Core","WarpedTongs","Cables","Bottled Tornado","Sundial","Fusion Hammer","Red Mask","PreservedInsect","Ginger","Gremlin Horn","Whetstone","Incense Burner","Nuclear Battery","Frozen Egg 2","Runic Capacitor","Anchor","Strawberry"],"potions_floor_usage":[50,51],"damage_taken":[{"damage":2.0,"enemies":"Jaw Worm","floor":1.0,"turns":4.0},{"damage":0.0,"enemies":"Cultist","floor":2.0,"turns":3.0},{"damage":0.0,"enemies":"2 Louse","floor":3.0,"turns":2.0},{"damage":13.0,"enemies":"Lagavulin","floor":7.0,"turns":8.0},{"damage":6.0,"enemies":"Blue Slaver","floor":8.0,"turns":2.0},{"damage":6.0,"enemies":"Gremlin Nob","floor":10.0,"turns":3.0},{"damage":0.0,"enemies":"2 Fungi Beasts","floor":12.0,"turns":2.0},{"damage":0.0,"enemies":"Gremlin Gang","floor":14.0,"turns":1.0},{"damage":17.0,"enemies":"Hexaghost","floor":16.0,"turns":8.0},{"damage":1.0,"enemies":"Spheric Guardian","floor":18.0,"turns":4.0},{"damage":2.0,"enemies":"Masked Bandits","floor":19.0,"turns":2.0},{"damage":10.0,"enemies":"Shell Parasite","floor":20.0,"turns":4.0},{"damage":1.0,"enemies":"Cultist and Chosen","floor":22.0,"turns":4.0},{"damage":15.0,"enemies":"Book of Stabbing","floor":23.0,"turns":4.0},{"damage":11.0,"enemies":"Slavers","floor":25.0,"turns":2.0},{"damage":0.0,"enemies":"Snecko","floor":27.0,"turns":4.0},{"damage":0.0,"enemies":"Gremlin Leader","floor":28.0,"turns":3.0},{"damage":12.0,"enemies":"Shelled Parasite and Fungi","floor":29.0,"turns":5.0},{"damage":4.0,"enemies":"Sentry and Sphere","floor":31.0,"turns":3.0},{"damage":18.0,"enemies":"Champ","floor":33.0,"turns":13.0},{"damage":14.0,"enemies":"3 Darklings","floor":35.0,"turns":2.0},{"damage":0.0,"enemies":"3 Shapes","floor":38.0,"turns":7.0},{"damage":6.0,"enemies":"Reptomancer","floor":40.0,"turns":3.0},{"damage":27,"enemies":"Spire Growth","floor":41,"turns":5},{"damage":11,"enemies":"Sphere and 2 Shapes","floor":46,"turns":3},{"damage":19,"enemies":"Giant Head","floor":48,"turns":7},{"damage":23,"enemies":"Donu and Deca","floor":50,"turns":6},{"damage":12,"enemies":"Awakened One","floor":51,"turns":11}],"seed_played":"9211142125915617173","potions_obtained":[{"floor":3.0,"key":"Block Potion"},{"floor":10.0,"key":"Swift Potion"},{"floor":14.0,"key":"PowerPotion"},{"floor":16.0,"key":"EntropicBrew"},{"floor":18.0,"key":"Explosive Potion"},{"floor":25.0,"key":"SpeedPotion"},{"floor":27.0,"key":"Weak Potion"},{"floor":29.0,"key":"PowerPotion"},{"floor":41,"key":"Ancient Potion"}],"is_trial":false,"path_per_floor":["M","M","M","?","$","R","E","M","T","E","R","M","?","M","R","B",null,"M","?","M","$","M","E","?","E","T","M","E","M","R","M","R","B",null,"M","?","?","M","?","E","M","$","T","$","R","M","R","E","R","B","B",null],"character_chosen":"DEFECT","items_purchased":["Sweeping Beam","PreservedInsect","Runic Capacitor","Defragment+1","Capacitor+1","Doom and Gloom","AttackPotion"],"campfire_rested":4,"item_purchase_floors":[5,21,42,42,44,44,44],"current_hp_per_floor":[69,69,69,69,69,69,56,50,50,44,44,44,44,44,44,27,65,64,62,52,52,51,46,46,45,45,52,59,54,77,78,78,67,75,71,61,61,78,78,78,51,51,51,51,74,70,78,85,85,62,60],"gold":128,"neow_bonus":"TEN_PERCENT_HP_BONUS","is_prod":false,"is_daily":false,"chose_seed":false,"campfire_upgraded":3,"win_rate":0,"timestamp":1558919047,"path_taken":["M","M","M","?","?","R","E","M","T","E","R","M","?","M","R","BOSS","M","?","M","$","M","E","?","E","T","?","E","M","R","M","R","BOSS","M","?","?","?","?","E","M","$","T","$","R","M","R","E","R","BOSS","BOSS"],"build_version":"2019-01-23","purchased_purges":1,"victory":true,"max_hp_per_floor":[78,78,78,78,78,78,78,78,78,78,78,78,78,78,78,78,78,78,78,78,78,78,78,78,78,78,78,78,78,78,78,78,78,78,78,78,78,78,78,78,78,78,78,78,78,78,78,85,85,85,85],"card_choices":[{"not_picked":["Leap","Darkness"],"picked":"Cold Snap","floor":1.0},{"not_picked":["Stack","Recycle"],"picked":"Genetic Algorithm","floor":2.0},{"not_picked":["Compile Driver","Blizzard"],"picked":"FTL","floor":3.0},{"not_picked":["Redo","Steam"],"picked":"Ball Lightning","floor":7.0},{"not_picked":["Leap","Redo"],"picked":"Electrodynamics","floor":8.0},{"not_picked":["Rip and Tear","Double Energy"],"picked":"BootSequence","floor":10.0},{"not_picked":["Ball Lightning","Barrage"],"picked":"Coolheaded","floor":12.0},{"not_picked":["Ball Lightning","Gash","Rip and Tear"],"picked":"SKIP","floor":14.0},{"not_picked":["Biased Cognition","Fission"],"picked":"Echo Form","floor":16.0},{"not_picked":["Stack","Lockon"],"picked":"Compile Driver","floor":18.0},{"not_picked":["Fusion","Rip and Tear","Heatsinks"],"picked":"SKIP","floor":20.0},{"not_picked":["Loop","Gash"],"picked":"Self Repair","floor":22.0},{"not_picked":["Coolheaded","Aggregate"],"picked":"Undo","floor":23.0},{"not_picked":["Cold Snap","Amplify"],"picked":"Reboot","floor":25.0},{"not_picked":["Steam","Chaos"],"picked":"Static Discharge","floor":27.0},{"not_picked":["Blizzard","Hologram"],"picked":"FTL","floor":28.0},{"not_picked":["Steam","Redo","Sweeping Beam"],"picked":"SKIP","floor":29.0},{"not_picked":["Undo","Recycle","Leap"],"picked":"SKIP","floor":31.0},{"not_picked":["Seek","Fission"],"picked":"Biased Cognition","floor":33.0},{"not_picked":["Ball Lightning","Hello World"],"picked":"Chill","floor":35.0},{"not_picked":["Magnetism","Bandage Up"],"picked":"Panacea","floor":36.0},{"not_picked":["Blind","Dramatic Entrance"],"picked":"Apotheosis","floor":36.0},{"not_picked":["Impatience","Forethought"],"picked":"Panache","floor":36.0},{"not_picked":["Beam Cell","Streamline+1"],"picked":"Darkness","floor":38.0},{"not_picked":["Turbo+1","Streamline","Beam Cell"],"picked":"SKIP","floor":40.0},{"not_picked":["Stack","Rip and Tear"],"picked":"Conserve Battery+1","floor":41},{"not_picked":["Double Energy","Aggregate+1"],"picked":"Chaos+1","floor":46},{"not_picked":["Heatsinks+1","Fusion"],"picked":"Coolheaded+1","floor":48}],"player_experience":831233,"relics_obtained":[{"floor":7.0,"key":"Cables"},{"floor":9.0,"key":"Bottled Tornado"},{"floor":10.0,"key":"Sundial"},{"floor":19.0,"key":"Red Mask"},{"floor":23.0,"key":"Ginger"},{"floor":25.0,"key":"Gremlin Horn"},{"floor":26.0,"key":"Whetstone"},{"floor":28.0,"key":"Incense Burner"},{"floor":40.0,"key":"Frozen Egg 2"},{"floor":43,"key":"Anchor"},{"floor":48,"key":"Strawberry"}],"event_choices":[{"damage_healed":0.0,"max_hp_gain":0.0,"max_hp_loss":0.0,"gold_gain":0.0,"event_name":"Accursed Blacksmith","player_choice":"Rummage","floor":4.0,"gold_loss":0.0,"damage_taken":0.0,"relics_obtained":["WarpedTongs"],"cards_obtained":["Pain"]},{"cards_removed":["Strike_B"],"damage_healed":0.0,"max_hp_gain":0.0,"max_hp_loss":0.0,"gold_gain":0.0,"event_name":"The Cleric","player_choice":"Card Removal","floor":13.0,"gold_loss":75.0,"damage_taken":0.0},{"damage_healed":0.0,"max_hp_gain":0.0,"max_hp_loss":0.0,"gold_gain":0.0,"event_name":"Masked Bandits","player_choice":"Fought Bandits","floor":19.0,"gold_loss":0.0,"damage_taken":0.0},{"cards_removed":["Strike_B"],"damage_healed":0.0,"max_hp_gain":0.0,"max_hp_loss":0.0,"gold_gain":0.0,"event_name":"Purifier","player_choice":"Purged","floor":24.0,"gold_loss":0.0,"damage_taken":0.0},{"damage_healed":0.0,"max_hp_gain":0.0,"max_hp_loss":0.0,"gold_gain":0.0,"event_name":"SensoryStone","player_choice":"Memory 3","floor":36.0,"gold_loss":0.0,"damage_taken":10.0},{"cards_removed":["Strike_B"],"damage_healed":0.0,"max_hp_gain":0.0,"max_hp_loss":0.0,"gold_gain":0.0,"event_name":"Bonfire Elementals","player_choice":"Offered Basic","floor":37.0,"gold_loss":0.0,"damage_taken":0.0},{"damage_healed":0.0,"max_hp_gain":0.0,"max_hp_loss":0.0,"gold_gain":222.0,"event_name":"Tomb of Lord Red Mask","player_choice":"Wore Mask","floor":39.0,"gold_loss":0.0,"damage_taken":0.0}],"is_beta":false,"boss_relics":[{"not_picked":["Eternal Feather","Lizard Tail"],"picked":"Fusion Hammer"},{"not_picked":["Velvet Choker","Runic Dome"],"picked":"Nuclear Battery"}],"items_purged_floors":[5],"is_endless":false,"potions_floor_spawned":[3,10,12,14,16,18,25,27,29,41,46,48],"ascension_level":20}