{"gold_per_floor":[112,124,140,154,23,23,52,52,76,104,104,133,133,143,143,218,218,235,248,279,99,110,110,143,143,166,77,77,93,123,137,137,210,210,225,447,447,447,457,457,488,82,82,99,124,140,98,115,115,115],"floor_reached":50,"playtime":3730,"items_purged":["Strike_G","Strike_G","Pain"],"score":1154,"play_id":"c1f261a4-6522-4790-b27b-7408745d38dd","local_time":"20190505175414","is_ascension_mode":true,"campfire_choices":[{"data":"Neutralize","floor":6,"key":"SMITH"},{"data":"Flying Knee","floor":8,"key":"SMITH"},{"floor":11,"key":"REST"},{"data":"Sucker Punch","floor":13,"key":"SMITH"},{"data":"Backflip","floor":15,"key":"SMITH"},{"floor":23,"key":"REST"},{"data":"Cloak And Dagger","floor":25,"key":"SMITH"},{"data":"Well Laid Plans","floor":28,"key":"SMITH"},{"floor":32,"key":"REST"},{"floor":40,"key":"REST"},{"floor":49,"key":"REST"}],"neow_cost":"NONE","seed_source_timestamp":83368428340803,"circlet_count":0,"master_deck":["AscendersBane","Defend_G","Defend_G","Defend_G+1","Defend_G+1","Defend_G","Strike_G","Strike_G","Strike_G","Survivor","Neutralize+1","Deadly Poison","Flying Knee+1","Bane","Dagger Spray","Die Die Die","Backflip+1","Slice","Escape Plan","Sucker Punch+1","PiercingWail","Corpse Explosion","Backstab+1","Dagger Throw","Crippling Poison","Cloak And Dagger+1","Well Laid Plans+1","Reflex+1","Calculated Gamble+1","Dagger Throw","After Image","Backflip+1","Sadistic Nature","Underhanded Strike+1","Cloak And Dagger+1","Panache","Accuracy","Backstab+1","PiercingWail","Escape Plan+1","Blur","Predator+1"],"relics":["Ring of the Snake","PreservedInsect","War Paint","Boot","Bird Faced Urn","Cursed Key","Red Mask","Vajra","Bronze Scales","Omamori","Sozu","Question Card","Meat on the Bone","StoneCalendar"],"potions_floor_usage":[7,16,24,33,33,50],"damage_taken":[{"damage":1,"enemies":"2 Louse","floor":1,"turns":4},{"damage":7,"enemies":"Jaw Worm","floor":2,"turns":4},{"damage":0,"enemies":"Small Slimes","floor":3,"turns":3},{"damage":0,"enemies":"3 Louse","floor":4,"turns":2},{"damage":7,"enemies":"3 Sentries","floor":7,"turns":9},{"damage":15,"enemies":"Lagavulin","floor":10,"turns":6},{"damage":4,"enemies":"3 Sentries","floor":12,"turns":3},{"damage":0,"enemies":"Large Slime","floor":14,"turns":5},{"damage":15,"enemies":"Hexaghost","floor":16,"turns":9},{"damage":23,"enemies":"Spheric Guardian","floor":18,"turns":4},{"damage":16,"enemies":"Shell Parasite","floor":19,"turns":6},{"damage":0,"enemies":"Masked Bandits","floor":20,"turns":2},{"damage":0,"enemies":"3 Cultists","floor":22,"turns":2},{"damage":8,"enemies":"Book of Stabbing","floor":24,"turns":5},{"damage":0,"enemies":"Sentry and Sphere","floor":29,"turns":2},{"damage":1,"enemies":"Gremlin Leader","floor":30,"turns":5},{"damage":12,"enemies":"Centurion and Healer","floor":31,"turns":5},{"damage":32,"enemies":"Automaton","floor":33,"turns":10},{"damage":14,"enemies":"3 Darklings","floor":35,"turns":4},{"damage":12,"enemies":"Orb Walker","floor":39,"turns":4},{"damage":27,"enemies":"Reptomancer","floor":41,"turns":5},{"damage":3,"enemies":"3 Darklings","floor":44,"turns":2},{"damage":25,"enemies":"Giant Head","floor":45,"turns":8},{"damage":0,"enemies":"Sphere and 2 Shapes","floor":46,"turns":4},{"damage":12,"enemies":"Writhing Mass","floor":48,"turns":6},{"damage":71,"enemies":"Awakened One","floor":50,"turns":13}],"seed_played":"-4596247124460399350","potions_obtained":[{"floor":2,"key":"LiquidBronze"},{"floor":4,"key":"Fire Potion"},{"floor":7,"key":"Ancient Potion"},{"floor":18,"key":"Ancient Potion"},{"floor":19,"key":"SpeedPotion"},{"floor":24,"key":"SpeedPotion"},{"floor":31,"key":"Strength Potion"},{"floor":33,"key":"LiquidBronze"}],"is_trial":false,"path_per_floor":["M","M","M","M","$","R","E","R","T","E","R","E","R","M","R","B",null,"M","M","?","$","M","R","E","R","T","$","R","M","E","M","R","B",null,"M","?","?","?","M","R","E","$","T","M","E","M","$","M","R","B"],"character_chosen":"THE_SILENT","items_purchased":["Backflip","Crippling Poison","Well Laid Plans","Panache","Accuracy","Blur"],"campfire_rested":5,"item_purchase_floors":[5,21,27,42,42,47],"current_hp_per_floor":[58,51,51,51,51,51,44,44,44,29,48,44,44,44,44,29,57,34,18,18,18,18,37,29,29,29,29,29,29,30,20,39,9,52,42,42,42,42,34,53,32,32,32,43,38,48,48,44,63,0],"gold":115,"neow_bonus":"THREE_CARDS","is_prod":false,"is_daily":false,"chose_seed":false,"campfire_upgraded":6,"win_rate":0,"timestamp":1557093254,"path_taken":["M","M","M","M","$","R","E","R","T","E","R","E","R","M","R","BOSS","M","M","?","$","M","R","E","R","T","$","R","M","E","M","R","BOSS","M","?","?","?","M","R","E","$","T","M","E","M","$","M","R","BOSS"],"build_version":"2019-01-23","purchased_purges":3,"victory":false,"max_hp_per_floor":[66,66,66,66,66,66,66,66,66,66,66,66,66,66,66,66,66,66,66,66,66,66,66,66,66,66,66,66,66,66,66,66,66,66,66,66,66,66,66,66,66,66,66,66,66,66,66,66,66,66],"card_choices":[{"not_picked":["Underhanded Strike","Dodge and Roll"],"picked":"Deadly Poison","floor":0},{"not_picked":["Slice","Outmaneuver"],"picked":"Flying Knee","floor":1},{"not_picked":["Dodge and Roll","Deadly Poison"],"picked":"Bane","floor":2},{"not_picked":["Masterful Stab","Cloak And Dagger"],"picked":"Dagger Spray","floor":3},{"not_picked":["Dagger Spray","Dodge and Roll"],"picked":"Die Die Die","floor":4},{"not_picked":["Deflect","Blade Dance"],"picked":"Slice","floor":7},{"not_picked":["Prepared","Quick Slash"],"picked":"Escape Plan","floor":10},{"not_picked":["Deflect","Skewer"],"picked":"Sucker Punch","floor":12},{"not_picked":["Acrobatics","Riddle With Holes"],"picked":"PiercingWail","floor":14},{"not_picked":["Unload","Grand Finale"],"picked":"Corpse Explosion","floor":16},{"not_picked":["Prepared","Poisoned Stab"],"picked":"Backstab+1","floor":18},{"not_picked":["Bane","Setup"],"picked":"Dagger Throw","floor":19},{"not_picked":["Poisoned Stab","Quick Slash","Deadly Poison"],"picked":"SKIP","floor":22},{"not_picked":["Predator","Terror"],"picked":"Cloak And Dagger","floor":24},{"not_picked":["Bane","Crippling Poison"],"picked":"Reflex+1","floor":29},{"not_picked":["Backflip","Slice"],"picked":"Calculated Gamble+1","floor":30},{"not_picked":["Outmaneuver","Bane"],"picked":"Dagger Throw","floor":31},{"not_picked":["Unload","Glass Knife"],"picked":"After Image","floor":33},{"not_picked":["Dagger Throw","Sucker Punch"],"picked":"Backflip+1","floor":35},{"not_picked":["Dark Shackles","Impatience"],"picked":"Sadistic Nature","floor":38},{"not_picked":["PiercingWail","Bane"],"picked":"Underhanded Strike+1","floor":39},{"not_picked":["Glass Knife","Escape Plan"],"picked":"Cloak And Dagger+1","floor":41},{"not_picked":["Blade Dance","Skewer","Accuracy"],"picked":"Backstab+1","floor":44},{"not_picked":["Deadly Poison","Flying Knee","Sucker Punch+1"],"picked":"PiercingWail","floor":45},{"not_picked":["Prepared","Quick Slash","Deflect"],"picked":"Escape Plan+1","floor":46},{"not_picked":["Noxious Fumes+1","Acrobatics","Leg Sweep"],"picked":"Predator+1","floor":48}],"player_experience":339169,"relics_obtained":[{"floor":7,"key":"PreservedInsect"},{"floor":9,"key":"War Paint"},{"floor":10,"key":"Boot"},{"floor":12,"key":"Bird Faced Urn"},{"floor":20,"key":"Red Mask"},{"floor":24,"key":"Vajra"},{"floor":26,"key":"Bronze Scales"},{"floor":30,"key":"Omamori"},{"floor":41,"key":"Question Card"},{"floor":43,"key":"Meat on the Bone"},{"floor":45,"key":"StoneCalendar"}],"event_choices":[{"damage_healed":0,"gold_gain":0,"player_choice":"Fought Bandits","damage_taken":0,"max_hp_gain":0,"max_hp_loss":0,"event_name":"Masked Bandits","floor":20,"gold_loss":0},{"damage_healed":0,"gold_gain":222,"player_choice":"Wore Mask","damage_taken":0,"max_hp_gain":0,"max_hp_loss":0,"event_name":"Tomb of Lord Red Mask","floor":36,"gold_loss":0},{"damage_healed":0,"gold_gain":0,"player_choice":"Ignored","damage_taken":0,"max_hp_gain":0,"max_hp_loss":0,"event_name":"Mysterious Sphere","floor":37,"gold_loss":0},{"damage_healed":0,"gold_gain":0,"player_choice":"Memory 1","damage_taken":0,"max_hp_gain":0,"max_hp_loss":0,"event_name":"SensoryStone","floor":38,"gold_loss":0}],"is_beta":false,"boss_relics":[{"not_picked":["Coffee Dripper","Fusion Hammer"],"picked":"Cursed Key"},{"not_picked":["Eternal Feather","Snecko Eye"],"picked":"Sozu"}],"items_purged_floors":[5,21,42],"is_endless":false,"potions_floor_spawned":[2,4,7,18,19,24,31,33,39,45,48],"killed_by":"Awakened One","ascension_level":17}