{"gold_per_floor":[114,29,29,104,104,142,157,175,175,246,246,246,280,300,300,395,395,415,434,29,29,43,43,43,43],"floor_reached":25,"playtime":1363,"items_purged":[],"score":468,"play_id":"dfdb613b-cbbf-4379-bc3a-5c1abc660165","local_time":"20190506172255","is_ascension_mode":true,"campfire_choices":[{"data":"Sucker Punch","floor":11.0,"key":"SMITH"},{"data":"Dagger Spray","floor":15.0,"key":"SMITH"},{"data":"Dash","floor":23.0,"key":"SMITH"}],"neow_cost":"NONE","seed_source_timestamp":169767020135363,"circlet_count":0,"master_deck":["AscendersBane","Defend_G","Defend_G","Defend_G","Defend_G","Defend_G","Strike_G","Strike_G","Strike_G","Strike_G","Strike_G","Survivor","Neutralize","Sucker Punch+1","Noxious Fumes","Injury","Dagger Spray+1","Flying Knee","Backflip","Dash+1","PiercingWail","Endless Agony","Dodge and Roll","Corpse Explosion","Quick Slash+1","Endless Agony","Footwork","Deadly Poison","Well Laid Plans","Necronomicurse","Riddle With Holes"],"special_seed":0,"relics":["Ring of the Snake","NeowsBlessing","Golden Idol","Shuriken","Meat on the Bone","Turnip","Unceasing Top","Prayer Wheel","Sozu","Snake Skull","Ancient Tea Set","Necronomicon"],"potions_floor_usage":[],"damage_taken":[{"damage":0.0,"enemies":"2 Louse","floor":1.0,"turns":1.0},{"damage":0.0,"enemies":"Lagavulin","floor":6.0,"turns":1.0},{"damage":0.0,"enemies":"Small Slimes","floor":7.0,"turns":2.0},{"damage":4.0,"enemies":"Jaw Worm","floor":8.0,"turns":3.0},{"damage":24.0,"enemies":"Gremlin Nob","floor":10.0,"turns":4.0},{"damage":6.0,"enemies":"3 Sentries","floor":13.0,"turns":6.0},{"damage":4.0,"enemies":"Large Slime","floor":14.0,"turns":8.0},{"damage":8.0,"enemies":"The Guardian","floor":16.0,"turns":12.0},{"damage":42.0,"enemies":"Chosen","floor":18.0,"turns":6.0},{"damage":2.0,"enemies":"3 Byrds","floor":19.0,"turns":3.0},{"damage":7.0,"enemies":"Shelled Parasite and Fungi","floor":22.0,"turns":4.0},{"damage":29,"enemies":"Gremlin Leader","floor":25,"turns":4}],"seed_played":"4094110327635904663","potions_obtained":[{"floor":7.0,"key":"Dexterity Potion"},{"floor":13.0,"key":"AttackPotion"},{"floor":14.0,"key":"Fire Potion"}],"is_trial":false,"path_per_floor":["M","$","?","?","?","E","M","M","T","?","R","T","E","M","R","B",null,"M","M","$","?","M","R","?","E"],"character_chosen":"THE_SILENT","items_purchased":["Noxious Fumes","Snake Skull","Well Laid Plans","Ancient Tea Set"],"campfire_rested":0,"item_purchase_floors":[2,20,20,20],"current_hp_per_floor":[59,59,59,48,48,48,48,44,44,32,32,32,38,34,34,38,59,29,39,39,18,23,23,23,0],"gold":43,"neow_bonus":"THREE_ENEMY_KILL","is_prod":false,"is_daily":false,"chose_seed":false,"campfire_upgraded":3,"win_rate":0,"timestamp":1557177775,"path_taken":["M","$","?","?","?","E","?","M","T","?","R","?","E","M","R","BOSS","M","M","$","?","M","R","?","E"],"build_version":"2019-01-23","purchased_purges":0,"victory":false,"max_hp_per_floor":[66,66,66,66,66,66,66,66,66,66,66,66,66,66,66,66,66,66,66,66,66,66,66,66,66],"card_choices":[{"not_picked":["Poisoned Stab","Dagger Spray"],"picked":"Sucker Punch","floor":1.0},{"not_picked":["Dodge and Roll","Sucker Punch"],"picked":"Dagger Spray","floor":6.0},{"not_picked":["Distraction","Masterful Stab"],"picked":"Flying Knee","floor":7.0},{"not_picked":["Flying Knee","Dagger Spray"],"picked":"Backflip","floor":8.0},{"not_picked":["Noxious Fumes","Prepared"],"picked":"Dash","floor":10.0},{"not_picked":["Eviscerate","Predator"],"picked":"PiercingWail","floor":13.0},{"not_picked":["Choke","Dagger Spray"],"picked":"Endless Agony","floor":14.0},{"not_picked":["Dash","Deflect"],"picked":"Dodge and Roll","floor":14.0},{"not_picked":["Night Terror","Grand Finale"],"picked":"Corpse Explosion","floor":16.0},{"not_picked":["Calculated Gamble","PiercingWail+1"],"picked":"Quick Slash+1","floor":18.0},{"not_picked":["Outmaneuver","Flying Knee"],"picked":"Endless Agony","floor":18.0},{"not_picked":["Backflip","Heel Hook"],"picked":"Footwork","floor":19.0},{"not_picked":["Accuracy","Calculated Gamble"],"picked":"Deadly Poison","floor":19.0},{"not_picked":["Distraction","Deflect"],"picked":"Riddle With Holes","floor":22.0},{"not_picked":["Deflect","Corpse Explosion","Deadly Poison"],"picked":"SKIP","floor":22.0}],"player_experience":377472,"relics_obtained":[{"floor":6.0,"key":"Shuriken"},{"floor":9.0,"key":"Meat on the Bone"},{"floor":10.0,"key":"Turnip"},{"floor":12.0,"key":"Unceasing Top"},{"floor":13.0,"key":"Prayer Wheel"},{"floor":21.0,"key":"Necronomicon"}],"event_choices":[{"damage_healed":0.0,"max_hp_gain":0.0,"max_hp_loss":0.0,"gold_gain":0.0,"event_name":"Scrap Ooze","player_choice":"Fled","floor":3.0,"gold_loss":0.0,"damage_taken":0.0},{"damage_healed":0.0,"max_hp_gain":0.0,"max_hp_loss":0.0,"gold_gain":75.0,"event_name":"World of Goop","player_choice":"Gather Gold","floor":4.0,"gold_loss":0.0,"damage_taken":11.0},{"damage_healed":0.0,"max_hp_gain":0.0,"max_hp_loss":0.0,"gold_gain":0.0,"event_name":"Golden Idol","player_choice":"Take Wound","floor":5.0,"gold_loss":0.0,"damage_taken":0.0,"relics_obtained":["Golden Idol"],"cards_obtained":["Injury"]},{"damage_healed":0.0,"max_hp_gain":0.0,"max_hp_loss":0.0,"gold_gain":0.0,"event_name":"Dead Adventurer","player_choice":"Searched \u00271\u0027 times","floor":10.0,"gold_loss":0.0,"damage_taken":0.0},{"damage_healed":0.0,"max_hp_gain":0.0,"max_hp_loss":0.0,"gold_gain":0.0,"event_name":"Cursed Tome","player_choice":"Obtained Book","floor":21.0,"gold_loss":0.0,"damage_taken":21.0},{"damage_healed":0.0,"max_hp_gain":0.0,"max_hp_loss":0.0,"gold_gain":0.0,"event_name":"N\u0027loth","player_choice":"Ignored","floor":24.0,"gold_loss":0.0,"damage_taken":0.0}],"is_beta":false,"boss_relics":[{"not_picked":["Orrery","Velvet Choker"],"picked":"Sozu"}],"items_purged_floors":[],"is_endless":false,"potions_floor_spawned":[7,13,14],"killed_by":"Gremlin Leader","ascension_level":20}