{"gold_per_floor":[112,92,109,123,123,123,155,165,165,178,209,209,219,48,48,121,121,138,156,176,176,176],"floor_reached":22,"playtime":1237,"items_purged":[],"score":396,"play_id":"ab598974-415e-4c13-b1a3-efc8853811fd","local_time":"20190525183753","is_ascension_mode":true,"campfire_choices":[{"data":"Zap","floor":6,"key":"SMITH"},{"data":"Capacitor","floor":15,"key":"SMITH"}],"neow_cost":"NONE","seed_source_timestamp":435274710105465,"circlet_count":0,"master_deck":["AscendersBane","Strike_B","Strike_B","Strike_B","Strike_B","Defend_B","Defend_B","Defend_B","Defend_B","Zap+1","Dualcast","FTL","Cold Snap","Undo","Compile Driver","Self Repair","Capacitor+1","Genetic Algorithm","Buffer"],"relics":["Cracked Core","NeowsBlessing","Pen Nib","Bottled Lightning","Ice Cream","NlothsMask","Lantern","Nuclear Battery"],"potions_floor_usage":[7,7,16,20],"damage_taken":[{"damage":0,"enemies":"Small Slimes","floor":1,"turns":1},{"damage":0,"enemies":"Cultist","floor":3,"turns":1},{"damage":0,"enemies":"2 Louse","floor":4,"turns":1},{"damage":19,"enemies":"3 Sentries","floor":7,"turns":6},{"damage":3,"enemies":"Blue Slaver","floor":8,"turns":4},{"damage":11,"enemies":"Lots of Slimes","floor":10,"turns":4},{"damage":8,"enemies":"Lagavulin","floor":11,"turns":7},{"damage":0,"enemies":"Red Slaver","floor":13,"turns":3},{"damage":6,"enemies":"The Guardian","floor":16,"turns":14},{"damage":23,"enemies":"2 Thieves","floor":18,"turns":5},{"damage":30,"enemies":"Spheric Guardian","floor":19,"turns":6},{"damage":21,"enemies":"Chosen and Byrds","floor":20,"turns":8},{"damage":14,"enemies":"Snake Plant","floor":22,"turns":3}],"seed_played":"-2615356960855027877","potions_obtained":[{"floor":1,"key":"Swift Potion"},{"floor":2,"key":"PowerPotion"},{"floor":13,"key":"SteroidPotion"},{"floor":16,"key":"SteroidPotion"},{"floor":18,"key":"Explosive Potion"}],"is_trial":false,"path_per_floor":["M","?","M","M","?","R","E","M","T","M","E","?","M","$","R","B",null,"M","M","M","?","M"],"character_chosen":"DEFECT","items_purchased":["Lantern"],"campfire_rested":0,"item_purchase_floors":[14],"current_hp_per_floor":[64,64,64,64,69,69,50,47,47,36,35,35,35,35,35,36,66,50,27,13,13,0],"gold":176,"neow_bonus":"THREE_ENEMY_KILL","is_prod":false,"is_daily":false,"chose_seed":false,"campfire_upgraded":2,"win_rate":0,"timestamp":1558823873,"path_taken":["M","?","?","M","?","R","E","M","T","M","E","?","?","?","R","BOSS","M","M","?","?","M"],"build_version":"2019-01-23","purchased_purges":0,"victory":false,"max_hp_per_floor":[71,71,71,71,76,76,76,76,76,76,76,76,76,76,76,76,76,76,76,76,76,76],"card_choices":[{"not_picked":["Barrage","Leap"],"picked":"FTL","floor":1},{"not_picked":["Stack","Barrage"],"picked":"Cold Snap","floor":3},{"not_picked":["Lockon","Tempest"],"picked":"Undo","floor":4},{"not_picked":["Hologram","Darkness"],"picked":"Compile Driver","floor":7},{"not_picked":["Chaos","Stack","Conserve Battery"],"picked":"SKIP","floor":8},{"not_picked":["Storm","Sunder"],"picked":"Self Repair","floor":10},{"not_picked":["Cold Snap","Lockon"],"picked":"Capacitor","floor":11},{"not_picked":["FTL","Hologram"],"picked":"Genetic Algorithm","floor":13},{"not_picked":["Thunder Strike","Hyperbeam"],"picked":"Buffer","floor":16},{"not_picked":["Leap","Beam Cell","Rebound"],"picked":"SKIP","floor":18},{"not_picked":["Lockon","Gash","Redo"],"picked":"SKIP","floor":19},{"not_picked":["Leap","Compile Driver","Lockon"],"picked":"SKIP","floor":20}],"player_experience":804708,"relics_obtained":[{"floor":7,"key":"Pen Nib"},{"floor":9,"key":"Bottled Lightning"},{"floor":11,"key":"Ice Cream"}],"event_choices":[{"damage_healed":0,"gold_gain":0,"player_choice":"Bought 1 Potion","damage_taken":0,"max_hp_gain":0,"max_hp_loss":0,"event_name":"The Woman in Blue","floor":2,"gold_loss":0},{"damage_healed":0,"gold_gain":0,"player_choice":"Donut","damage_taken":0,"max_hp_gain":5,"max_hp_loss":0,"event_name":"Big Fish","floor":5,"gold_loss":0},{"damage_healed":0,"gold_gain":0,"player_choice":"Trade","damage_taken":0,"relics_obtained":["NlothsMask"],"max_hp_gain":0,"max_hp_loss":0,"event_name":"FaceTrader","floor":12,"gold_loss":0},{"damage_healed":0,"gold_gain":0,"player_choice":"Ignored","damage_taken":0,"max_hp_gain":0,"max_hp_loss":0,"event_name":"The Mausoleum","floor":21,"gold_loss":0}],"is_beta":false,"boss_relics":[{"not_picked":["White Beast Statue","Orrery"],"picked":"Nuclear Battery"}],"items_purged_floors":[],"is_endless":false,"potions_floor_spawned":[1,3,13,16,18],"killed_by":"Snake Plant","ascension_level":20}