{"gold_per_floor":[115,65,79,79,32,32,48,48,74,101,116,133,149,168,168,265,265,278,288,300,311,331,364,364,381,381,340,340,439,470,470,470,565,565,582,595,608,708,783,783,783,783,835,835,846,899,918,406,406,406,406,406,110,140,140],"floor_reached":56,"playtime":4053,"items_purged":["Ball Lightning"],"score":1216,"play_id":"eb9c8e6e-fae3-463f-a675-cb31e90ca69e","local_time":"20190428210603","is_ascension_mode":false,"campfire_choices":[{"data":"Zap","floor":6.0,"key":"SMITH"},{"data":"Streamline","floor":8.0,"key":"SMITH"},{"floor":15.0,"key":"REST"},{"floor":24.0,"key":"REST"},{"floor":32.0,"key":"REST"},{"data":"Buffer","floor":42.0,"key":"SMITH"},{"floor":49.0,"key":"RECALL"},{"data":"Echo Form","floor":52.0,"key":"SMITH"}],"neow_cost":"NONE","seed_source_timestamp":15784688786856,"circlet_count":0,"master_deck":["Strike_B+1","Strike_B+1","Defend_B+1","Defend_B+1","Defend_B+1","Defend_B+1","Zap+1","Dualcast","Sweeping Beam","Barrage","Electrodynamics","Conserve Battery","Streamline+1","Rebound","Cold Snap","Leap","Genetic Algorithm","Compile Driver","Buffer+1","White Noise","Cold Snap","BootSequence+1","Leap+1","Defragment+1","Echo Form+1","Ball Lightning+1","Consume","Go for the Eyes+1","Leap","Go for the Eyes+1","Hello World","Defragment"],"special_seed":0,"relics":["Cracked Core","Regal Pillow","Juzu Bracelet","Nuclear Battery","Anchor","Shuriken","Bag of Preparation","Busted Crown","Unceasing Top","Nunchaku","Lantern","Bronze Scales","Pen Nib","Bag of Marbles"],"potions_floor_usage":[55,55,55],"damage_taken":[{"damage":2.0,"enemies":"Small Slimes","floor":1.0,"turns":3.0},{"damage":1.0,"enemies":"2 Louse","floor":3.0,"turns":2.0},{"damage":1.0,"enemies":"Cultist","floor":7.0,"turns":3.0},{"damage":32.0,"enemies":"Gremlin Nob","floor":10.0,"turns":4.0},{"damage":3.0,"enemies":"Looter","floor":11.0,"turns":2.0},{"damage":0.0,"enemies":"3 Louse","floor":12.0,"turns":2.0},{"damage":12.0,"enemies":"Blue Slaver","floor":13.0,"turns":2.0},{"damage":13.0,"enemies":"Lots of Slimes","floor":14.0,"turns":3.0},{"damage":42.0,"enemies":"Hexaghost","floor":16.0,"turns":9.0},{"damage":0.0,"enemies":"Chosen","floor":18.0,"turns":4.0},{"damage":3.0,"enemies":"3 Byrds","floor":19.0,"turns":4.0},{"damage":13.0,"enemies":"Centurion and Healer","floor":20.0,"turns":3.0},{"damage":4.0,"enemies":"Shelled Parasite and Fungi","floor":21.0,"turns":5.0},{"damage":8.0,"enemies":"Snecko","floor":22.0,"turns":4.0},{"damage":32.0,"enemies":"Slavers","floor":23.0,"turns":4.0},{"damage":12.0,"enemies":"3 Cultists","floor":25.0,"turns":5.0},{"damage":0.0,"enemies":"Gremlin Leader","floor":30.0,"turns":5.0},{"damage":25.0,"enemies":"Automaton","floor":33.0,"turns":9.0},{"damage":13.0,"enemies":"3 Darklings","floor":35.0,"turns":3.0},{"damage":0.0,"enemies":"3 Shapes","floor":36.0,"turns":4.0},{"damage":11.0,"enemies":"Sphere and 2 Shapes","floor":37.0,"turns":5.0},{"damage":0.0,"enemies":"Mind Bloom Boss Battle","floor":38.0,"turns":6.0},{"damage":0.0,"enemies":"Spire Growth","floor":45.0,"turns":7.0},{"damage":0.0,"enemies":"2 Orb Walkers","floor":46.0,"turns":5.0},{"damage":0.0,"enemies":"Transient","floor":47.0,"turns":5.0},{"damage":0.0,"enemies":"Time Eater","floor":50.0,"turns":12.0},{"damage":36.0,"enemies":"Shield and Spear","floor":54.0,"turns":5.0},{"damage":11,"enemies":"The Heart","floor":55,"turns":13}],"seed_played":"4173862916020950929","potions_obtained":[{"floor":3.0,"key":"PowerPotion"},{"floor":10.0,"key":"AttackPotion"},{"floor":12.0,"key":"LiquidBronze"},{"floor":14.0,"key":"Energy Potion"},{"floor":21.0,"key":"GamblersBrew"},{"floor":22.0,"key":"SneckoOil"},{"floor":23.0,"key":"EssenceOfSteel"},{"floor":33.0,"key":"AttackPotion"},{"floor":46.0,"key":"PowerPotion"},{"floor":54.0,"key":"EssenceOfSteel"}],"is_trial":false,"path_per_floor":["M","?","M","?","$","R","M","R","T","E","M","M","M","M","R","B",null,"M","M","M","M","M","E","R","M","T","$","?","?","E","?","R","B",null,"M","M","M","?","?","?","?","R","T","?","M","?","M","$","R","B",null,"R","$","E","B",null],"character_chosen":"DEFECT","items_purchased":["Conserve Battery","Defragment","Lantern","Bronze Scales","PowerPotion","Hello World","EntropicBrew","Defragment","Pen Nib"],"campfire_rested":3,"item_purchase_floors":[5,27,48,48,48,48,48,53,53],"current_hp_per_floor":[80,80,79,79,79,79,78,78,78,46,43,43,31,18,57,15,82,82,79,66,62,54,22,61,49,49,49,49,49,49,33,74,49,87,74,74,63,63,55,55,55,55,55,55,55,55,55,55,55,55,87,87,87,51,40],"gold":140,"neow_bonus":"TEN_PERCENT_HP_BONUS","is_prod":false,"is_daily":false,"chose_seed":false,"campfire_upgraded":4,"win_rate":0,"timestamp":1556499963,"path_taken":["M","?","M","?","$","R","?","R","T","E","M","M","M","M","R","BOSS","M","M","M","M","M","E","R","M","T","$","?","?","E","?","R","BOSS","M","M","M","?","?","?","?","R","T","?","M","?","M","$","R","BOSS","R","$","E","BOSS"],"build_version":"2019-01-23","purchased_purges":1,"victory":true,"max_hp_per_floor":[82,82,82,82,82,82,82,82,82,82,82,82,82,82,82,82,82,82,82,82,82,82,82,82,82,82,82,82,82,82,87,87,87,87,87,87,87,87,87,87,87,87,87,87,87,87,87,87,87,87,87,87,87,87,87],"card_choices":[{"not_picked":["Turbo","Rip and Tear"],"picked":"Sweeping Beam","floor":1.0},{"not_picked":["Chill","Reprogram"],"picked":"Barrage","floor":3.0},{"not_picked":["Coolheaded","Auto Shields"],"picked":"Streamline","floor":7.0},{"not_picked":["Storm","Lockon"],"picked":"Rebound","floor":10.0},{"not_picked":["Turbo","Hologram"],"picked":"Cold Snap","floor":11.0},{"not_picked":["Static Discharge","Meteor Strike"],"picked":"Leap","floor":12.0},{"not_picked":["Cold Snap","Recycle"],"picked":"Genetic Algorithm","floor":13.0},{"not_picked":["Sweeping Beam","Tempest"],"picked":"Compile Driver","floor":14.0},{"not_picked":["Biased Cognition","Machine Learning"],"picked":"Buffer","floor":16.0},{"not_picked":["Turbo","Reprogram+1"],"picked":"White Noise","floor":18.0},{"not_picked":["Blizzard+1","Barrage"],"picked":"Ball Lightning","floor":19.0},{"not_picked":["Storm","Barrage"],"picked":"Cold Snap","floor":20.0},{"not_picked":["Sweeping Beam","Streamline"],"picked":"BootSequence+1","floor":21.0},{"not_picked":["Scrape","Beam Cell+1","FTL+1"],"picked":"SKIP","floor":22.0},{"not_picked":["Ball Lightning","Glacier"],"picked":"Leap+1","floor":23.0},{"not_picked":["Undo","Auto Shields","Fusion"],"picked":"SKIP","floor":25.0},{"not_picked":["Darkness","Cold Snap","Static Discharge"],"picked":"SKIP","floor":30.0},{"not_picked":["Thunder Strike","Electrodynamics"],"picked":"Echo Form","floor":33.0},{"not_picked":["Rebound"],"picked":"SKIP","floor":35.0},{"not_picked":[],"picked":"Ball Lightning+1","floor":36.0},{"not_picked":[],"picked":"Consume","floor":37.0},{"not_picked":[],"picked":"Go for the Eyes+1","floor":38.0},{"not_picked":["Streamline+1"],"picked":"SKIP","floor":45.0},{"not_picked":[],"picked":"Leap","floor":46.0},{"not_picked":[],"picked":"Go for the Eyes+1","floor":47.0},{"not_picked":["Undo"],"picked":"SKIP","floor":54.0}],"player_experience":234361,"relics_obtained":[{"floor":9.0,"key":"Regal Pillow"},{"floor":10.0,"key":"Juzu Bracelet"},{"floor":23.0,"key":"Anchor"},{"floor":26.0,"key":"Shuriken"},{"floor":30.0,"key":"Bag of Preparation"},{"floor":38.0,"key":"Unceasing Top"},{"floor":46.0,"key":"Nunchaku"},{"floor":54.0,"key":"Bag of Marbles"}],"event_choices":[{"cards_removed":["Strike_B"],"damage_healed":0.0,"max_hp_gain":0.0,"max_hp_loss":0.0,"gold_gain":0.0,"event_name":"The Cleric","player_choice":"Card Removal","floor":2.0,"gold_loss":50.0,"damage_taken":0.0},{"damage_healed":0.0,"max_hp_gain":0.0,"max_hp_loss":0.0,"gold_gain":0.0,"event_name":"Match and Keep!","player_choice":"1 cards matched","floor":4.0,"gold_loss":0.0,"damage_taken":0.0,"cards_obtained":["Electrodynamics"]},{"damage_healed":0.0,"max_hp_gain":0.0,"max_hp_loss":0.0,"gold_gain":0.0,"event_name":"Back to Basics","player_choice":"Simplicity","floor":28.0,"gold_loss":0.0,"damage_taken":0.0,"cards_upgraded":["Strike_B","Strike_B","Strike_B","Defend_B","Defend_B","Defend_B","Defend_B"]},{"damage_healed":0.0,"max_hp_gain":0.0,"max_hp_loss":0.0,"gold_gain":99.0,"event_name":"Nest","player_choice":"Stole From Cult","floor":29.0,"gold_loss":0.0,"damage_taken":0.0},{"damage_healed":0.0,"max_hp_gain":5.0,"max_hp_loss":0.0,"gold_gain":0.0,"event_name":"Forgotten Altar","player_choice":"Shed Blood","floor":31.0,"gold_loss":0.0,"damage_taken":21.0},{"damage_healed":0.0,"max_hp_gain":0.0,"max_hp_loss":0.0,"gold_gain":0.0,"event_name":"MindBloom","player_choice":"Fight","floor":38.0,"gold_loss":0.0,"damage_taken":0.0},{"damage_healed":0.0,"max_hp_gain":0.0,"max_hp_loss":0.0,"gold_gain":75.0,"event_name":"FaceTrader","player_choice":"Touch","floor":39.0,"gold_loss":0.0,"damage_taken":8.0},{"damage_healed":0.0,"max_hp_gain":0.0,"max_hp_loss":0.0,"gold_gain":0.0,"event_name":"Upgrade Shrine","player_choice":"Upgraded","floor":40.0,"gold_loss":0.0,"damage_taken":0.0,"cards_upgraded":["Defragment"]},{"cards_removed":["Strike_B"],"damage_healed":0.0,"max_hp_gain":0.0,"max_hp_loss":0.0,"gold_gain":0.0,"event_name":"Falling","player_choice":"Removed Attack","floor":41.0,"gold_loss":0.0,"damage_taken":0.0},{"damage_healed":0.0,"max_hp_gain":0.0,"max_hp_loss":0.0,"gold_gain":0.0,"event_name":"Tomb of Lord Red Mask","player_choice":"Ignored","floor":44.0,"gold_loss":0.0,"damage_taken":0.0},{"damage_healed":0.0,"max_hp_gain":0.0,"max_hp_loss":0.0,"gold_gain":0.0,"event_name":"Mysterious Sphere","player_choice":"Fight","floor":46.0,"gold_loss":0.0,"damage_taken":0.0}],"is_beta":false,"boss_relics":[{"not_picked":["Orrery","Runic Dome"],"picked":"Nuclear Battery"},{"not_picked":["Astrolabe","Snecko Eye"],"picked":"Busted Crown"}],"items_purged_floors":[53],"is_endless":false,"potions_floor_spawned":[3,10,12,14,21,22,23,33,35,38,46,54],"ascension_level":0}