{"gold_per_floor":[110,110,210,285,300,316,333,348,375,375,375,55,67,67,67,193,193,216,229,26,26,44,44,72,27,27,42,61,72,72,85,85,85],"floor_reached":33,"playtime":2074,"items_purged":["Regret"],"score":325,"play_id":"9d4107ce-d32f-4921-aa7d-df494c477c9f","local_time":"20180930064130","is_ascension_mode":true,"campfire_choices":[{"floor":10.0,"key":"REST"},{"floor":15.0,"key":"REST"},{"floor":23,"key":"REST"},{"floor":30,"key":"REST"},{"floor":32,"key":"REST"}],"neow_cost":"NONE","seed_source_timestamp":438497433152164,"circlet_count":0,"master_deck":["Defend_G","Defend_G","Defend_G","Defend_G","Defend_G","Strike_G","Strike_G","Strike_G","Strike_G","Strike_G","Survivor","Neutralize","Poisoned Stab","Well Laid Plans","Noxious Fumes","Flying Knee","Outmaneuver","Deadly Poison","Corpse Explosion","PiercingWail","Deadly Poison","Deadly Poison","Deadly Poison","Poisoned Stab+1","Deadly Poison","Dagger Throw","Sucker Punch","Prepared+1","Dash"],"special_seed":0,"relics":["Ring of the Serpent","Snake Skull","Strawberry","Orichalcum","Happy Flower","Pear","Bloody Idol","DollysMirror","Art of War","Shuriken"],"potions_floor_usage":[16,24,24,24,33],"damage_taken":[{"damage":0.0,"enemies":"2 Louse","floor":1.0,"turns":4.0},{"damage":6.0,"enemies":"Cultist","floor":5.0,"turns":4.0},{"damage":0.0,"enemies":"Small Slimes","floor":6.0,"turns":3.0},{"damage":29.0,"enemies":"Gremlin Gang","floor":7.0,"turns":4.0},{"damage":10.0,"enemies":"Exordium Wildlife","floor":8.0,"turns":4.0},{"damage":2.0,"enemies":"Looter","floor":13.0,"turns":3.0},{"damage":16,"enemies":"The Guardian","floor":16,"turns":8},{"damage":27,"enemies":"Shell Parasite","floor":18,"turns":6},{"damage":23,"enemies":"2 Thieves","floor":19,"turns":3},{"damage":1,"enemies":"Sentry and Sphere","floor":22,"turns":4},{"damage":6,"enemies":"Slavers","floor":24,"turns":3},{"damage":18,"enemies":"Snake Plant","floor":27,"turns":3},{"damage":9,"enemies":"Chosen and Byrds","floor":28,"turns":4},{"damage":22,"enemies":"Sentry and Sphere","floor":29,"turns":5},{"damage":24,"enemies":"Snecko","floor":31,"turns":5},{"damage":61,"enemies":"Automaton","floor":33,"turns":6}],"seed_played":"235982942658994880","potions_obtained":[{"floor":1.0,"key":"Dexterity Potion"},{"floor":5.0,"key":"SpeedPotion"},{"floor":8.0,"key":"Strength Potion"},{"floor":16,"key":"Strength Potion"},{"floor":19,"key":"EssenceOfSteel"},{"floor":22,"key":"Fire Potion"},{"floor":31,"key":"SteroidPotion"}],"is_trial":false,"path_per_floor":["M","?","?","?","M","M","M","M","T","R","?","$","M","?","R","B",null,"M","M","$","?","M","R","E","$","T","M","M","M","R","M","R"],"character_chosen":"THE_SILENT","items_purchased":["Pear","DollysMirror","Deadly Poison"],"campfire_rested":5,"item_purchase_floors":[12,20,25],"current_hp_per_floor":[70,77,77,66,60,60,31,21,21,44,19,29,27,27,51,35,81,54,31,31,31,35,59,58,58,58,45,41,24,48,29,53,0],"gold":85,"neow_bonus":"RANDOM_COMMON_RELIC","is_prod":false,"is_daily":false,"chose_seed":false,"campfire_upgraded":0,"win_rate":0,"timestamp":1538304090,"path_taken":["M","?","?","?","?","M","M","M","T","R","?","?","?","?","R","BOSS","M","?","$","?","M","R","E","?","T","M","M","M","R","M","R","BOSS"],"build_version":"2018-09-27","purchased_purges":1,"victory":false,"max_hp_per_floor":[70,77,77,77,77,77,77,77,77,77,77,87,87,81,81,81,81,81,81,81,81,81,81,81,81,81,81,81,81,81,81,81,81],"card_choices":[{"not_picked":["Terror","Cloak And Dagger"],"picked":"Poisoned Stab","floor":1.0},{"not_picked":["Skewer","Sucker Punch"],"picked":"Well Laid Plans","floor":5.0},{"not_picked":["Underhanded Strike","Quick Slash"],"picked":"Noxious Fumes","floor":6.0},{"not_picked":["Slice","Dagger Spray"],"picked":"Flying Knee","floor":7.0},{"not_picked":["Riddle With Holes","Setup"],"picked":"Outmaneuver","floor":8.0},{"not_picked":["Prepared","Sucker Punch"],"picked":"Deadly Poison","floor":13.0},{"not_picked":["Malaise","Phantasmal Killer"],"picked":"Corpse Explosion","floor":16},{"not_picked":["Acrobatics","Prepared+1"],"picked":"PiercingWail","floor":18},{"not_picked":["Deflect","Noxious Fumes"],"picked":"Deadly Poison","floor":19},{"not_picked":["Flying Knee","Escape Plan"],"picked":"Deadly Poison","floor":22},{"not_picked":["Quick Slash+1","Backflip+1"],"picked":"Poisoned Stab+1","floor":24},{"not_picked":["Escape Plan","Accuracy"],"picked":"Dagger Throw","floor":27},{"not_picked":["Bane","Dagger Throw"],"picked":"Sucker Punch","floor":28},{"not_picked":["Reflex","Setup"],"picked":"Prepared+1","floor":29},{"not_picked":["Dagger Throw","Finisher"],"picked":"Dash","floor":31}],"player_experience":105560,"relics_obtained":[{"floor":9.0,"key":"Orichalcum"},{"floor":24,"key":"Art of War"},{"floor":26,"key":"Shuriken"}],"event_choices":[{"event_name":"Big Fish","player_choice":"Box","floor":2.0,"damage_taken":0.0},{"event_name":"Wheel of Change","player_choice":"Gold","floor":3.0,"damage_taken":0.0},{"event_name":"World of Goop","player_choice":"Gather Gold","floor":4.0,"damage_taken":0.0},{"event_name":"Scrap Ooze","player_choice":"success","floor":11.0,"damage_taken":25.0},{"event_name":"Golden Idol","player_choice":"Lose Max HP","floor":14.0,"damage_taken":0.0},{"event_name":"Forgotten Altar","player_choice":"Gave Idol","floor":21,"damage_taken":0}],"is_beta":false,"boss_relics":[{"not_picked":["Coffee Dripper","Empty Cage"],"picked":"Ring of the Serpent"}],"items_purged_floors":[12],"is_endless":false,"potions_floor_spawned":[1,5,8,16,19,22,31],"killed_by":"Automaton","ascension_level":3}