{"gold_per_floor":[109,109,14,189,189,223,238,6,6,6,35,49,0,13,13,116,116,129,228,188,206,281,281,309,309,382,382,401,421,435,116,116,216,216,236,236,196,208,22,22,39,39,121,50,50,63,63,63,63,63],"floor_reached":51,"playtime":3120,"items_purged":["Doubt"],"score":950,"play_id":"da3b5cbe-9982-4bb9-b567-8b306023c515","local_time":"20190326133427","is_ascension_mode":true,"campfire_choices":[{"floor":10.0,"key":"REST"},{"data":"Armaments","floor":15.0,"key":"SMITH"},{"data":"Shockwave","floor":23,"key":"SMITH"},{"data":"Demon Form","floor":25,"key":"SMITH"},{"floor":27,"key":"REST"},{"floor":32,"key":"REST"},{"data":"Barricade","floor":40,"key":"SMITH"},{"data":"Metallicize","floor":42,"key":"SMITH"},{"data":"Impervious","floor":47,"key":"SMITH"},{"data":"Shockwave","floor":49,"key":"SMITH"}],"neow_cost":"TEN_PERCENT_HP_LOSS","seed_source_timestamp":483975766583029,"circlet_count":0,"master_deck":["Strike_R","Strike_R","Strike_R","Defend_R","Defend_R+1","Defend_R","Bash","Shrug It Off","Rupture","Iron Wave","Armaments+1","Inflame","Flex","Rampage","Iron Wave","Shockwave+1","Demon Form+1","Pummel+1","Shockwave+1","Impervious+1","Havoc+1","Feel No Pain+1","Shrug It Off+1","Carnage","Barricade+1","Metallicize+1","Sword Boomerang+1","Blind","Havoc+1"],"special_seed":0,"relics":["Burning Blood","Charon\u0027s Ashes","Bag of Preparation","Pen Nib","Dodecahedron","Omamori","Cursed Key","Pantograph","Pear","Ancient Tea Set","Busted Crown","Molten Egg 2"],"potions_floor_usage":[24,24,33,41,50,50,50],"damage_taken":[{"damage":12.0,"enemies":"2 Louse","floor":1.0,"turns":3.0},{"damage":45.0,"enemies":"Lagavulin","floor":6.0,"turns":8.0},{"damage":0.0,"enemies":"Small Slimes","floor":7.0,"turns":5.0},{"damage":27.0,"enemies":"3 Sentries","floor":11.0,"turns":8.0},{"damage":1.0,"enemies":"Cultist","floor":12.0,"turns":3.0},{"damage":3.0,"enemies":"Blue Slaver","floor":14.0,"turns":4.0},{"damage":22.0,"enemies":"Hexaghost","floor":16.0,"turns":8.0},{"damage":17.0,"enemies":"Spheric Guardian","floor":18.0,"turns":4.0},{"damage":7.0,"enemies":"3 Byrds","floor":21.0,"turns":5.0},{"damage":37,"enemies":"Gremlin Leader","floor":24,"turns":7},{"damage":18,"enemies":"Snake Plant","floor":28,"turns":4},{"damage":13,"enemies":"3 Cultists","floor":29,"turns":6},{"damage":15,"enemies":"Centurion and Healer","floor":30,"turns":6},{"damage":12,"enemies":"Champ","floor":33,"turns":7},{"damage":14,"enemies":"Orb Walker","floor":35,"turns":4},{"damage":1,"enemies":"3 Shapes","floor":38,"turns":6},{"damage":9,"enemies":"Jaw Worm Horde","floor":41,"turns":5},{"damage":19,"enemies":"Writhing Mass","floor":46,"turns":4},{"damage":3,"enemies":"Awakened One","floor":50,"turns":11}],"seed_played":"-1610911472679795197","potions_obtained":[{"floor":1.0,"key":"AttackPotion"},{"floor":12.0,"key":"Ancient Potion"},{"floor":14.0,"key":"Dexterity Potion"},{"floor":20.0,"key":"BloodPotion"},{"floor":21.0,"key":"AttackPotion"},{"floor":30,"key":"LiquidBronze"},{"floor":33,"key":"EssenceOfSteel"},{"floor":41,"key":"Poison Potion"}],"is_trial":false,"path_per_floor":["M","?","$","?","?","E","M","$","T","R","E","M","$","M","R","B",null,"M","?","?","M","?","R","E","R","T","R","M","M","M","$","R","B",null,"M","?","?","M","$","R","M","R","T","$","?","M","R","?","R","B",null],"character_chosen":"IRONCLAD","items_purchased":["Iron Wave","Armaments","Pen Nib","PowerPotion","Ancient Tea Set","Carnage","PowerPotion","SteroidPotion","Metallicize","Fire Potion","SkillPotion","EssenceOfSteel"],"campfire_rested":3,"item_purchase_floors":[3,3,8,13,31,31,31,31,39,39,39,44],"current_hp_per_floor":[66,66,66,66,66,27,33,33,33,54,33,38,38,41,41,25,60,49,49,49,55,48,48,17,17,27,51,39,32,23,23,47,66,78,70,70,70,75,75,75,72,72,72,72,72,59,59,59,59,78],"gold":63,"neow_bonus":"ONE_RARE_RELIC","is_prod":false,"is_daily":false,"chose_seed":false,"campfire_upgraded":7,"win_rate":0,"timestamp":1553621667,"path_taken":["M","?","$","?","?","E","?","$","T","R","E","M","$","M","R","BOSS","M","?","?","?","?","R","E","R","T","R","?","M","M","$","R","BOSS","M","?","?","?","?","R","M","R","T","$","?","M","R","?","R","BOSS"],"build_version":"2019-01-23","purchased_purges":1,"victory":true,"max_hp_per_floor":[72,72,72,72,72,72,72,72,72,72,72,72,72,72,72,72,72,72,72,72,72,72,72,72,72,82,82,82,82,82,82,82,82,82,82,78,78,78,78,78,78,78,78,78,78,78,78,78,78,78],"card_choices":[{"not_picked":["Power Through","Heavy Blade"],"picked":"Shrug It Off","floor":1.0},{"not_picked":["Body Slam","Havoc"],"picked":"Inflame","floor":6.0},{"not_picked":["Dual Wield","Reckless Charge"],"picked":"Flex","floor":7.0},{"not_picked":["Havoc","Thunderclap"],"picked":"Rampage","floor":11.0},{"not_picked":["Hemokinesis","Juggernaut"],"picked":"Iron Wave","floor":12.0},{"not_picked":["Twin Strike","Iron Wave"],"picked":"Shockwave","floor":14.0},{"not_picked":["Barricade","Berserk"],"picked":"Demon Form","floor":16.0},{"not_picked":["Perfected Strike","Twin Strike"],"picked":"Pummel+1","floor":18.0},{"not_picked":["Flex+1","Clothesline"],"picked":"Shockwave","floor":21.0},{"not_picked":["Thunderclap+1","Spot Weakness"],"picked":"Impervious","floor":24},{"not_picked":["Warcry","Clothesline"],"picked":"Havoc+1","floor":28},{"not_picked":["Shrug It Off","Cleave"],"picked":"Feel No Pain","floor":29},{"not_picked":["Thunderclap","Clash"],"picked":"Shrug It Off+1","floor":30},{"not_picked":["Dark Embrace","Offering"],"picked":"Barricade","floor":33},{"not_picked":["Wild Strike"],"picked":"SKIP","floor":35},{"not_picked":["Fire Breathing+1"],"picked":"SKIP","floor":38},{"not_picked":[],"picked":"Sword Boomerang+1","floor":41},{"not_picked":[],"picked":"Blind","floor":45},{"not_picked":[],"picked":"Havoc+1","floor":46}],"player_experience":215532,"relics_obtained":[{"floor":6.0,"key":"Bag of Preparation"},{"floor":9.0,"key":"Dodecahedron"},{"floor":11.0,"key":"Omamori"},{"floor":24,"key":"Pantograph"},{"floor":26,"key":"Pear"},{"floor":43,"key":"Molten Egg 2"}],"event_choices":[{"damage_healed":0.0,"max_hp_gain":0.0,"max_hp_loss":0.0,"gold_gain":0.0,"cards_transformed":["Strike_R"],"event_name":"Living Wall","player_choice":"Change","floor":2.0,"gold_loss":0.0,"damage_taken":0.0,"cards_obtained":["Rupture"]},{"damage_healed":0.0,"max_hp_gain":0.0,"max_hp_loss":0.0,"gold_gain":175.0,"event_name":"Liars Game","player_choice":"AGREE","floor":4.0,"gold_loss":0.0,"damage_taken":0.0,"cards_obtained":["Doubt"]},{"cards_removed":["Defend_R"],"damage_healed":0.0,"max_hp_gain":0.0,"max_hp_loss":0.0,"gold_gain":0.0,"event_name":"Bonfire Elementals","player_choice":"Offered Basic","floor":5.0,"gold_loss":0.0,"damage_taken":0.0},{"damage_healed":0.0,"max_hp_gain":0.0,"max_hp_loss":0.0,"gold_gain":99.0,"event_name":"Nest","player_choice":"Stole From Cult","floor":19.0,"gold_loss":0.0,"damage_taken":0.0},{"damage_healed":0.0,"max_hp_gain":0.0,"max_hp_loss":0.0,"gold_gain":0.0,"event_name":"The Woman in Blue","player_choice":"Bought 3 Potions","floor":20.0,"gold_loss":0.0,"damage_taken":0.0},{"damage_healed":0,"gold_gain":75,"player_choice":"Touch","damage_taken":7,"max_hp_gain":0,"max_hp_loss":0,"event_name":"FaceTrader","floor":22,"gold_loss":0},{"damage_healed":0,"gold_gain":0,"player_choice":"Max HP","damage_taken":0,"max_hp_gain":0,"max_hp_loss":4,"event_name":"Winding Halls","floor":36,"gold_loss":0},{"damage_healed":0,"gold_gain":0,"player_choice":"Upgraded Two","damage_taken":0,"max_hp_gain":0,"max_hp_loss":0,"event_name":"Designer","floor":37,"gold_loss":40,"cards_upgraded":["Feel No Pain","Defend_R"]},{"damage_healed":0,"gold_gain":0,"player_choice":"Memory 1","damage_taken":0,"max_hp_gain":0,"max_hp_loss":0,"event_name":"SensoryStone","floor":45,"gold_loss":0},{"cards_removed":["Strike_R"],"damage_healed":0,"gold_gain":0,"player_choice":"Purged","damage_taken":0,"max_hp_gain":0,"max_hp_loss":0,"event_name":"Purifier","floor":48,"gold_loss":0}],"is_beta":false,"boss_relics":[{"not_picked":["Astrolabe","Tiny House"],"picked":"Cursed Key"},{"not_picked":["Black Star","Philosopher\u0027s Stone"],"picked":"Busted Crown"}],"items_purged_floors":[8],"is_endless":false,"potions_floor_spawned":[1,12,14,21,30,33,41,46],"ascension_level":9}