{"gold_per_floor":[119,134,153,172,172,172,172,203,203,203,203,237,66,77,77,151,151,165,2,2],"floor_reached":20,"playtime":958,"items_purged":["Strike_B"],"score":364,"play_id":"455a24eb-c8df-439c-8345-c6bf314485ed","local_time":"20190521224609","is_ascension_mode":true,"campfire_choices":[{"data":"Zap","floor":6.0,"key":"SMITH"},{"data":"Dualcast","floor":10.0,"key":"SMITH"},{"data":"Defragment","floor":15.0,"key":"SMITH"}],"neow_cost":"TEN_PERCENT_HP_LOSS","seed_source_timestamp":104653832279688,"circlet_count":0,"master_deck":["AscendersBane","Strike_B","Strike_B","Strike_B","Defend_B","Defend_B","Defend_B","Defend_B","Zap+1","Dualcast+1","All For One","Glacier","Turbo","Gash","Go for the Eyes","Compile Driver","Gash","Defragment+1","Seek","Loop"],"special_seed":0,"relics":["Cracked Core","Juzu Bracelet","Dodecahedron","Pantograph","Happy Flower","Inserter","PreservedInsect"],"potions_floor_usage":[20],"damage_taken":[{"damage":2.0,"enemies":"Cultist","floor":1.0,"turns":4.0},{"damage":5.0,"enemies":"Jaw Worm","floor":2.0,"turns":5.0},{"damage":0.0,"enemies":"2 Louse","floor":3.0,"turns":2.0},{"damage":2.0,"enemies":"Looter","floor":4.0,"turns":4.0},{"damage":5.0,"enemies":"Lagavulin","floor":8.0,"turns":8.0},{"damage":36.0,"enemies":"Gremlin Nob","floor":12.0,"turns":4.0},{"damage":10.0,"enemies":"Lots of Slimes","floor":14.0,"turns":3.0},{"damage":22.0,"enemies":"The Guardian","floor":16.0,"turns":10.0},{"damage":14.0,"enemies":"Shell Parasite","floor":18.0,"turns":4.0},{"damage":41,"enemies":"Colosseum Slavers","floor":20,"turns":4}],"seed_played":"-3372374528642767173","potions_obtained":[{"floor":8.0,"key":"SkillPotion"},{"floor":12.0,"key":"SpeedPotion"},{"floor":14.0,"key":"Swift Potion"},{"floor":16.0,"key":"Dexterity Potion"}],"is_trial":false,"path_per_floor":["M","M","M","M","?","R","?","E","T","R","?","E","$","M","R","B",null,"M","$","?"],"character_chosen":"DEFECT","items_purchased":["Gash","Defragment","PreservedInsect"],"campfire_rested":0,"item_purchase_floors":[13,13,19],"current_hp_per_floor":[62,57,57,55,50,50,55,50,50,50,50,14,14,4,4,7,54,40,40,0],"gold":2,"neow_bonus":"THREE_RARE_CARDS","is_prod":false,"is_daily":false,"chose_seed":false,"campfire_upgraded":3,"win_rate":0,"timestamp":1558493169,"path_taken":["M","M","M","M","?","R","?","E","T","R","?","E","$","M","R","BOSS","M","$","?"],"build_version":"2019-01-23","purchased_purges":1,"victory":false,"max_hp_per_floor":[64,64,64,64,64,64,69,69,69,69,69,69,69,69,69,69,69,69,69,69],"card_choices":[{"not_picked":["Hyperbeam","Amplify"],"picked":"All For One","floor":0.0},{"not_picked":["Hologram","Gash"],"picked":"Glacier","floor":1.0},{"not_picked":["Storm","Hologram"],"picked":"Turbo","floor":2.0},{"not_picked":["Aggregate","Redo","Leap"],"picked":"SKIP","floor":3.0},{"not_picked":["All For One","Undo"],"picked":"Gash","floor":4.0},{"not_picked":["Steam","Rebound"],"picked":"Go for the Eyes","floor":8.0},{"not_picked":["Leap","Sunder"],"picked":"Compile Driver","floor":12.0},{"not_picked":["Chaos","Fusion","Rip and Tear"],"picked":"SKIP","floor":14.0},{"not_picked":["Amplify","Reboot"],"picked":"Seek","floor":16.0},{"not_picked":["Chaos","Streamline"],"picked":"Loop","floor":18.0}],"player_experience":728004,"relics_obtained":[{"floor":8.0,"key":"Dodecahedron"},{"floor":9.0,"key":"Pantograph"},{"floor":12.0,"key":"Happy Flower"}],"event_choices":[{"damage_healed":0.0,"max_hp_gain":0.0,"max_hp_loss":0.0,"gold_gain":0.0,"event_name":"Scrap Ooze","player_choice":"Success","floor":5.0,"gold_loss":0.0,"damage_taken":5.0,"relics_obtained":["Juzu Bracelet"]},{"damage_healed":0.0,"max_hp_gain":5.0,"max_hp_loss":0.0,"gold_gain":0.0,"event_name":"Big Fish","player_choice":"Donut","floor":7.0,"gold_loss":0.0,"damage_taken":0.0},{"damage_healed":0.0,"max_hp_gain":0.0,"max_hp_loss":0.0,"gold_gain":0.0,"event_name":"Liars Game","player_choice":"Ignored","floor":11.0,"gold_loss":0.0,"damage_taken":0.0},{"damage_healed":0,"gold_gain":0,"player_choice":"Fight","damage_taken":0,"max_hp_gain":0,"max_hp_loss":0,"event_name":"Colosseum","floor":20,"gold_loss":0}],"is_beta":false,"boss_relics":[{"not_picked":["FrozenCore","Calling Bell"],"picked":"Inserter"}],"items_purged_floors":[13],"is_endless":false,"potions_floor_spawned":[8,12,14,16],"killed_by":"Colosseum Slavers","ascension_level":20}