{"gold_per_floor":[115,290,290,308,308,308,333,333,360,399,399,423,423,444,444,572,572,591,591,591,202,218,218,250,266,314,314,314,325,345,365,365,467,467,480,480,480,197,243,243,277,277,323,352,364,391,418,430,442,454],"floor_reached":51,"playtime":5291,"items_purged":[],"score":725,"play_id":"f4c55f46-6f63-4895-ac3b-d3589172e150","local_time":"20180926074009","is_ascension_mode":true,"campfire_choices":[{"data":"Cloak And Dagger","floor":6,"key":"SMITH"},{"data":"Survivor","floor":8,"key":"SMITH"},{"floor":11,"key":"REST"},{"data":"Sucker Punch","floor":13,"key":"SMITH"},{"floor":15,"key":"REST"},{"data":"Terror","floor":23,"key":"SMITH"},{"data":"Blade Dance","floor":28,"key":"SMITH"},{"data":"Malaise","floor":32,"key":"SMITH"},{"data":"Footwork","floor":40,"key":"SMITH"},{"floor":42,"key":"REST"},{"floor":49,"key":"REST"}],"neow_cost":"NONE","seed_source_timestamp":93272526446891,"circlet_count":0,"master_deck":["Defend_G+1","Defend_G+1","Defend_G","Strike_G","Strike_G","Strike_G","Survivor+1","Neutralize","Backflip","Cloak And Dagger+1","Noxious Fumes","Sucker Punch+1","Leg Sweep","Malaise+1","Acrobatics+1","Well Laid Plans","Terror+1","Flying Knee","Deadly Poison","Backstab+1","Blade Dance+1","Poisoned Stab","Dodge and Roll+1","Outmaneuver","Corpse Explosion","All Out Attack+1","Leg Sweep+1","Prepared+1","Underhanded Strike","Footwork+1","Burst","Deflect+1","Accuracy","Outmaneuver+1","Slice+1","PiercingWail"],"relics":["Ring of the Snake","Bloody Idol","War Paint","Mummified Hand","Bag of Marbles","WristBlade","Vajra","Dodecahedron","Strawberry","Astrolabe","Nunchaku","Art of War","MawBank","Pocketwatch"],"potions_floor_usage":[16,18,24,33,33,41,41,41,50,50],"damage_taken":[{"damage":1,"enemies":"Jaw Worm","floor":1,"turns":6},{"damage":3,"enemies":"Small Slimes","floor":4,"turns":5},{"damage":1,"enemies":"2 Louse","floor":7,"turns":3},{"damage":34,"enemies":"Gremlin Nob","floor":10,"turns":6},{"damage":5,"enemies":"2 Fungi Beasts","floor":14,"turns":3},{"damage":46,"enemies":"Hexaghost","floor":16,"turns":15},{"damage":0,"enemies":"3 Byrds","floor":18,"turns":5},{"damage":6,"enemies":"Spheric Guardian","floor":22,"turns":5},{"damage":11,"enemies":"Book of Stabbing","floor":24,"turns":7},{"damage":0,"enemies":"Shelled Parasite and Fungi","floor":25,"turns":4},{"damage":0,"enemies":"Cultist and Chosen","floor":29,"turns":6},{"damage":0,"enemies":"Snecko","floor":30,"turns":4},{"damage":1,"enemies":"Snake Plant","floor":31,"turns":2},{"damage":49,"enemies":"Automaton","floor":33,"turns":11},{"damage":0,"enemies":"3 Shapes","floor":35,"turns":1},{"damage":6,"enemies":"Mysterious Sphere","floor":39,"turns":6},{"damage":67,"enemies":"Giant Head","floor":41,"turns":12},{"damage":0,"enemies":"3 Darklings","floor":44,"turns":5},{"damage":21,"enemies":"Reptomancer","floor":46,"turns":7},{"damage":36,"enemies":"Transient","floor":47,"turns":5},{"damage":52,"enemies":"Awakened One","floor":50,"turns":17}],"seed_played":"-5883283751448499718","potions_obtained":[{"floor":10,"key":"SteroidPotion"},{"floor":16,"key":"Explosive Potion"},{"floor":18,"key":"SneckoOil"},{"floor":30,"key":"Swift Potion"},{"floor":31,"key":"Block Potion"},{"floor":35,"key":"Swift Potion"},{"floor":41,"key":"Strength Potion"},{"floor":47,"key":"Ancient Potion"}],"is_trial":false,"path_per_floor":["M","?","?","M","?","R","M","R","T","E","R","T","R","M","R","B",null,"M","$","?","$","M","R","E","M","T","?","R","M","M","M","R","B",null,"M","?","?","$","?","R","E","R","T","M","$","M","M","T","R","B"],"character_chosen":"THE_SILENT","items_purchased":["Vajra","Well Laid Plans","Regen Potion","SpeedPotion","Terror","EssenceOfSteel","Dexterity Potion","Footwork","Burst"],"campfire_rested":4,"item_purchase_floors":[21,21,21,21,21,38,38,38,38],"current_hp_per_floor":[76,76,71,68,61,61,60,60,60,26,47,47,47,42,63,17,71,71,71,71,71,70,70,71,71,78,78,78,78,78,78,78,34,78,78,78,78,78,77,77,15,38,43,53,58,47,21,26,54,7],"gold":466,"neow_bonus":"TEN_PERCENT_HP_BONUS","is_prod":false,"is_daily":false,"chose_seed":false,"campfire_upgraded":7,"win_rate":0,"timestamp":1537962009,"path_taken":["M","?","?","M","?","R","M","R","T","E","R","?","R","?","R","BOSS","M","$","?","$","M","R","E","M","T","?","R","M","M","M","R","BOSS","M","?","?","$","?","R","E","R","T","?","$","M","M","?","R","BOSS"],"build_version":"2018-09-20","purchased_purges":0,"victory":true,"max_hp_per_floor":[77,77,71,71,71,71,71,71,71,71,71,71,71,71,71,71,71,71,71,71,71,71,71,71,71,78,78,78,78,78,78,78,78,78,78,78,78,78,78,78,78,78,78,78,78,78,78,78,78,78],"card_choices":[{"not_picked":["Quick Slash","Calculated Gamble"],"picked":"Backflip","floor":1},{"not_picked":["Backflip","Quick Slash"],"picked":"Cloak And Dagger","floor":4},{"not_picked":["Deflect","Catalyst"],"picked":"Noxious Fumes","floor":7},{"not_picked":["Quick Slash","Caltrops"],"picked":"Sucker Punch","floor":10},{"not_picked":["Crippling Poison","Dagger Spray"],"picked":"Leg Sweep","floor":14},{"not_picked":["Storm of Steel","Envenom"],"picked":"Malaise","floor":16},{"not_picked":["Quick Slash","Dagger Throw"],"picked":"Acrobatics+1","floor":18},{"not_picked":["Calculated Gamble+1","Bouncing Flask"],"picked":"Flying Knee","floor":22},{"not_picked":["Phantasmal Killer","Bane"],"picked":"Deadly Poison","floor":24},{"not_picked":["Infinite Blades","Reflex"],"picked":"Backstab+1","floor":25},{"not_picked":["Prepared","Escape Plan"],"picked":"Poisoned Stab","floor":29},{"not_picked":["Expertise","A Thousand Cuts"],"picked":"Dodge and Roll+1","floor":30},{"not_picked":["Flying Knee","Tactician"],"picked":"Outmaneuver","floor":31},{"not_picked":["Bullet Time","Burst"],"picked":"Corpse Explosion","floor":33},{"not_picked":["Acrobatics+1","Bane+1"],"picked":"Prepared+1","floor":35},{"not_picked":["Backflip","Acrobatics+1"],"picked":"Deflect+1","floor":39},{"not_picked":["Leg Sweep+1","Dagger Throw+1"],"picked":"Accuracy","floor":41},{"not_picked":["Tactician+1","Quick Slash+1"],"picked":"Outmaneuver+1","floor":44},{"not_picked":["Dagger Throw","Adrenaline"],"picked":"Slice+1","floor":46},{"not_picked":["All Out Attack","Dash+1"],"picked":"PiercingWail","floor":47}],"player_experience":80507,"relics_obtained":[{"floor":9,"key":"War Paint"},{"floor":10,"key":"Mummified Hand"},{"floor":12,"key":"Bag of Marbles"},{"floor":24,"key":"Dodecahedron"},{"floor":26,"key":"Strawberry"},{"floor":39,"key":"Nunchaku"},{"floor":41,"key":"Art of War"},{"floor":43,"key":"MawBank"},{"floor":48,"key":"Pocketwatch"}],"event_choices":[{"event_name":"Liars Game","player_choice":"agreed","floor":2,"damage_taken":0},{"event_name":"Golden Idol","player_choice":"Lose Max HP","floor":3,"damage_taken":0},{"event_name":"Golden Wing","player_choice":"Card Removal","floor":5,"damage_taken":0},{"event_name":"Forgotten Altar","player_choice":"Gave Idol","floor":20,"damage_taken":0},{"event_name":"The Library","player_choice":"Read","floor":27,"damage_taken":0},{"event_name":"Transmorgrifier","player_choice":"Transform","floor":36,"damage_taken":0},{"event_name":"Falling","player_choice":"Removed Skill","floor":37,"damage_taken":0},{"event_name":"Mysterious Sphere","player_choice":"Fight","floor":39,"damage_taken":0}],"is_beta":false,"boss_relics":[{"not_picked":["Runic Dome","Velvet Choker"],"picked":"WristBlade"},{"not_picked":["Coffee Dripper","Philosopher\u0027s Stone"],"picked":"Astrolabe"}],"items_purged_floors":[],"is_endless":false,"potions_floor_spawned":[10,16,18,30,31,35,41,47],"ascension_level":1}