{"gold_per_floor":[115,126,126,26,41,76,76,76,76,90,90,121,121,144,156,168],"floor_reached":16,"playtime":877,"items_purged":["Strike_G"],"score":189,"play_id":"34bcb9e0-9df9-455d-8761-ab4e12c6c31c","local_time":"20190504222624","is_ascension_mode":true,"campfire_choices":[{"data":"Survivor","floor":7,"key":"SMITH"},{"floor":11,"key":"REST"},{"floor":13,"key":"REST"},{"data":"Flying Knee","floor":15,"key":"SMITH"}],"neow_cost":"NONE","seed_source_timestamp":16171550547390,"circlet_count":0,"master_deck":["AscendersBane","Defend_G","Defend_G","Defend_G","Defend_G","Defend_G","Strike_G","Strike_G","Strike_G","Survivor+1","Neutralize+1","Flying Knee+1","Cloak And Dagger+1","Dagger Throw","PiercingWail","Tactician","Caltrops"],"relics":["Ring of the Snake","Incense Burner","Turnip","Strawberry","MawBank"],"potions_floor_usage":[6],"damage_taken":[{"damage":0,"enemies":"Small Slimes","floor":1,"turns":5},{"damage":0,"enemies":"2 Louse","floor":2,"turns":4},{"damage":0,"enemies":"Jaw Worm","floor":5,"turns":3},{"damage":35,"enemies":"Gremlin Nob","floor":6,"turns":5},{"damage":0,"enemies":"Looter","floor":10,"turns":3},{"damage":29,"enemies":"Lagavulin","floor":12,"turns":10},{"damage":39,"enemies":"Hexaghost","floor":16,"turns":15}],"seed_played":"-249751451265628194","potions_obtained":[{"floor":5,"key":"GamblersBrew"}],"is_trial":false,"path_per_floor":["M","M","?","$","M","E","R","?","T","M","R","E","R","T","R","B"],"character_chosen":"THE_SILENT","items_purchased":["Dagger Throw"],"campfire_rested":2,"item_purchase_floors":[4],"current_hp_per_floor":[59,59,59,59,59,24,24,17,17,17,36,14,35,35,35,0],"gold":168,"neow_bonus":"UPGRADE_CARD","is_prod":false,"is_daily":false,"chose_seed":false,"campfire_upgraded":2,"win_rate":0,"timestamp":1557023184,"path_taken":["M","M","?","$","M","E","R","?","T","M","R","E","R","?","R","BOSS"],"build_version":"2019-01-23","purchased_purges":1,"victory":false,"max_hp_per_floor":[66,66,66,66,66,66,66,66,66,66,66,73,73,73,73,73],"card_choices":[{"not_picked":["Riddle With Holes","Sucker Punch"],"picked":"Flying Knee","floor":1},{"not_picked":["Skewer","Sucker Punch"],"picked":"Cloak And Dagger","floor":2},{"not_picked":["Setup","Dodge and Roll"],"picked":"PiercingWail","floor":5},{"not_picked":["Quick Slash","Distraction","Heel Hook"],"picked":"SKIP","floor":6},{"not_picked":["Quick Slash","Bane"],"picked":"Tactician","floor":10},{"not_picked":["Corpse Explosion","PiercingWail"],"picked":"Caltrops","floor":12}],"player_experience":317914,"relics_obtained":[{"floor":6,"key":"Incense Burner"},{"floor":9,"key":"Turnip"},{"floor":12,"key":"Strawberry"},{"floor":14,"key":"MawBank"}],"event_choices":[{"damage_healed":0,"gold_gain":0,"player_choice":"Grow","damage_taken":0,"max_hp_gain":0,"max_hp_loss":0,"event_name":"Living Wall","floor":3,"gold_loss":0,"cards_upgraded":["Cloak And Dagger"]},{"cards_removed":["Strike_G"],"damage_healed":0,"gold_gain":0,"player_choice":"Card Removal","damage_taken":7,"max_hp_gain":0,"max_hp_loss":0,"event_name":"Golden Wing","floor":8,"gold_loss":0}],"is_beta":false,"boss_relics":[],"items_purged_floors":[4],"is_endless":false,"potions_floor_spawned":[5],"killed_by":"Hexaghost","ascension_level":15}