{"gold_per_floor":[216,216,236,79,95,120,136,136,183,358,371,371,385,411,411,514,514,514,171,96,96,96,96,96,96,96,96,96,96,96,96,96,96],"floor_reached":33,"playtime":2878,"items_purged":["Strike_G","Doubt"],"score":469,"play_id":"d7fc8abc-0612-4ae9-b717-c1e3af6d5b53","local_time":"20190430170829","is_ascension_mode":true,"campfire_choices":[{"floor":8,"key":"REST"},{"data":"Neutralize","floor":12,"key":"SMITH"},{"floor":15,"key":"REST"},{"data":"PiercingWail","floor":23,"key":"SMITH"},{"floor":25,"key":"REST"},{"floor":29,"key":"REST"},{"floor":32,"key":"REST"}],"neow_cost":"NONE","seed_source_timestamp":4850888053344012,"circlet_count":0,"master_deck":["Defend_G","Defend_G","Defend_G","Defend_G","Strike_G","Strike_G","Strike_G","Strike_G","Survivor","Neutralize+1","PiercingWail","Deadly Poison","Caltrops","Backflip","Deadly Poison","Dodge and Roll","Malaise","PiercingWail+1","Prepared+1","Catalyst"],"relics":["Ring of the Snake","Pear","Art of War","Bronze Scales","Singing Bowl","Ectoplasm","Matryoshka","Nunchaku","Blood Vial","Bottled Tornado","Letter Opener","Oddly Smooth Stone"],"potions_floor_usage":[14,16,24,27,30],"damage_taken":[{"damage":1,"enemies":"2 Louse","floor":1,"turns":3},{"damage":0,"enemies":"Cultist","floor":3,"turns":4},{"damage":0,"enemies":"Small Slimes","floor":5,"turns":4},{"damage":45,"enemies":"3 Sentries","floor":6,"turns":13},{"damage":9,"enemies":"Looter","floor":7,"turns":4},{"damage":2,"enemies":"2 Fungi Beasts","floor":11,"turns":5},{"damage":12,"enemies":"3 Louse","floor":13,"turns":4},{"damage":11,"enemies":"Lagavulin","floor":14,"turns":8},{"damage":3,"enemies":"Hexaghost","floor":16,"turns":9},{"damage":12,"enemies":"Chosen","floor":18,"turns":5},{"damage":0,"enemies":"3 Byrds","floor":21,"turns":2},{"damage":0,"enemies":"Snake Plant","floor":22,"turns":4},{"damage":54,"enemies":"Gremlin Leader","floor":24,"turns":7},{"damage":6,"enemies":"Book of Stabbing","floor":27,"turns":7},{"damage":28,"enemies":"Centurion and Healer","floor":28,"turns":9},{"damage":17,"enemies":"Slavers","floor":30,"turns":6},{"damage":14,"enemies":"3 Cultists","floor":31,"turns":5},{"damage":45,"enemies":"Collector","floor":33,"turns":7}],"seed_played":"-7909015507318918525","potions_obtained":[{"floor":1,"key":"EssenceOfSteel"},{"floor":5,"key":"EssenceOfSteel"},{"floor":14,"key":"EssenceOfSteel"},{"floor":21,"key":"FearPotion"},{"floor":24,"key":"Block Potion"},{"floor":28,"key":"Weak Potion"}],"is_trial":false,"path_per_floor":["M","?","M","$","M","E","M","R","T","?","M","R","M","E","R","B",null,"M","$","?","M","M","R","E","R","T","E","M","R","E","M","R","B"],"character_chosen":"THE_SILENT","items_purchased":["Caltrops","Matryoshka"],"campfire_rested":5,"item_purchase_floors":[4,19],"current_hp_per_floor":[62,72,72,72,72,27,18,42,42,42,40,40,28,19,43,40,72,60,60,60,62,64,64,10,35,35,33,9,36,21,11,38,0],"gold":96,"neow_bonus":"HUNDRED_GOLD","is_prod":false,"is_daily":false,"chose_seed":false,"campfire_upgraded":2,"win_rate":0,"timestamp":1556658509,"path_taken":["M","?","M","$","?","E","M","R","T","?","M","R","M","E","R","BOSS","M","$","?","M","M","R","E","R","T","E","M","R","E","M","R","BOSS"],"build_version":"2019-01-23","purchased_purges":2,"victory":false,"max_hp_per_floor":[70,80,80,80,80,80,80,80,80,80,80,80,80,82,82,82,82,82,82,82,84,86,86,86,86,86,88,90,90,90,92,92,92],"card_choices":[{"not_picked":["Flying Knee","Dodge and Roll"],"picked":"PiercingWail","floor":1},{"not_picked":["Dagger Spray","Finisher"],"picked":"Deadly Poison","floor":3},{"not_picked":["Blade Dance","Choke","Outmaneuver"],"picked":"SKIP","floor":5},{"not_picked":["Masterful Stab","Phantasmal Killer","Flying Knee"],"picked":"SKIP","floor":6},{"not_picked":["Tactician","Dagger Spray"],"picked":"Backflip","floor":7},{"not_picked":["Distraction","Skewer"],"picked":"Deadly Poison","floor":11},{"not_picked":["Deadly Poison","Quick Slash"],"picked":"Dodge and Roll","floor":13},{"not_picked":["Prepared","Calculated Gamble","Distraction"],"picked":"Singing Bowl","floor":14},{"not_picked":["Burst","Phantasmal Killer"],"picked":"Malaise","floor":16},{"not_picked":["Flying Knee","Outmaneuver+1"],"picked":"PiercingWail","floor":18},{"not_picked":["Blade Dance+1","Accuracy","Prepared"],"picked":"Singing Bowl","floor":21},{"not_picked":["Quick Slash","Infinite Blades","Finisher"],"picked":"Singing Bowl","floor":22},{"not_picked":["Wraith Form v2","Tactician"],"picked":"Prepared+1","floor":24},{"not_picked":["All Out Attack+1","Quick Slash","Predator"],"picked":"Singing Bowl","floor":27},{"not_picked":["Underhanded Strike","Sucker Punch","Backflip"],"picked":"Singing Bowl","floor":28},{"not_picked":["Skewer+1","Flechettes"],"picked":"Catalyst","floor":30},{"not_picked":["Dagger Spray+1","Prepared+1","Bane"],"picked":"Singing Bowl","floor":31}],"player_experience":212914,"relics_obtained":[{"floor":6,"key":"Art of War"},{"floor":9,"key":"Bronze Scales"},{"floor":14,"key":"Singing Bowl"},{"floor":24,"key":"Nunchaku"},{"floor":26,"key":"Blood Vial"},{"floor":26,"key":"Bottled Tornado"},{"floor":27,"key":"Letter Opener"},{"floor":30,"key":"Oddly Smooth Stone"}],"event_choices":[{"damage_healed":0,"gold_gain":0,"player_choice":"Gave Potion","damage_taken":0,"relics_obtained":["Pear"],"max_hp_gain":0,"max_hp_loss":0,"event_name":"WeMeetAgain","floor":2,"gold_loss":0},{"damage_healed":0,"gold_gain":175,"player_choice":"AGREE","damage_taken":0,"max_hp_gain":0,"max_hp_loss":0,"event_name":"Liars Game","floor":10,"gold_loss":0,"cards_obtained":["Doubt"]},{"cards_removed":["Defend_G"],"damage_healed":0,"gold_gain":0,"player_choice":"Gave Gold","damage_taken":0,"max_hp_gain":0,"max_hp_loss":0,"event_name":"Beggar","floor":20,"gold_loss":75}],"is_beta":false,"boss_relics":[{"not_picked":["HoveringKite","White Beast Statue"],"picked":"Ectoplasm"}],"items_purged_floors":[4,19],"is_endless":false,"potions_floor_spawned":[1,5,14,21,24,28],"killed_by":"Collector","ascension_level":8}