{"gold_per_floor":[109,127,48,67,78,78,107,126,174,174,192,192,208,223,223,320,320,330,356,374,394,394],"floor_reached":22,"playtime":1412,"items_purged":[],"score":240,"play_id":"9400cb4c-54b7-4a9a-be8d-f5ce67170152","local_time":"20181120005951","is_ascension_mode":true,"campfire_choices":[{"data":"Clothesline","floor":6,"key":"SMITH"},{"data":"Demon Form","floor":10,"key":"SMITH"},{"floor":15,"key":"REST"}],"neow_cost":"NONE","seed_source_timestamp":297186794516938,"circlet_count":0,"master_deck":["Strike_R","Strike_R","Strike_R","Strike_R","Strike_R","Defend_R","Defend_R","Defend_R","Defend_R","Bash","Armaments","Carnage","Inflame","Ghostly Armor","Clothesline+1","Demon Form+1","Anger","Anger","True Grit","Perfected Strike","Barricade","Heavy Blade+1","Corruption+1","Entrench"],"relics":["Burning Blood","Self Forming Clay","Matryoshka","Mark of Pain","Red Mask"],"potions_floor_usage":[7,16,16,19,21],"damage_taken":[{"damage":5,"enemies":"Small Slimes","floor":1,"turns":3},{"damage":14,"enemies":"Jaw Worm","floor":2,"turns":3},{"damage":1,"enemies":"Cultist","floor":4,"turns":3},{"damage":7,"enemies":"3 Louse","floor":5,"turns":4},{"damage":40,"enemies":"Gremlin Nob","floor":7,"turns":5},{"damage":8,"enemies":"2 Fungi Beasts","floor":8,"turns":4},{"damage":0,"enemies":"Exordium Wildlife","floor":11,"turns":3},{"damage":3,"enemies":"Blue Slaver","floor":13,"turns":3},{"damage":21,"enemies":"Exordium Thugs","floor":14,"turns":5},{"damage":23,"enemies":"The Guardian","floor":16,"turns":8},{"damage":17,"enemies":"2 Thieves","floor":18,"turns":4},{"damage":47,"enemies":"Masked Bandits","floor":19,"turns":4},{"damage":8,"enemies":"Chosen","floor":20,"turns":4},{"damage":13,"enemies":"Snecko","floor":21,"turns":6},{"damage":21,"enemies":"Chosen and Byrds","floor":22,"turns":4}],"seed_played":"-1561457582153135723","potions_obtained":[{"floor":5,"key":"PowerPotion"},{"floor":11,"key":"PowerPotion"},{"floor":13,"key":"EssenceOfSteel"},{"floor":14,"key":"Poison Potion"},{"floor":18,"key":"SpeedPotion"}],"is_trial":false,"path_per_floor":["M","M","$","M","M","R","E","M","T","R","M","?","M","M","R","B",null,"M","?","M","M","M"],"character_chosen":"IRONCLAD","items_purchased":["Inflame"],"campfire_rested":1,"item_purchase_floors":[3],"current_hp_per_floor":[88,80,80,85,84,84,50,48,48,48,54,29,32,17,43,26,73,62,21,19,12,0],"gold":394,"neow_bonus":"TEN_PERCENT_HP_BONUS","is_prod":false,"is_daily":false,"chose_seed":false,"campfire_upgraded":2,"win_rate":0,"timestamp":1542693591,"path_taken":["M","M","$","M","M","R","E","M","T","R","M","?","M","M","R","BOSS","M","?","M","M","M"],"build_version":"2018-11-15","purchased_purges":0,"victory":false,"max_hp_per_floor":[88,88,88,88,88,88,88,88,88,88,88,88,88,88,88,88,88,88,88,88,88,88],"card_choices":[{"not_picked":["Clash","Cleave"],"picked":"Armaments","floor":1},{"not_picked":["Headbutt","Combust"],"picked":"Carnage","floor":2},{"not_picked":["Anger","Clash"],"picked":"Ghostly Armor","floor":4},{"not_picked":["Shrug It Off","Armaments"],"picked":"Clothesline","floor":5},{"not_picked":["Hemokinesis","Clash"],"picked":"Demon Form","floor":7},{"not_picked":["Dual Wield","Rampage"],"picked":"Anger","floor":8},{"not_picked":["Body Slam","Clash"],"picked":"Anger","floor":11},{"not_picked":["Flex","Uppercut"],"picked":"True Grit","floor":13},{"not_picked":["Battle Trance","Searing Blow"],"picked":"Perfected Strike","floor":14},{"not_picked":["Demon Form","Impervious"],"picked":"Barricade","floor":16},{"not_picked":["Cleave","Reckless Charge"],"picked":"Heavy Blade+1","floor":18},{"not_picked":["Pummel","Body Slam"],"picked":"Corruption+1","floor":19},{"not_picked":["Clash","Rupture","Body Slam"],"picked":"SKIP","floor":20},{"not_picked":["Clash","Pommel Strike+1"],"picked":"Entrench","floor":21}],"player_experience":175033,"relics_obtained":[{"floor":7,"key":"Self Forming Clay"},{"floor":19,"key":"Red Mask"}],"event_choices":[{"damage_healed":0,"gold_gain":0,"player_choice":"Success","damage_taken":25,"relics_obtained":["Matryoshka"],"max_hp_gain":0,"max_hp_loss":0,"event_name":"Scrap Ooze","floor":12,"gold_loss":0},{"damage_healed":0,"gold_gain":0,"player_choice":"Fought Bandits","damage_taken":0,"max_hp_gain":0,"max_hp_loss":0,"event_name":"Masked Bandits","floor":19,"gold_loss":0}],"is_beta":false,"boss_relics":[{"not_picked":["Cursed Key","White Beast Statue"],"picked":"Mark of Pain"}],"items_purged_floors":[],"is_endless":false,"potions_floor_spawned":[5,11,13,14,18],"killed_by":"Chosen and Byrds","ascension_level":5}