{"gold_per_floor":[111,111,126,126,143,175,105,105,153,153],"floor_reached":10,"playtime":736,"items_purged":[],"score":99,"play_id":"72997f9c-fdcf-4265-aaf4-8db87494b590","local_time":"20190502192717","is_ascension_mode":true,"campfire_choices":[],"neow_cost":"NONE","seed_source_timestamp":5034174792247890,"circlet_count":0,"master_deck":["AscendersBane","Defend_G","Defend_G","Defend_G","Defend_G","Strike_G","Strike_G","Strike_G","Strike_G","Strike_G","Survivor","Neutralize","Backflip","Malaise","Deadly Poison","Noxious Fumes"],"relics":["Ring of the Snake","NeowsBlessing","Regal Pillow","Art of War","Snake Skull"],"potions_floor_usage":[6],"damage_taken":[{"damage":0,"enemies":"Small Slimes","floor":1,"turns":1},{"damage":0,"enemies":"Cultist","floor":3,"turns":1},{"damage":0,"enemies":"Jaw Worm","floor":5,"turns":1},{"damage":47,"enemies":"3 Sentries","floor":6,"turns":15},{"damage":0,"enemies":"3 Louse","floor":10,"turns":1}],"seed_played":"-5775396678646262958","potions_obtained":[{"floor":1,"key":"FearPotion"},{"floor":5,"key":"SkillPotion"}],"is_trial":false,"path_per_floor":["M","?","M","?","M","E","$","?","T","M"],"character_chosen":"THE_SILENT","items_purchased":["Noxious Fumes"],"campfire_rested":0,"item_purchase_floors":[7],"current_hp_per_floor":[63,63,63,56,56,9,9,2,2,2],"gold":153,"neow_bonus":"THREE_ENEMY_KILL","is_prod":false,"is_daily":false,"chose_seed":false,"campfire_upgraded":0,"win_rate":0,"timestamp":1556839637,"path_taken":["M","?","?","?","M","E","$","?","T","?"],"build_version":"2019-01-23","purchased_purges":0,"victory":false,"max_hp_per_floor":[70,70,70,70,70,70,70,70,70,70],"card_choices":[{"not_picked":["Masterful Stab","Dagger Spray","Deflect"],"picked":"SKIP","floor":1},{"not_picked":["All Out Attack","Dagger Throw"],"picked":"Backflip","floor":3},{"not_picked":["Flying Knee","Finisher"],"picked":"Malaise","floor":5},{"not_picked":["Terror","Underhanded Strike"],"picked":"Deadly Poison","floor":6}],"player_experience":243011,"relics_obtained":[{"floor":6,"key":"Art of War"},{"floor":9,"key":"Snake Skull"}],"event_choices":[{"damage_healed":0,"gold_gain":0,"player_choice":"Gave Potion","damage_taken":0,"relics_obtained":["Regal Pillow"],"max_hp_gain":0,"max_hp_loss":0,"event_name":"WeMeetAgain","floor":2,"gold_loss":0},{"cards_removed":["Defend_G"],"damage_healed":0,"gold_gain":0,"player_choice":"Card Removal","damage_taken":7,"max_hp_gain":0,"max_hp_loss":0,"event_name":"Golden Wing","floor":4,"gold_loss":0},{"damage_healed":0,"gold_gain":0,"player_choice":"Damaged","damage_taken":7,"max_hp_gain":0,"max_hp_loss":0,"event_name":"Wheel of Change","floor":8,"gold_loss":0}],"is_beta":false,"boss_relics":[],"items_purged_floors":[],"is_endless":false,"potions_floor_spawned":[1,5],"killed_by":"3 Louse","ascension_level":10}