{"gold_per_floor":[116,291,291,304,269,300,300,310,310,14,33,33,50,60,60,161,161,176,208,222,1,1,1,1,1,49,69,86,86,46,46,46,148,148,164,24,24,246,265,265,280,292,319,12,12,12,30,41,41,41],"floor_reached":50,"playtime":3643,"items_purged":[],"score":492,"play_id":"4ebbdcb7-b28c-4590-9bbd-cebfc818428f","local_time":"20180715210950","is_ascension_mode":false,"campfire_choices":[{"data":"Sweeping Beam","floor":7,"key":"SMITH"},{"data":"Glacier","floor":15,"key":"SMITH"},{"floor":23,"key":"REST"},{"floor":29,"key":"REST"},{"data":"Defragment","floor":32,"key":"SMITH"},{"floor":40,"key":"REST"},{"data":"Tempest","floor":45,"key":"SMITH"},{"floor":49,"key":"REST"}],"neow_cost":"NONE","seed_source_timestamp":395842413864301,"circlet_count":0,"master_deck":["Strike_B","Strike_B","Strike_B","Strike_B","Defend_B+1","Defend_B","Defend_B","Defend_B+1","Zap+1","Dualcast","BootSequence","Sweeping Beam+1","Fusion","Gash","Cold Snap+1","Glacier+1","Gash+1","Tempest+1","Thunder Strike+1","Hologram","Blizzard+1","Coolheaded","Melter+1","Hologram","Defragment+1","Stack","Scrape+1","Heatsinks","Rip and Tear+1","Biased Cognition","Go for the Eyes+1","Streamline+1","Finesse","Go for the Eyes+1","Melter+1","Fusion+1","Ball Lightning+1","Finesse","Lockon+1","Stack","Coolheaded","White Noise+1","Blizzard+1"],"relics":["Cracked Core","War Paint","Mercury Hourglass","Molten Egg 2","Busted Crown","Red Mask","Enchiridion","Boot","Inserter","Anchor"],"potions_floor_usage":[16,39,42,48,48],"damage_taken":[{"damage":3,"enemies":"Small Slimes","floor":1,"turns":4},{"damage":7,"enemies":"2 Louse","floor":4,"turns":4},{"damage":14,"enemies":"3 Sentries","floor":6,"turns":6},{"damage":0,"enemies":"Cultist","floor":8,"turns":2},{"damage":0,"enemies":"2 Fungi Beasts","floor":11,"turns":2},{"damage":0,"enemies":"Large Slime","floor":13,"turns":4},{"damage":0,"enemies":"Blue Slaver","floor":14,"turns":2},{"damage":32,"enemies":"The Guardian","floor":16,"turns":10},{"damage":5,"enemies":"Spheric Guardian","floor":18,"turns":4},{"damage":0,"floor":19,"turns":2},{"damage":0,"enemies":"Chosen","floor":20,"turns":3},{"damage":0,"enemies":"Snecko","floor":27,"turns":4},{"damage":5,"enemies":"Snake Plant","floor":28,"turns":2},{"damage":38,"enemies":"Champ","floor":33,"turns":10},{"damage":9,"enemies":"3 Shapes","floor":35,"turns":4},{"damage":16,"enemies":"Flame Bruiser 1 Orb","floor":39,"turns":5},{"damage":2,"enemies":"Transient","floor":41,"turns":5},{"damage":0,"enemies":"Sphere and 2 Shapes","floor":42,"turns":2},{"damage":11,"enemies":"Maw","floor":47,"turns":7},{"damage":26,"enemies":"Spire Growth","floor":48,"turns":5},{"damage":85,"enemies":"Donu and Deca","floor":50,"turns":7}],"seed_played":"265247742673176093","potions_obtained":[{"floor":6,"key":"Dexterity Potion"},{"floor":11,"key":"Block Potion"},{"floor":14,"key":"Fire Potion"},{"floor":18,"key":"SteroidPotion"},{"floor":20,"key":"EssenceOfSteel"},{"floor":37,"key":"Regen Potion"},{"floor":37,"key":"Regen Potion"},{"floor":37,"key":"Explosive Potion"},{"floor":39,"key":"Explosive Potion"},{"floor":41,"key":"Explosive Potion"}],"is_trial":false,"path_per_floor":["M","?","?","M","?","E","R","M","T","$","M","$","M","M","R","B",null,"M","?","M","$","?","R","?","?","T","M","M","R","$","?","R","B",null,"M","$","?","?","M","R","M","M","T","$","R","$","M","M","R"],"character_chosen":"DEFECT","items_purchased":["Molten Egg 2","Cold Snap+1","Melter+1","Hologram","Defragment","Stack","Rip and Tear+1","Streamline+1","Finesse","Ball Lightning+1","Finesse","Lockon+1","Stack","Coolheaded"],"campfire_rested":4,"item_purchase_floors":[10,10,21,21,21,21,30,36,36,44,44,44,44,44],"current_hp_per_floor":[72,72,72,65,75,61,61,61,61,61,61,61,61,61,61,29,75,70,70,70,70,56,80,64,64,64,64,59,80,80,80,80,42,80,71,71,71,71,55,79,77,77,77,77,77,77,66,45,69,0],"gold":41,"neow_bonus":"UPGRADE_CARD","is_prod":false,"is_daily":false,"chose_seed":false,"campfire_upgraded":4,"win_rate":0,"timestamp":1531703390,"path_taken":["M","?","?","M","?","E","R","?","T","$","?","?","M","M","R","BOSS","M","?","M","$","?","R","?","?","T","M","M","R","?","?","R","BOSS","M","$","?","?","M","R","M","M","T","$","R","?","M","M","R","BOSS"],"build_version":"2018-07-12","purchased_purges":0,"victory":false,"max_hp_per_floor":[75,75,75,75,75,75,75,75,75,75,75,75,75,75,75,75,75,75,75,75,75,80,80,80,80,80,80,80,80,80,80,80,80,80,80,80,80,80,80,80,80,80,80,80,80,80,80,80,80,80],"card_choices":[{"not_picked":["Go for the Eyes","Streamline"],"picked":"BootSequence","floor":1},{"not_picked":["Hologram","Rebound"],"picked":"Sweeping Beam","floor":4},{"not_picked":["Skim","Aggregate"],"picked":"Fusion","floor":6},{"not_picked":["Fusion","Aggregate"],"picked":"Gash","floor":8},{"not_picked":["Conserve Battery","Capacitor"],"picked":"Glacier","floor":11},{"not_picked":["Turbo","Cold Snap+1"],"picked":"Gash+1","floor":13},{"not_picked":["Steam Power","Cold Snap+1"],"picked":"Tempest","floor":14},{"not_picked":["Meteor Strike+1","Amplify"],"picked":"Thunder Strike+1","floor":16},{"not_picked":[],"picked":"Hologram","floor":18},{"not_picked":[],"picked":"Blizzard+1","floor":19},{"not_picked":[],"picked":"Coolheaded","floor":20},{"not_picked":[],"picked":"Scrape+1","floor":27},{"not_picked":[],"picked":"Heatsinks","floor":28},{"not_picked":[],"picked":"Biased Cognition","floor":33},{"not_picked":[],"picked":"Go for the Eyes+1","floor":35},{"not_picked":[],"picked":"Go for the Eyes+1","floor":39},{"not_picked":[],"picked":"Melter+1","floor":41},{"not_picked":[],"picked":"Fusion+1","floor":42},{"not_picked":[],"picked":"White Noise+1","floor":47},{"not_picked":[],"picked":"Blizzard+1","floor":48}],"player_experience":37875,"relics_obtained":[{"floor":6,"key":"War Paint"},{"floor":9,"key":"Mercury Hourglass"},{"floor":19,"key":"Red Mask"},{"floor":24,"key":"Enchiridion"},{"floor":26,"key":"Boot"},{"floor":43,"key":"Anchor"}],"event_choices":[{"event_name":"Liars Game","player_choice":"agreed","floor":2,"damage_taken":0},{"event_name":"Fountain of Cleansing","player_choice":"Removed Curse","floor":3,"damage_taken":0},{"event_name":"The Cleric","player_choice":"Healed","floor":5,"damage_taken":0},{"event_name":"Masked Bandits","player_choice":"Fought over 176 gold","floor":19,"damage_taken":0},{"event_name":"Forgotten Altar","player_choice":"Shed Blood","floor":22,"damage_taken":0},{"event_name":"Cursed Tome","player_choice":"Obtained Book","floor":24,"damage_taken":0},{"event_name":"Beggar","player_choice":"Ignored","floor":25,"damage_taken":0},{"event_name":"Addict","player_choice":"Ignored","floor":31,"damage_taken":0},{"event_name":"The Lab","player_choice":"Got Potions","floor":37,"damage_taken":0},{"event_name":"Tomb of Lord Red Mask","player_choice":"Wore Mask","floor":38,"damage_taken":0}],"boss_relics":[{"not_picked":["Orrery","Runic Pyramid"],"picked":"Busted Crown"},{"not_picked":["Sozu","Runic Dome"],"picked":"Inserter"}],"items_purged_floors":[],"is_endless":false,"potions_floor_spawned":[6,11,14,18,20,27,33,39,41],"killed_by":"Donu and Deca","ascension_level":0}