{"gold_per_floor":[112,125,125,138,149,149,99,99,99,99,114,132,23,51,51,148,148,166,166,186,186,204,238,238,273,273,285,19,19,19,31,31,128,128,140,14,14,29,49,84,84,84,84,84,118,118,145,145,145,145],"floor_reached":51,"playtime":4517,"items_purged":["Defend_G"],"score":1048,"play_id":"552d4460-dd5f-45ab-9dd7-8b647ecae87a","local_time":"20190502175117","is_ascension_mode":true,"campfire_choices":[{"data":"Cloak And Dagger","floor":6,"key":"SMITH"},{"floor":8,"key":"REST"},{"data":"PiercingWail","floor":10,"key":"SMITH"},{"data":"A Thousand Cuts","floor":15,"key":"SMITH"},{"floor":24,"key":"REST"},{"data":"Apotheosis","floor":29,"key":"SMITH"},{"data":"Adrenaline","floor":32,"key":"SMITH"},{"data":"Footwork","floor":41,"key":"SMITH"},{"data":"Infinite Blades","floor":44,"key":"SMITH"},{"floor":49,"key":"REST"}],"neow_cost":"NONE","seed_source_timestamp":5024613491499070,"circlet_count":0,"master_deck":["Defend_G","Defend_G","Defend_G","Defend_G","Strike_G","Strike_G","Strike_G","Strike_G","Survivor","Neutralize+1","Backflip","Cloak And Dagger+1","PiercingWail+1","A Thousand Cuts+1","Accuracy","Dash","Adrenaline+1","Blade Dance","Noxious Fumes","Slice+1","Infinite Blades+1","Apotheosis+1","Corpse Explosion","Sucker Punch+1","Footwork+1","Cloak And Dagger","Footwork+1","Deflect+1","Quick Slash+1","Acrobatics+1"],"relics":["Ring of the Snake","WarpedTongs","Letter Opener","Happy Flower","Eternal Feather","Torii","Ginger","Bottled Lightning","Meat on the Bone","Busted Crown","Juzu Bracelet","Ice Cream","Toxic Egg 2","Question Card"],"potions_floor_usage":[16,16,23,33,33,39,40,45,47,50,50,50],"damage_taken":[{"damage":6,"enemies":"Cultist","floor":1,"turns":5},{"damage":0,"enemies":"Jaw Worm","floor":2,"turns":5},{"damage":6,"enemies":"2 Louse","floor":4,"turns":4},{"damage":5,"enemies":"Exordium Wildlife","floor":5,"turns":6},{"damage":0,"enemies":"3 Louse","floor":11,"turns":3},{"damage":2,"enemies":"Large Slime","floor":12,"turns":7},{"damage":17,"enemies":"Lagavulin","floor":14,"turns":7},{"damage":11,"enemies":"The Guardian","floor":16,"turns":12},{"damage":13,"enemies":"2 Thieves","floor":18,"turns":5},{"damage":0,"enemies":"Shell Parasite","floor":20,"turns":4},{"damage":9,"enemies":"Centurion and Healer","floor":22,"turns":6},{"damage":22,"enemies":"Gremlin Leader","floor":23,"turns":6},{"damage":29,"enemies":"Book of Stabbing","floor":25,"turns":9},{"damage":1,"enemies":"Cultist and Chosen","floor":27,"turns":6},{"damage":9,"enemies":"Colosseum Slavers","floor":30,"turns":5},{"damage":12,"enemies":"Snake Plant","floor":31,"turns":4},{"damage":15,"enemies":"Collector","floor":33,"turns":9},{"damage":1,"enemies":"3 Shapes","floor":35,"turns":4},{"damage":11,"enemies":"Orb Walker","floor":38,"turns":4},{"damage":38,"enemies":"3 Darklings","floor":39,"turns":3},{"damage":1,"enemies":"Nemesis","floor":40,"turns":7},{"damage":33,"enemies":"Reptomancer","floor":45,"turns":7},{"damage":2,"enemies":"Giant Head","floor":47,"turns":8},{"damage":28,"enemies":"Awakened One","floor":50,"turns":16}],"seed_played":"9027402214468445801","potions_obtained":[{"floor":1,"key":"LiquidBronze"},{"floor":11,"key":"SpeedPotion"},{"floor":22,"key":"Block Potion"},{"floor":23,"key":"SteroidPotion"},{"floor":25,"key":"GhostInAJar"},{"floor":31,"key":"AttackPotion"},{"floor":35,"key":"EssenceOfSteel"},{"floor":38,"key":"GamblersBrew"},{"floor":39,"key":"Swift Potion"},{"floor":47,"key":"Block Potion"},{"floor":48,"key":"LiquidBronze"},{"floor":48,"key":"Weak Potion"}],"is_trial":false,"path_per_floor":["M","M","?","M","M","R","?","R","T","R","M","M","$","E","R","B",null,"M","?","M","?","M","E","R","E","T","M","$","R","?","M","R","B",null,"M","$","?","M","M","E","R","?","T","R","E","?","E","?","R","B",null],"character_chosen":"THE_SILENT","items_purchased":["Accuracy","Dash","Apotheosis","Footwork","Cloak And Dagger"],"campfire_rested":3,"item_purchase_floors":[13,13,28,36,36],"current_hp_per_floor":[57,57,57,51,46,46,46,67,67,67,67,65,65,48,48,37,62,49,49,49,49,40,18,51,22,22,33,33,45,36,36,48,45,64,63,63,63,52,26,37,52,52,52,66,45,45,43,43,66,38],"gold":145,"neow_bonus":"UPGRADE_CARD","is_prod":false,"is_daily":false,"chose_seed":false,"campfire_upgraded":7,"win_rate":0,"timestamp":1556833877,"path_taken":["M","M","?","M","?","R","?","R","T","R","M","M","$","E","R","BOSS","M","?","M","?","?","E","R","E","T","M","$","R","?","M","R","BOSS","M","$","?","M","M","E","R","?","T","R","E","?","E","?","R","BOSS"],"build_version":"2019-01-23","purchased_purges":1,"victory":true,"max_hp_per_floor":[70,70,70,70,70,70,70,70,70,70,70,70,70,70,70,70,70,70,70,70,70,70,70,70,70,70,70,70,70,70,70,70,70,70,70,70,70,70,70,70,70,66,66,66,66,66,66,66,66,66],"card_choices":[{"not_picked":["Calculated Gamble","Deadly Poison"],"picked":"Backflip","floor":1},{"not_picked":["Flying Knee","Deadly Poison"],"picked":"Cloak And Dagger","floor":2},{"not_picked":["Masterful Stab","Backflip","Outmaneuver"],"picked":"SKIP","floor":4},{"not_picked":["Skewer","All Out Attack"],"picked":"PiercingWail","floor":5},{"not_picked":["Quick Slash","Flying Knee","Blade Dance"],"picked":"SKIP","floor":11},{"not_picked":["Sucker Punch","All Out Attack"],"picked":"A Thousand Cuts","floor":12},{"not_picked":["Heel Hook","Unload","Skewer"],"picked":"SKIP","floor":14},{"not_picked":["Venomology","Malaise"],"picked":"Adrenaline","floor":16},{"not_picked":["Acrobatics","Dagger Throw"],"picked":"Blade Dance","floor":18},{"not_picked":["Skewer","Prepared"],"picked":"Noxious Fumes","floor":20},{"not_picked":["Acrobatics","Outmaneuver","Dodge and Roll"],"picked":"SKIP","floor":22},{"not_picked":["Distraction","Outmaneuver"],"picked":"Slice+1","floor":23},{"not_picked":["Flechettes+1","Prepared"],"picked":"Infinite Blades","floor":25},{"not_picked":["Bane","Underhanded Strike","Dagger Spray"],"picked":"SKIP","floor":27},{"not_picked":["Backflip","Flying Knee","Dagger Throw"],"picked":"SKIP","floor":31},{"not_picked":["Wraith Form v2","Unload"],"picked":"Corpse Explosion","floor":33},{"not_picked":[],"picked":"Sucker Punch+1","floor":35},{"not_picked":["Underhanded Strike"],"picked":"SKIP","floor":38},{"not_picked":[],"picked":"Footwork","floor":39},{"not_picked":[],"picked":"Deflect+1","floor":40},{"not_picked":[],"picked":"Quick Slash+1","floor":45},{"not_picked":[],"picked":"Acrobatics+1","floor":47}],"player_experience":233630,"relics_obtained":[{"floor":9,"key":"Letter Opener"},{"floor":14,"key":"Happy Flower"},{"floor":23,"key":"Ginger"},{"floor":25,"key":"Bottled Lightning"},{"floor":26,"key":"Meat on the Bone"},{"floor":40,"key":"Juzu Bracelet"},{"floor":43,"key":"Ice Cream"},{"floor":45,"key":"Toxic Egg 2"},{"floor":47,"key":"Question Card"}],"event_choices":[{"damage_healed":0,"gold_gain":0,"player_choice":"Rummage","damage_taken":0,"relics_obtained":["WarpedTongs"],"max_hp_gain":0,"max_hp_loss":0,"event_name":"Accursed Blacksmith","floor":3,"gold_loss":0,"cards_obtained":["Pain"]},{"cards_removed":["Pain"],"damage_healed":0,"gold_gain":0,"player_choice":"Card Removal","damage_taken":0,"max_hp_gain":0,"max_hp_loss":0,"event_name":"The Cleric","floor":7,"gold_loss":50},{"damage_healed":0,"gold_gain":0,"player_choice":"Opened","damage_taken":0,"relics_obtained":["Torii"],"max_hp_gain":0,"max_hp_loss":0,"event_name":"The Mausoleum","floor":19,"gold_loss":0},{"damage_healed":0,"gold_gain":0,"player_choice":"Ignored","damage_taken":0,"max_hp_gain":0,"max_hp_loss":0,"event_name":"Ghosts","floor":21,"gold_loss":0},{"damage_healed":0,"gold_gain":0,"player_choice":"Fight","damage_taken":0,"max_hp_gain":0,"max_hp_loss":0,"event_name":"Colosseum","floor":30,"gold_loss":0},{"damage_healed":0,"gold_gain":0,"player_choice":"Fled From Nobs","damage_taken":0,"max_hp_gain":0,"max_hp_loss":0,"event_name":"Colosseum","floor":30,"gold_loss":0},{"damage_healed":0,"gold_gain":0,"player_choice":"Upgraded","damage_taken":0,"max_hp_gain":0,"max_hp_loss":0,"event_name":"Upgrade Shrine","floor":37,"gold_loss":0,"cards_upgraded":["Footwork"]},{"damage_healed":0,"gold_gain":0,"player_choice":"Max HP","damage_taken":0,"max_hp_gain":0,"max_hp_loss":4,"event_name":"Winding Halls","floor":42,"gold_loss":0},{"cards_removed":["Strike_G"],"damage_healed":0,"gold_gain":0,"player_choice":"Removed Attack","damage_taken":0,"max_hp_gain":0,"max_hp_loss":0,"event_name":"Falling","floor":46,"gold_loss":0},{"damage_healed":0,"gold_gain":0,"player_choice":"Got Potions","damage_taken":0,"max_hp_gain":0,"max_hp_loss":0,"event_name":"Lab","floor":48,"gold_loss":0}],"is_beta":false,"boss_relics":[{"not_picked":["Runic Pyramid","Runic Dome"],"picked":"Eternal Feather"},{"not_picked":["Empty Cage","Lizard Tail"],"picked":"Busted Crown"}],"items_purged_floors":[28],"is_endless":false,"potions_floor_spawned":[1,11,22,23,25,31,35,38,39,47],"ascension_level":9}