{"gold_per_floor":[110,110,121,140,140,140,153,183,208,283,301,32,61,79,79,174,174,184,184,200,218,238,48,78,91,91,122,57,57,70,98,98,200,200,213,228,228,228,23,23,54,69,93,113,213,213,46,60,60,60],"floor_reached":51,"playtime":5708,"items_purged":["Strike_R"],"score":1124,"play_id":"f1ea3b47-7a0d-445c-8ed2-bb946cf1505f","local_time":"20190525145256","is_ascension_mode":true,"campfire_choices":[{"data":"Inflame","floor":6.0,"key":"SMITH"},{"data":"Heavy Blade","floor":15.0,"key":"SMITH"},{"data":"RitualDagger","floor":32.0,"key":"SMITH"},{"data":"Limit Break","floor":40.0,"key":"SMITH"},{"data":"Offering","floor":49,"key":"SMITH"}],"neow_cost":"PERCENT_DAMAGE","seed_source_timestamp":707348177289400,"circlet_count":0,"master_deck":["AscendersBane","Strike_R","Strike_R","Strike_R","Strike_R","Defend_R","Defend_R","Defend_R","Defend_R","Bash","Shrug It Off","Inflame+1","Anger","Offering+1","Heavy Blade+1","Reaper","Spot Weakness","Flame Barrier","Double Tap","Inflame+1","RitualDagger+1","Limit Break+1","Dual Wield+1","Secret Technique+1"],"special_seed":0,"relics":["Burning Blood","Pocketwatch","Vajra","Bronze Scales","Sling","Blood Vial","Philosopher\u0027s Stone","Gambling Chip","Frozen Egg 2","MawBank","Calipers","Black Star","Brimstone","Charon\u0027s Ashes","Toxic Egg 2","Regal Pillow","Torii"],"potions_floor_usage":[48,50],"damage_taken":[{"damage":0.0,"enemies":"2 Louse","floor":1.0,"turns":7.0},{"damage":2.0,"enemies":"Cultist","floor":3.0,"turns":4.0},{"damage":0.0,"enemies":"Jaw Worm","floor":4.0,"turns":4.0},{"damage":18.0,"enemies":"Lots of Slimes","floor":7.0,"turns":5.0},{"damage":24.0,"enemies":"Lagavulin","floor":8.0,"turns":5.0},{"damage":14.0,"enemies":"3 Louse","floor":11.0,"turns":3.0},{"damage":11.0,"enemies":"3 Sentries","floor":13.0,"turns":5.0},{"damage":0.0,"enemies":"2 Fungi Beasts","floor":14.0,"turns":3.0},{"damage":11.0,"enemies":"The Guardian","floor":16.0,"turns":9.0},{"damage":28.0,"enemies":"3 Byrds","floor":18.0,"turns":4.0},{"damage":4.0,"enemies":"Spheric Guardian","floor":20.0,"turns":3.0},{"damage":17.0,"enemies":"Snake Plant","floor":21.0,"turns":3.0},{"damage":6.0,"enemies":"Centurion and Healer","floor":22.0,"turns":5.0},{"damage":28.0,"enemies":"Gremlin Leader","floor":24.0,"turns":5.0},{"damage":13.0,"enemies":"Snecko","floor":25.0,"turns":4.0},{"damage":30.0,"enemies":"Book of Stabbing","floor":27.0,"turns":3.0},{"damage":16.0,"enemies":"Snake Plant","floor":30.0,"turns":3.0},{"damage":6.0,"enemies":"Gremlin Leader","floor":31.0,"turns":3.0},{"damage":94.0,"enemies":"Collector","floor":33.0,"turns":7.0},{"damage":36.0,"enemies":"Orb Walker","floor":35.0,"turns":4.0},{"damage":25.0,"enemies":"3 Darklings","floor":36.0,"turns":4.0},{"damage":23.0,"enemies":"Nemesis","floor":41.0,"turns":3.0},{"damage":29.0,"enemies":"4 Shapes","floor":42.0,"turns":3.0},{"damage":20,"enemies":"Jaw Worm Horde","floor":44,"turns":4},{"damage":0,"enemies":"Mind Bloom Boss Battle","floor":45,"turns":2},{"damage":6,"enemies":"Maw","floor":48,"turns":3},{"damage":86,"enemies":"Time Eater","floor":50,"turns":4}],"seed_played":"-2254736404430637583","potions_obtained":[{"floor":3.0,"key":"GamblersBrew"},{"floor":4.0,"key":"Dexterity Potion"},{"floor":8.0,"key":"GamblersBrew"},{"floor":11.0,"key":"PowerPotion"},{"floor":14.0,"key":"FairyPotion"},{"floor":20.0,"key":"BloodPotion"},{"floor":22.0,"key":"SmokeBomb"},{"floor":25.0,"key":"LiquidBronze"},{"floor":33.0,"key":"Ancient Potion"},{"floor":35.0,"key":"BloodPotion"},{"floor":38.0,"key":"FairyPotion"},{"floor":38.0,"key":"Swift Potion"},{"floor":41.0,"key":"GamblersBrew"}],"is_trial":false,"path_per_floor":["M","?","M","M","?","R","M","E","T","?","M","$","E","M","R","B",null,"M","?","M","M","M","$","E","M","T","E","$","?","M","E","R","B",null,"M","M","?","?","$","R","E","M","T","M","?","?","$","M","R","B",null],"character_chosen":"IRONCLAD","items_purchased":["Sling","Offering","Spot Weakness","Flame Barrier","Inflame+1","Brimstone","Secret Technique+1"],"campfire_rested":0,"item_purchase_floors":[12,12,23,23,28,39,47],"current_hp_per_floor":[57,57,61,67,80,80,68,50,50,39,31,31,26,34,34,31,68,56,56,60,65,79,79,68,75,75,53,53,47,39,41,41,14,64,59,68,68,68,68,68,53,80,80,80,80,76,76,76,76,13],"gold":60,"neow_bonus":"ONE_RARE_RELIC","is_prod":false,"is_daily":false,"chose_seed":false,"campfire_upgraded":5,"win_rate":0,"timestamp":1558821176,"path_taken":["M","?","M","?","?","R","?","E","T","?","M","$","E","M","R","BOSS","M","?","M","M","M","$","E","M","T","E","$","?","M","E","R","BOSS","M","M","?","?","$","R","E","?","T","M","?","?","$","M","R","BOSS"],"build_version":"2019-01-23","purchased_purges":1,"victory":true,"max_hp_per_floor":[80,80,80,80,80,80,80,80,80,80,80,80,80,80,80,80,80,80,80,80,80,80,80,80,80,80,80,80,80,80,80,80,80,80,80,80,80,80,80,80,80,80,80,80,80,76,76,76,76,76],"card_choices":[{"not_picked":["Heavy Blade","Reckless Charge"],"picked":"Shrug It Off","floor":1.0},{"not_picked":["Body Slam","Cleave"],"picked":"Inflame","floor":3.0},{"not_picked":["Headbutt","Clash","Rage"],"picked":"SKIP","floor":4.0},{"not_picked":["Reckless Charge","Headbutt"],"picked":"Anger","floor":7.0},{"not_picked":["Twin Strike","Thunderclap","Wild Strike"],"picked":"SKIP","floor":8.0},{"not_picked":["Blood for Blood","Havoc","Uppercut"],"picked":"SKIP","floor":11.0},{"not_picked":["Blood for Blood","Perfected Strike","Metallicize"],"picked":"SKIP","floor":13.0},{"not_picked":["Cleave","Sever Soul"],"picked":"Heavy Blade","floor":14.0},{"not_picked":["Offering","Dark Embrace"],"picked":"Reaper","floor":16.0},{"not_picked":["Headbutt","Shrug It Off","Uppercut"],"picked":"SKIP","floor":18.0},{"not_picked":["Perfected Strike+1","Clash+1","Rage"],"picked":"SKIP","floor":20.0},{"not_picked":["Rampage+1","True Grit","Cleave"],"picked":"SKIP","floor":21.0},{"not_picked":["Heavy Blade","Thunderclap","Shrug It Off"],"picked":"SKIP","floor":22.0},{"not_picked":["Power Through","Pommel Strike+1","Combust+1"],"picked":"SKIP","floor":24.0},{"not_picked":["Clothesline","Cleave","Body Slam"],"picked":"SKIP","floor":25.0},{"not_picked":["Clash+1","Searing Blow"],"picked":"Double Tap","floor":27.0},{"not_picked":["Havoc","Anger+1","Body Slam"],"picked":"SKIP","floor":30.0},{"not_picked":["Flex","Cleave+1","Perfected Strike"],"picked":"SKIP","floor":31.0},{"not_picked":["Impervious","Reaper"],"picked":"Limit Break","floor":33.0},{"not_picked":["Iron Wave","Hemokinesis","Blood for Blood"],"picked":"SKIP","floor":35.0},{"not_picked":["Shrug It Off","Clothesline+1","Thunderclap"],"picked":"SKIP","floor":36.0},{"not_picked":["Clash+1","Armaments"],"picked":"Dual Wield","floor":41.0},{"not_picked":["Hemokinesis","Ghostly Armor+1","Infernal Blade+1"],"picked":"SKIP","floor":42.0},{"not_picked":["True Grit+1","Armaments+1","Shrug It Off+1"],"picked":"SKIP","floor":44},{"not_picked":["Havoc+1","Anger+1","Rage+1"],"picked":"SKIP","floor":48}],"player_experience":268385,"relics_obtained":[{"floor":8.0,"key":"Vajra"},{"floor":9.0,"key":"Bronze Scales"},{"floor":13.0,"key":"Blood Vial"},{"floor":24.0,"key":"Gambling Chip"},{"floor":26.0,"key":"Frozen Egg 2"},{"floor":27.0,"key":"MawBank"},{"floor":31.0,"key":"Calipers"},{"floor":41.0,"key":"Charon\u0027s Ashes"},{"floor":41.0,"key":"Toxic Egg 2"},{"floor":43.0,"key":"Regal Pillow"},{"floor":45,"key":"Torii"}],"event_choices":[{"damage_healed":0.0,"max_hp_gain":0.0,"max_hp_loss":0.0,"gold_gain":0.0,"event_name":"The Woman in Blue","player_choice":"Bought 0 Potions","floor":2.0,"gold_loss":0.0,"damage_taken":0.0},{"damage_healed":13.0,"max_hp_gain":0.0,"max_hp_loss":0.0,"gold_gain":0.0,"event_name":"Wheel of Change","player_choice":"Full Heal","floor":5.0,"gold_loss":0.0,"damage_taken":0.0},{"damage_healed":0.0,"max_hp_gain":0.0,"max_hp_loss":0.0,"gold_gain":75.0,"event_name":"World of Goop","player_choice":"Gather Gold","floor":10.0,"gold_loss":0.0,"damage_taken":11.0},{"damage_healed":0.0,"max_hp_gain":0.0,"max_hp_loss":0.0,"gold_gain":0.0,"event_name":"Beggar","player_choice":"Ignored","floor":19.0,"gold_loss":0.0,"damage_taken":0.0},{"damage_healed":0.0,"max_hp_gain":0.0,"max_hp_loss":0.0,"gold_gain":0.0,"event_name":"Nest","player_choice":"Joined the Cult","floor":29.0,"gold_loss":0.0,"damage_taken":6.0,"cards_obtained":["RitualDagger"]},{"damage_healed":0.0,"max_hp_gain":0.0,"max_hp_loss":0.0,"gold_gain":0.0,"event_name":"SensoryStone","player_choice":"Memory 1","floor":37.0,"gold_loss":0.0,"damage_taken":0.0},{"damage_healed":0.0,"max_hp_gain":0.0,"max_hp_loss":0.0,"gold_gain":0.0,"event_name":"Lab","player_choice":"Got Potions","floor":38.0,"gold_loss":0.0,"damage_taken":0.0},{"damage_healed":0,"gold_gain":0,"player_choice":"Fight","damage_taken":0,"max_hp_gain":0,"max_hp_loss":0,"event_name":"MindBloom","floor":45,"gold_loss":0},{"damage_healed":0,"gold_gain":0,"player_choice":"Max HP","damage_taken":0,"max_hp_gain":0,"max_hp_loss":4,"event_name":"Winding Halls","floor":46,"gold_loss":0}],"is_beta":false,"boss_relics":[{"not_picked":["Orrery","White Beast Statue"],"picked":"Philosopher\u0027s Stone"},{"not_picked":["Busted Crown","Snecko Eye"],"picked":"Black Star"}],"items_purged_floors":[23],"is_endless":false,"potions_floor_spawned":[3,4,8,11,14,20,22,25,30,33,35,41,45],"ascension_level":10}