{"gold_per_floor":[110,60,76,88,88,120,135,165,212,244,244,47,67,80,80,182,182,199,209,221,240,256,282,282,300,370,380,414,29,29,63,63,159,159,178,193,193,207,2,37,37,62,112,142,142,142,6,6,6,6],"floor_reached":51,"playtime":3227,"items_purged":["Strike_R","Strike_R","Strike_R"],"score":1144,"play_id":"e3b9300d-b690-4990-8885-521bb20906e9","local_time":"20190507183035","is_ascension_mode":true,"campfire_choices":[{"data":"Heavy Blade","floor":11.0,"key":"SMITH"},{"data":"Armaments","floor":15.0,"key":"SMITH"},{"data":"Shockwave","floor":24.0,"key":"SMITH"},{"data":"1","floor":32.0,"key":"LIFT"},{"data":"2","floor":41.0,"key":"LIFT"},{"data":"3","floor":46.0,"key":"LIFT"},{"floor":49,"key":"REST"}],"neow_cost":"NONE","seed_source_timestamp":258357633389692,"circlet_count":0,"master_deck":["Defend_R","Defend_R","Defend_R","Defend_R","Bash+1","Inflame","Spot Weakness","Heavy Blade+1","Headbutt","Metallicize","Iron Wave","Impervious","Inflame","Armaments+1","Shrug It Off","Shockwave+1","Immolate","Uppercut","Headbutt","Wild Strike+1","Spot Weakness+1","Limit Break","Corruption+1","Shrug It Off","Flex+1","Dark Embrace","Limit Break+1","Heavy Blade+1","Clothesline+1","Spot Weakness+1","Pummel+1","Spot Weakness+1","Entrench+1","Inflame+1","True Grit+1","Warcry+1","Panacea+1","Feel No Pain"],"special_seed":0,"relics":["Burning Blood","Red Skull","Pocketwatch","Blue Candle","Potion Belt","Centennial Puzzle","Sozu","Dream Catcher","Shuriken","Girya","Toxic Egg 2","Strawberry","White Beast Statue","Smiling Mask","Ancient Tea Set","Anchor","Pen Nib"],"potions_floor_usage":[],"damage_taken":[{"damage":6.0,"enemies":"Cultist","floor":1.0,"turns":4.0},{"damage":8.0,"enemies":"2 Louse","floor":3.0,"turns":4.0},{"damage":2.0,"enemies":"Jaw Worm","floor":4.0,"turns":4.0},{"damage":12.0,"enemies":"Gremlin Nob","floor":6.0,"turns":3.0},{"damage":6.0,"enemies":"Blue Slaver","floor":7.0,"turns":5.0},{"damage":34.0,"enemies":"Lagavulin","floor":8.0,"turns":5.0},{"damage":13.0,"enemies":"Gremlin Nob","floor":10.0,"turns":3.0},{"damage":9.0,"enemies":"Exordium Thugs","floor":13.0,"turns":5.0},{"damage":1.0,"enemies":"Looter","floor":14.0,"turns":2.0},{"damage":6.0,"enemies":"The Guardian","floor":16.0,"turns":6.0},{"damage":3.0,"enemies":"Shell Parasite","floor":18.0,"turns":4.0},{"damage":3.0,"enemies":"Chosen","floor":19.0,"turns":3.0},{"damage":10.0,"enemies":"Centurion and Healer","floor":20.0,"turns":6.0},{"damage":16.0,"enemies":"Snake Plant","floor":21.0,"turns":3.0},{"damage":0.0,"enemies":"Snecko","floor":22.0,"turns":2.0},{"damage":25.0,"enemies":"Slavers","floor":23.0,"turns":6.0},{"damage":2.0,"enemies":"Centurion and Healer","floor":25.0,"turns":5.0},{"damage":3.0,"enemies":"Cultist and Chosen","floor":27.0,"turns":3.0},{"damage":1.0,"enemies":"Gremlin Leader","floor":28.0,"turns":5.0},{"damage":19.0,"enemies":"Slavers","floor":31.0,"turns":3.0},{"damage":21.0,"enemies":"Automaton","floor":33.0,"turns":6.0},{"damage":23.0,"enemies":"3 Darklings","floor":35.0,"turns":3.0},{"damage":8.0,"enemies":"Orb Walker","floor":36.0,"turns":2.0},{"damage":0.0,"enemies":"Maw","floor":38.0,"turns":5.0},{"damage":4.0,"enemies":"Giant Head","floor":40.0,"turns":5.0},{"damage":26.0,"enemies":"Reptomancer","floor":42.0,"turns":5.0},{"damage":1.0,"enemies":"Giant Head","floor":44.0,"turns":5.0},{"damage":16,"enemies":"Donu and Deca","floor":50,"turns":4}],"seed_played":"-7634720055859700698","potions_obtained":[{"floor":1.0,"key":"Ancient Potion"},{"floor":3.0,"key":"GamblersBrew"},{"floor":4.0,"key":"Weak Potion"},{"floor":8.0,"key":"Poison Potion"},{"floor":13.0,"key":"Swift Potion"}],"is_trial":false,"path_per_floor":["M","?","M","M","?","E","M","E","T","E","R","$","M","M","R","B",null,"M","M","M","M","M","E","R","M","T","M","E","$","?","E","R","B",null,"M","M","?","M","$","E","R","E","T","E","$","R","$","$","R","B",null],"character_chosen":"IRONCLAD","items_purchased":["Inflame","Armaments","Toxic Egg 2","Flex+1","Spot Weakness+1","Warcry+1","Panacea+1"],"campfire_rested":1,"item_purchase_floors":[12,12,29,29,39,47,47],"current_hp_per_floor":[72,72,70,74,74,68,68,40,40,33,33,33,30,35,35,35,69,72,75,71,61,67,48,48,52,52,55,60,60,60,54,54,39,75,58,56,56,62,62,64,64,44,44,49,49,49,49,49,75,65],"gold":6,"neow_bonus":"RANDOM_COMMON_RELIC","is_prod":false,"is_daily":false,"chose_seed":false,"campfire_upgraded":3,"win_rate":0,"timestamp":1557268235,"path_taken":["M","?","M","M","?","E","M","E","T","E","R","?","M","M","R","BOSS","M","M","M","M","M","E","R","M","T","M","E","$","?","E","R","BOSS","M","M","?","M","$","E","R","E","T","E","$","R","$","?","R","BOSS"],"build_version":"2019-01-23","purchased_purges":3,"victory":true,"max_hp_per_floor":[80,80,80,80,80,80,80,80,80,80,80,80,80,80,80,80,80,80,80,80,80,80,80,80,80,80,80,80,80,80,87,87,87,87,87,87,87,87,87,87,87,87,87,87,87,87,87,87,87,87],"card_choices":[{"not_picked":["Wild Strike","Cleave"],"picked":"Inflame","floor":1.0},{"not_picked":["Headbutt","Blood for Blood"],"picked":"Spot Weakness","floor":3.0},{"not_picked":["Intimidate","Havoc"],"picked":"Heavy Blade","floor":4.0},{"not_picked":["Iron Wave","Bludgeon"],"picked":"Headbutt","floor":6.0},{"not_picked":["Pummel","Rage"],"picked":"Metallicize","floor":7.0},{"not_picked":["Heavy Blade","Body Slam"],"picked":"Iron Wave","floor":8.0},{"not_picked":["Feel No Pain","Hemokinesis"],"picked":"Impervious","floor":10.0},{"not_picked":["Thunderclap","Battle Trance"],"picked":"Shrug It Off","floor":13.0},{"not_picked":["Armaments","Iron Wave"],"picked":"Shockwave","floor":14.0},{"not_picked":["Bludgeon","Feed"],"picked":"Immolate","floor":16.0},{"not_picked":["Second Wind","Shockwave"],"picked":"Uppercut","floor":18.0},{"not_picked":["Blood for Blood","Havoc"],"picked":"Headbutt","floor":19.0},{"not_picked":["Seeing Red","Sword Boomerang"],"picked":"Wild Strike+1","floor":20.0},{"not_picked":["Searing Blow","Second Wind","Clothesline"],"picked":"SKIP","floor":21.0},{"not_picked":["Wild Strike","Body Slam"],"picked":"Spot Weakness+1","floor":22.0},{"not_picked":["Body Slam","Warcry"],"picked":"Limit Break","floor":23.0},{"not_picked":["Flex","Warcry","Anger"],"picked":"SKIP","floor":25.0},{"not_picked":["Uppercut","Thunderclap"],"picked":"Corruption+1","floor":27.0},{"not_picked":["Perfected Strike","Second Wind+1"],"picked":"Shrug It Off","floor":28.0},{"not_picked":["True Grit+1","Iron Wave"],"picked":"Dark Embrace","floor":31.0},{"not_picked":["Fiend Fire","Immolate"],"picked":"Limit Break+1","floor":33.0},{"not_picked":["Burning Pact+1","Clash"],"picked":"Heavy Blade+1","floor":35.0},{"not_picked":["Heavy Blade","Headbutt"],"picked":"Clothesline+1","floor":36.0},{"not_picked":["Armaments+1","Corruption+1"],"picked":"Pummel+1","floor":38.0},{"not_picked":["Blood for Blood","Second Wind+1"],"picked":"Entrench+1","floor":40.0},{"not_picked":["Twin Strike","Immolate"],"picked":"Inflame+1","floor":42.0},{"not_picked":["Rage+1","Bloodletting+1"],"picked":"True Grit+1","floor":44.0},{"not_picked":["Havoc+1","Cleave+1"],"picked":"Feel No Pain","floor":49}],"player_experience":404110,"relics_obtained":[{"floor":6.0,"key":"Pocketwatch"},{"floor":8.0,"key":"Blue Candle"},{"floor":9.0,"key":"Potion Belt"},{"floor":10.0,"key":"Centennial Puzzle"},{"floor":23.0,"key":"Dream Catcher"},{"floor":26.0,"key":"Shuriken"},{"floor":28.0,"key":"Girya"},{"floor":31.0,"key":"Strawberry"},{"floor":40.0,"key":"Smiling Mask"},{"floor":42.0,"key":"Ancient Tea Set"},{"floor":43.0,"key":"Anchor"},{"floor":44.0,"key":"Pen Nib"}],"event_choices":[{"cards_removed":["Strike_R"],"damage_healed":0.0,"max_hp_gain":0.0,"max_hp_loss":0.0,"gold_gain":0.0,"event_name":"The Cleric","player_choice":"Card Removal","floor":2.0,"gold_loss":50.0,"damage_taken":0.0},{"damage_healed":0.0,"max_hp_gain":0.0,"max_hp_loss":0.0,"gold_gain":0.0,"event_name":"Living Wall","player_choice":"Grow","floor":5.0,"gold_loss":0.0,"damage_taken":0.0,"cards_upgraded":["Bash"]},{"damage_healed":0.0,"max_hp_gain":0.0,"max_hp_loss":0.0,"gold_gain":0.0,"event_name":"Beggar","player_choice":"Ignored","floor":30.0,"gold_loss":0.0,"damage_taken":0.0},{"damage_healed":0.0,"max_hp_gain":0.0,"max_hp_loss":0.0,"gold_gain":0.0,"cards_transformed":["Strike_R"],"event_name":"Transmorgrifier","player_choice":"Transformed","floor":37.0,"gold_loss":0.0,"damage_taken":0.0,"cards_obtained":["Spot Weakness"]}],"is_beta":false,"boss_relics":[{"not_picked":["Fusion Hammer","Astrolabe"],"picked":"Sozu"},{"not_picked":["Velvet Choker","Coffee Dripper"],"picked":"White Beast Statue"}],"items_purged_floors":[12,29,39],"is_endless":false,"potions_floor_spawned":[1,3,4,8,13,19,23,27,35,36,38,40,42,44],"ascension_level":7}