{"gold_per_floor":[364,10,23,42,61,61,88,116,128,151,163],"floor_reached":11,"playtime":499,"items_purged":["Strike_B"],"score":154,"play_id":"922634a5-0be4-45bb-b0f5-7268ca56d1b4","local_time":"20190521232243","is_ascension_mode":true,"campfire_choices":[{"data":"Zap","floor":6,"key":"SMITH"}],"neow_cost":"TEN_PERCENT_HP_LOSS","seed_source_timestamp":107495228733461,"circlet_count":0,"master_deck":["AscendersBane","Strike_B","Strike_B","Strike_B","Defend_B","Defend_B","Defend_B","Defend_B","Zap+1","Dualcast","Compile Driver","Self Repair","Sweeping Beam","Defragment","Genetic Algorithm","Cold Snap"],"special_seed":0,"relics":["Cracked Core","PreservedInsect","MawBank","Nunchaku"],"potions_floor_usage":[5,7,8],"damage_taken":[{"damage":4.0,"enemies":"Small Slimes","floor":1.0,"turns":3.0},{"damage":10.0,"enemies":"2 Louse","floor":3.0,"turns":3.0},{"damage":4,"enemies":"Jaw Worm","floor":4,"turns":6},{"damage":9,"enemies":"Large Slime","floor":5,"turns":5},{"damage":30,"enemies":"Gremlin Nob","floor":7,"turns":4},{"damage":17,"enemies":"Gremlin Gang","floor":8,"turns":4},{"damage":21,"enemies":"Exordium Thugs","floor":10,"turns":4},{"damage":4,"enemies":"Red Slaver","floor":11,"turns":1}],"seed_played":"-8873840915225829364","potions_obtained":[{"floor":3.0,"key":"SkillPotion"},{"floor":5,"key":"SkillPotion"},{"floor":7,"key":"Energy Potion"}],"is_trial":false,"path_per_floor":["M","$","M","M","M","R","E","M","T","M","M"],"character_chosen":"DEFECT","items_purchased":["PreservedInsect","Self Repair","Sweeping Beam"],"campfire_rested":0,"item_purchase_floors":[2,2,2],"current_hp_per_floor":[60,60,57,60,58,58,35,25,25,4,0],"gold":163,"neow_bonus":"TWO_FIFTY_GOLD","is_prod":false,"is_daily":false,"chose_seed":false,"campfire_upgraded":1,"win_rate":0,"timestamp":1558495363,"path_taken":["M","$","M","M","M","R","E","M","T","M","M"],"build_version":"2019-01-23","purchased_purges":1,"victory":false,"max_hp_per_floor":[64,64,64,64,64,64,64,64,64,64,64],"card_choices":[{"not_picked":["Steam","Auto Shields"],"picked":"Compile Driver","floor":1.0},{"not_picked":["Gash","Barrage","Hologram"],"picked":"SKIP","floor":3.0},{"not_picked":["Lockon","Recycle","Sweeping Beam"],"picked":"SKIP","floor":4},{"not_picked":["Force Field","Compile Driver"],"picked":"Defragment","floor":5},{"not_picked":["Beam Cell","Rebound","White Noise"],"picked":"SKIP","floor":7},{"not_picked":["Hologram","Conserve Battery"],"picked":"Genetic Algorithm","floor":8},{"not_picked":["Auto Shields","Rebound"],"picked":"Cold Snap","floor":10}],"player_experience":730225,"relics_obtained":[{"floor":7,"key":"MawBank"},{"floor":9,"key":"Nunchaku"}],"event_choices":[],"is_beta":false,"boss_relics":[],"items_purged_floors":[2],"is_endless":false,"potions_floor_spawned":[3,5,7],"killed_by":"Red Slaver","ascension_level":20}