{"gold_per_floor":[114,34,49,64,79,109,109,139,139,139,169,179,209,224,224,324,324,339,354,354,92,107,137,137,152,152,167,167,167,167,197,197,297,297,312,312,327,342,357,357,372,372,397,409,421,433,475,208,208,208],"floor_reached":51,"playtime":3663,"items_purged":["Wild Strike"],"score":695,"play_id":"5a3f116a-244c-4daf-ac5c-d3d8c9da5cdb","local_time":"20190307220052","daily_mods":["SealedDeck","Time Dilation","Binary"],"is_ascension_mode":false,"campfire_choices":[{"data":"Whirlwind","floor":7,"key":"SMITH"},{"data":"Armaments","floor":10,"key":"SMITH"},{"data":"Armaments","floor":15,"key":"SMITH"},{"data":"Disarm","floor":24,"key":"SMITH"},{"data":"Disarm","floor":30,"key":"SMITH"},{"data":"Uppercut","floor":32,"key":"SMITH"},{"data":"Wild Strike","floor":40,"key":"PURGE"},{"floor":46,"key":"REST"},{"floor":49,"key":"REST"}],"neow_cost":"","seed_source_timestamp":0,"circlet_count":0,"master_deck":["Armaments+1","Armaments+1","Twin Strike","Rampage","Clash","Whirlwind+1","Iron Wave","Shrug It Off","Disarm+1","Disarm+1","Second Wind","Thunderclap","Sword Boomerang","Battle Trance","Uppercut+1","Sword Boomerang","Juggernaut+1","Swift Strike","Madness","Madness","Flex","Bludgeon"],"special_seed":17963,"relics":["Burning Blood","Bronze Scales","Potion Belt","Frozen Egg 2","PreservedInsect","Lantern","Busted Crown","Nloth\u0027s Gift","Bag of Preparation","Self Forming Clay","Peace Pipe","Turnip","Sozu","MawBank","Omamori"],"potions_floor_usage":[8,50,50,50,50],"damage_taken":[{"damage":0,"enemies":"Cultist","floor":1,"turns":3},{"damage":0,"enemies":"Small Slimes","floor":3,"turns":3},{"damage":0,"enemies":"2 Louse","floor":4,"turns":1},{"damage":8,"enemies":"Exordium Thugs","floor":5,"turns":5},{"damage":11,"enemies":"Gremlin Nob","floor":6,"turns":4},{"damage":10,"enemies":"3 Sentries","floor":8,"turns":3},{"damage":8,"enemies":"Lagavulin","floor":11,"turns":4},{"damage":8,"enemies":"The Mushroom Lair","floor":12,"turns":3},{"damage":4,"enemies":"3 Sentries","floor":13,"turns":3},{"damage":0,"enemies":"Blue Slaver","floor":14,"turns":2},{"damage":7,"enemies":"The Guardian","floor":16,"turns":9},{"damage":7,"enemies":"Shell Parasite","floor":18,"turns":2},{"damage":0,"enemies":"3 Byrds","floor":19,"turns":2},{"damage":8,"enemies":"Cultist and Chosen","floor":22,"turns":4},{"damage":18,"enemies":"Gremlin Leader","floor":23,"turns":3},{"damage":5,"enemies":"Shelled Parasite and Fungi","floor":25,"turns":2},{"damage":8,"enemies":"Centurion and Healer","floor":27,"turns":2},{"damage":10,"enemies":"Book of Stabbing","floor":31,"turns":3},{"damage":54,"enemies":"Champ","floor":33,"turns":9},{"damage":17,"enemies":"3 Shapes","floor":35,"turns":3},{"damage":18,"enemies":"3 Darklings","floor":37,"turns":3},{"damage":0,"enemies":"Transient","floor":38,"turns":5},{"damage":16,"enemies":"Maw","floor":39,"turns":5},{"damage":22,"enemies":"Spire Growth","floor":41,"turns":4},{"damage":2,"enemies":"Nemesis","floor":47,"turns":5},{"damage":41,"enemies":"Awakened One","floor":50,"turns":7}],"seed_played":"-4512309854435901200","potions_obtained":[{"floor":1,"key":"EssenceOfSteel"},{"floor":4,"key":"Swift Potion"},{"floor":6,"key":"Strength Potion"},{"floor":11,"key":"Ancient Potion"},{"floor":12,"key":"SpeedPotion"},{"floor":14,"key":"PowerPotion"},{"floor":22,"key":"Energy Potion"},{"floor":23,"key":"Explosive Potion"},{"floor":27,"key":"Energy Potion"},{"floor":33,"key":"Strength Potion"}],"is_trial":false,"path_per_floor":["M","$","M","M","M","E","R","E","T","R","E","?","E","M","R","B",null,"M","M","?","$","M","E","R","M","T","M","?","?","R","E","R","B",null,"M","?","M","M","M","R","M","?","T","?","?","R","E","$","R","B",null],"character_chosen":"IRONCLAD","items_purchased":["Second Wind","Wild Strike","Swift Strike","Bag of Preparation","Flex","Bludgeon"],"campfire_rested":2,"item_purchase_floors":[2,21,21,21,48,48],"current_hp_per_floor":[80,80,80,80,78,73,73,69,69,69,67,65,67,73,73,72,80,79,80,80,80,78,66,66,67,67,65,65,80,80,76,76,28,80,69,69,57,63,53,53,37,37,37,37,27,51,55,55,79,44],"gold":208,"neow_bonus":"","is_prod":false,"is_daily":true,"chose_seed":false,"campfire_upgraded":6,"win_rate":0,"timestamp":1552017652,"path_taken":["M","?","M","M","?","E","R","E","T","R","E","?","E","M","R","BOSS","M","M","?","$","?","E","R","M","T","M","?","?","R","E","R","BOSS","M","?","M","?","M","R","M","?","T","?","?","R","E","$","R","BOSS"],"build_version":"2019-01-23","purchased_purges":1,"victory":true,"max_hp_per_floor":[80,80,80,80,80,80,80,80,80,80,80,80,80,80,80,80,80,80,80,80,80,80,80,80,80,80,80,80,80,80,80,80,80,80,80,80,80,80,80,80,80,80,80,80,80,80,80,80,80,80],"card_choices":[{"not_picked":["Heavy Blade","Evolve"],"picked":"SKIP","floor":1},{"not_picked":["Heavy Blade"],"picked":"Thunderclap","floor":3},{"not_picked":["Havoc","Perfected Strike"],"picked":"SKIP","floor":4},{"not_picked":["Corruption"],"picked":"Sword Boomerang","floor":5},{"not_picked":["Whirlwind"],"picked":"Battle Trance","floor":6},{"not_picked":["Second Wind","Armaments"],"picked":"SKIP","floor":8},{"not_picked":["True Grit"],"picked":"Wild Strike","floor":11},{"not_picked":["Havoc"],"picked":"Uppercut","floor":13},{"not_picked":["Cleave"],"picked":"Sword Boomerang","floor":14},{"not_picked":["Dark Embrace+1"],"picked":"Juggernaut+1","floor":16}],"player_experience":105694,"relics_obtained":[{"floor":6,"key":"Bronze Scales"},{"floor":8,"key":"Potion Belt"},{"floor":9,"key":"Frozen Egg 2"},{"floor":11,"key":"PreservedInsect"},{"floor":12,"key":"Odd Mushroom"},{"floor":13,"key":"Lantern"},{"floor":23,"key":"Self Forming Clay"},{"floor":26,"key":"Peace Pipe"},{"floor":31,"key":"Turnip"},{"floor":43,"key":"MawBank"},{"floor":47,"key":"Omamori"}],"event_choices":[{"damage_healed":0,"gold_gain":0,"player_choice":"Fought Mushrooms","damage_taken":0,"max_hp_gain":0,"max_hp_loss":0,"event_name":"Mushrooms","floor":12,"gold_loss":0},{"damage_healed":0,"gold_gain":0,"player_choice":"Traded Relic","damage_taken":0,"relics_obtained":["Nloth\u0027s Gift"],"max_hp_gain":0,"max_hp_loss":0,"event_name":"N\u0027loth","floor":20,"relics_lost":["Odd Mushroom"],"gold_loss":0},{"damage_healed":0,"gold_gain":0,"player_choice":"Ignored","damage_taken":0,"max_hp_gain":0,"max_hp_loss":0,"event_name":"Beggar","floor":28,"gold_loss":0},{"damage_healed":15,"gold_gain":0,"player_choice":"Full Heal","damage_taken":0,"max_hp_gain":0,"max_hp_loss":0,"event_name":"Wheel of Change","floor":29,"gold_loss":0},{"damage_healed":0,"gold_gain":0,"player_choice":"Ignored","damage_taken":0,"max_hp_gain":0,"max_hp_loss":0,"event_name":"Transmorgrifier","floor":36,"gold_loss":0},{"damage_healed":0,"gold_gain":0,"player_choice":"Ignored","damage_taken":0,"max_hp_gain":0,"max_hp_loss":0,"event_name":"Mysterious Sphere","floor":42,"gold_loss":0},{"damage_healed":0,"gold_gain":0,"player_choice":"Memory 1","damage_taken":0,"max_hp_gain":0,"max_hp_loss":0,"event_name":"SensoryStone","floor":44,"gold_loss":0},{"damage_healed":0,"gold_gain":0,"player_choice":"Embrace Madness","damage_taken":10,"max_hp_gain":0,"max_hp_loss":0,"event_name":"Winding Halls","floor":45,"gold_loss":0,"cards_obtained":["Madness","Madness"]}],"is_beta":false,"boss_relics":[{"not_picked":["White Beast Statue","Runic Dome"],"picked":"Busted Crown"},{"not_picked":["Orrery","Calling Bell"],"picked":"Sozu"}],"items_purged_floors":[48],"is_endless":false,"potions_floor_spawned":[1,4,6,11,12,14,22,23,27,33,37,38,47],"ascension_level":0}