{"gold_per_floor":[117,16,16,32,32,66,116,133,133,308,319,330,330,344,344,442,442,453,453,453,463,0,0,31,31,82,99,110,110,122,141,141,239,239,252,252,252,305,322,322,322,337,337,337,337,62,80,96,96,96],"floor_reached":50,"playtime":3884,"items_purged":[],"score":539,"play_id":"a17944af-ba47-4e53-b5c1-8b824def854e","local_time":"20180715165226","is_ascension_mode":false,"campfire_choices":[{"data":"Backstab","floor":13,"key":"SMITH"},{"floor":15,"key":"REST"},{"data":"Skewer","floor":23,"key":"SMITH"},{"floor":29,"key":"REST"},{"floor":32,"key":"REST"},{"data":"Crippling Poison","floor":40,"key":"SMITH"},{"data":"Glass Knife","floor":44,"key":"SMITH"},{"floor":49,"key":"REST"}],"neow_cost":"NONE","seed_source_timestamp":380157906334153,"circlet_count":0,"master_deck":["Defend_G+1","Defend_G+1","Defend_G+1","Defend_G+1","Strike_G+1","Strike_G+1","Strike_G+1","Strike_G+1","Strike_G+1","Survivor+1","Neutralize","Noxious Fumes","Skewer+1","Deflect","Sucker Punch","Slice","Backstab+1","Doubt","Poisoned Stab","Crippling Poison+1","Adrenaline","Bane","Backstab+1","Footwork+1","Leg Sweep","Dagger Throw","Infinite Blades","Blade Dance","PiercingWail+1","Deflect","Choke","Glass Knife+1","Skewer+1","Underhanded Strike+1","Finisher+1","Bane","Jack Of All Trades+1","Panacea+1","Purity+1","Master of Strategy+1","PiercingWail+1","Sucker Punch","Dagger Throw+1","Infinite Blades"],"relics":["Ring of the Snake","Orichalcum","Pear","Strawberry","War Paint","Busted Crown","Thread and Needle","Pen Nib","Snake Skull","Sozu","Ginger","Toxic Egg 2"],"potions_floor_usage":[24,24,24,33,33],"damage_taken":[{"damage":0,"enemies":"2 Louse","floor":1,"turns":4},{"damage":0,"enemies":"Small Slimes","floor":4,"turns":3},{"damage":14,"enemies":"3 Sentries","floor":6,"turns":8},{"damage":5,"enemies":"Jaw Worm","floor":8,"turns":3},{"damage":0,"enemies":"Large Slime","floor":11,"turns":6},{"damage":0,"enemies":"Blue Slaver","floor":12,"turns":4},{"damage":2,"enemies":"Red Slaver","floor":14,"turns":3},{"damage":48,"enemies":"Slime Boss","floor":16,"turns":10},{"damage":10,"enemies":"Spheric Guardian","floor":18,"turns":5},{"damage":4,"enemies":"2 Thieves","floor":21,"turns":4},{"damage":34,"enemies":"Gremlin Leader","floor":24,"turns":8},{"damage":1,"enemies":"Chosen and Byrds","floor":27,"turns":5},{"damage":0,"enemies":"Centurion and Healer","floor":28,"turns":4},{"damage":0,"enemies":"Cultist and Chosen","floor":30,"turns":5},{"damage":0,"enemies":"Snake Plant","floor":31,"turns":4},{"damage":44,"enemies":"Collector","floor":33,"turns":9},{"damage":0,"enemies":"Flame Bruiser 1 Orb","floor":35,"turns":2},{"damage":9,"floor":38,"turns":4},{"damage":0,"enemies":"Orb Walker","floor":39,"turns":2},{"damage":5,"enemies":"Sphere and 2 Shapes","floor":42,"turns":5},{"damage":14,"enemies":"Maw","floor":47,"turns":6},{"damage":11,"enemies":"Spire Growth","floor":48,"turns":4},{"damage":84,"enemies":"Awakened One","floor":50,"turns":14}],"seed_played":"-2055931220771712787","potions_obtained":[{"floor":4,"key":"SmokeBomb"},{"floor":6,"key":"FairyPotion"},{"floor":18,"key":"EntropicBrew"},{"floor":24,"key":"GamblersBrew"},{"floor":27,"key":"LiquidBronze"},{"floor":30,"key":"EssenceOfSteel"}],"is_trial":false,"path_per_floor":["M","$","?","M","?","E","T","M","T","?","M","M","R","M","R","B",null,"M","?","?","M","$","R","E","?","T","M","M","R","M","M","R","B",null,"M","?","?","?","M","R","?","M","T","R","?","$","M","M","R"],"character_chosen":"THE_SILENT","items_purchased":["Skewer","Deflect","Thread and Needle","Leg Sweep","Dagger Throw","Infinite Blades","Master of Strategy+1","PiercingWail+1","Sucker Punch"],"campfire_rested":4,"item_purchase_floors":[2,2,22,22,22,22,46,46,46],"current_hp_per_floor":[70,70,70,70,70,66,73,68,68,68,68,68,68,66,87,39,87,77,77,77,73,73,73,39,39,39,38,38,64,64,64,87,43,87,87,87,87,78,78,78,78,73,73,73,63,63,49,38,64,0],"gold":96,"neow_bonus":"RANDOM_COMMON_RELIC","is_prod":false,"is_daily":false,"chose_seed":false,"campfire_upgraded":4,"win_rate":0.0,"timestamp":1531687946,"path_taken":["M","$","?","M","?","E","?","M","T","?","M","M","R","M","R","BOSS","M","?","?","M","$","R","E","?","T","M","M","R","M","?","R","BOSS","M","?","?","?","M","R","?","?","T","R","?","$","?","M","R","BOSS"],"build_version":"2018-07-12","purchased_purges":0,"victory":false,"max_hp_per_floor":[70,70,70,70,70,80,87,87,87,87,87,87,87,87,87,87,87,87,87,87,87,87,87,87,87,87,87,87,87,87,87,87,87,87,87,87,87,87,87,87,87,87,87,87,87,87,87,87,87,87],"card_choices":[{"not_picked":["Outmaneuver","Endless Agony"],"picked":"Noxious Fumes","floor":1},{"not_picked":["Acrobatics","Flying Knee"],"picked":"Sucker Punch","floor":4},{"not_picked":["Heel Hook","Skewer"],"picked":"Slice","floor":6},{"not_picked":["Underhanded Strike","Eviscerate"],"picked":"Backstab","floor":8},{"not_picked":["Underhanded Strike","Acrobatics"],"picked":"Poisoned Stab","floor":11},{"not_picked":["Slice","Dagger Throw"],"picked":"Crippling Poison","floor":12},{"not_picked":["Backflip","Slice"],"picked":"Dagger Spray","floor":14},{"not_picked":["Wraith Form v2","After Image"],"picked":"Adrenaline","floor":16},{"not_picked":[],"picked":"Bane","floor":18},{"not_picked":[],"picked":"Footwork+1","floor":21},{"not_picked":["Eviscerate+1"],"picked":"SKIP","floor":24},{"not_picked":[],"picked":"Blade Dance","floor":27},{"not_picked":[],"picked":"PiercingWail+1","floor":28},{"not_picked":[],"picked":"Deflect","floor":30},{"not_picked":[],"picked":"Choke","floor":31},{"not_picked":[],"picked":"Glass Knife","floor":33},{"not_picked":[],"picked":"Skewer+1","floor":35},{"not_picked":[],"picked":"Underhanded Strike+1","floor":38},{"not_picked":[],"picked":"Finisher+1","floor":39},{"not_picked":[],"picked":"Bane","floor":42},{"not_picked":[],"picked":"Jack Of All Trades+1","floor":45},{"not_picked":[],"picked":"Panacea+1","floor":45},{"not_picked":[],"picked":"Purity+1","floor":45},{"not_picked":[],"picked":"Dagger Throw+1","floor":47},{"not_picked":[],"picked":"Infinite Blades","floor":48}],"player_experience":33991,"relics_obtained":[{"floor":6,"key":"Pear"},{"floor":7,"key":"Strawberry"},{"floor":9,"key":"War Paint"},{"floor":24,"key":"Pen Nib"},{"floor":26,"key":"Snake Skull"},{"floor":38,"key":"Ginger"},{"floor":43,"key":"Toxic Egg 2"}],"event_choices":[{"event_name":"Golden Wing","player_choice":"Ignored","floor":3,"damage_taken":0},{"event_name":"Living Wall","player_choice":"Grow","floor":5,"damage_taken":0},{"event_name":"Liars Game","player_choice":"agreed","floor":10,"damage_taken":0},{"event_name":"The Library","player_choice":"Read","floor":19,"damage_taken":0},{"event_name":"Upgrade Shrine","player_choice":"Upgraded","floor":20,"damage_taken":0},{"event_name":"Back to Basics","player_choice":"Simplicity","floor":25,"damage_taken":0},{"event_name":"Falling","player_choice":"Removed Attack","floor":36,"damage_taken":0},{"event_name":"Bonfire Elementals","player_choice":"BASIC","floor":37,"damage_taken":0},{"event_name":"Mysterious Sphere","player_choice":"Fight","floor":38,"damage_taken":0},{"event_name":"SecretPortal","player_choice":"Rejected Portal.","floor":41,"damage_taken":0},{"event_name":"SensoryStone","player_choice":"Memory 3","floor":45,"damage_taken":0}],"boss_relics":[{"not_picked":["Astrolabe","Runic Dome"],"picked":"Busted Crown"},{"not_picked":["Velvet Choker","Coffee Dripper"],"picked":"Sozu"}],"items_purged_floors":[],"is_endless":false,"potions_floor_spawned":[4,6,18,24,27,30,38,42,48],"killed_by":"Awakened One","ascension_level":0}