{"gold_per_floor":[118,131,96,114,128,128,160,160,160,9,9,26,39,50,50,155,155,173,189,189,25,25,53,53,53,53,153,153,153,31,43,43,142,142,158,158,175,201,211,211,17,17,17,117,117,145,145,145,145,145],"floor_reached":51,"playtime":6523,"items_purged":["Writhe"],"score":666,"play_id":"56d8a93b-31db-4e27-bd07-3b113b233a26","local_time":"20190527152659","is_ascension_mode":false,"campfire_choices":[{"data":"Armaments","floor":6.0,"key":"SMITH"},{"floor":8.0,"key":"REST"},{"floor":15.0,"key":"REST"},{"floor":25.0,"key":"REST"},{"floor":28.0,"key":"REST"},{"floor":32.0,"key":"REST"},{"floor":40,"key":"REST"},{"data":"Armaments","floor":45,"key":"SMITH"},{"data":"Dual Wield","floor":47,"key":"SMITH"},{"data":"Enlightenment","floor":49,"key":"SMITH"}],"neow_cost":"NONE","seed_source_timestamp":0,"circlet_count":0,"master_deck":["Strike_R+1","Strike_R+1","Strike_R+1","Strike_R+1","Strike_R+1","Defend_R+1","Defend_R+1","Defend_R+1","Defend_R+1","Bash","Iron Wave","Warcry","Brutality","Armaments+1","Body Slam","Iron Wave","Entrench","Impervious","Armaments+1","Headbutt","PanicButton","Shrug It Off","Rampage+1","Good Instincts+1","Entrench+1","Flex","Demon Form","Armaments+1","Enlightenment+1","Iron Wave+1","Shrug It Off","Carnage+1","Dual Wield+1"],"special_seed":0,"relics":["Velvet Choker","WingedGreaves","Self Forming Clay","Centennial Puzzle","Dodecahedron","Eternal Feather","Happy Flower","Lantern","Molten Egg 2","Thread and Needle","Paper Frog","Bottled Lightning","Philosopher\u0027s Stone","War Paint","Bag of Preparation","Mummified Hand","Bird Faced Urn","FossilizedHelix","Pear"],"potions_floor_usage":[50,50],"damage_taken":[{"damage":7.0,"enemies":"Small Slimes","floor":1.0,"turns":3.0},{"damage":11.0,"enemies":"Jaw Worm","floor":2.0,"turns":2.0},{"damage":0.0,"enemies":"2 Louse","floor":4.0,"turns":2.0},{"damage":14.0,"enemies":"Large Slime","floor":5.0,"turns":6.0},{"damage":19.0,"enemies":"Lagavulin","floor":7.0,"turns":6.0},{"damage":1.0,"enemies":"2 Fungi Beasts","floor":12.0,"turns":2.0},{"damage":5.0,"enemies":"Exordium Thugs","floor":13.0,"turns":3.0},{"damage":1.0,"enemies":"Exordium Wildlife","floor":14.0,"turns":2.0},{"damage":41.0,"enemies":"The Guardian","floor":16.0,"turns":8.0},{"damage":0.0,"enemies":"3 Byrds","floor":18.0,"turns":8.0},{"damage":8.0,"enemies":"2 Thieves","floor":19.0,"turns":4.0},{"damage":43.0,"enemies":"Slavers","floor":23.0,"turns":6.0},{"damage":16.0,"enemies":"Colosseum Slavers","floor":27.0,"turns":7.0},{"damage":62.0,"enemies":"Colosseum Nobs","floor":27.0,"turns":6.0},{"damage":25.0,"enemies":"Sentry and Sphere","floor":31.0,"turns":10.0},{"damage":18.0,"enemies":"Collector","floor":33.0,"turns":9.0},{"damage":29.0,"enemies":"3 Darklings","floor":35.0,"turns":8.0},{"damage":7,"enemies":"Orb Walker","floor":37,"turns":4},{"damage":14,"enemies":"Maw","floor":39,"turns":8},{"damage":1,"enemies":"Mind Bloom Boss Battle","floor":44,"turns":6},{"damage":30,"enemies":"Nemesis","floor":46,"turns":5},{"damage":41,"enemies":"Time Eater","floor":50,"turns":11}],"seed_played":"560950225861504205","potions_obtained":[{"floor":4.0,"key":"SkillPotion"},{"floor":12.0,"key":"GamblersBrew"},{"floor":16.0,"key":"FairyPotion"},{"floor":27.0,"key":"Block Potion"},{"floor":33.0,"key":"Weak Potion"},{"floor":39,"key":"LiquidBronze"},{"floor":44,"key":"Energy Potion"},{"floor":46,"key":"Regen Potion"}],"is_trial":false,"path_per_floor":["M","M","?","M","M","R","E","R","T","$","?","M","M","M","R","B",null,"M","M","?","$","?","E","?","R","T","?","R","T","$","M","R","B",null,"M","?","M","T","M","R","$","?","T","?","R","E","R","T","R","B",null],"character_chosen":"IRONCLAD","items_purchased":["Centennial Puzzle","PanicButton","Good Instincts","Entrench","Bag of Preparation","Shrug It Off"],"campfire_rested":6,"item_purchase_floors":[10,21,30,30,41,41],"current_hp_per_floor":[73,62,80,80,66,66,47,71,71,71,64,63,58,57,80,39,80,80,72,72,72,72,29,29,65,65,7,43,43,43,18,57,39,80,51,51,44,44,30,72,72,72,72,71,76,46,64,74,86,55],"gold":145,"neow_bonus":"BOSS_RELIC","is_prod":false,"is_daily":false,"chose_seed":false,"campfire_upgraded":4,"win_rate":0.0,"timestamp":1558963619,"path_taken":["M","M","?","M","M","R","E","R","T","$","?","M","M","M","R","BOSS","M","M","?","$","?","E","?","R","T","?","R","?","$","M","R","BOSS","M","?","M","?","?","R","$","?","T","?","R","E","R","?","R","BOSS"],"build_version":"2019-01-23","purchased_purges":1,"victory":true,"max_hp_per_floor":[80,80,80,80,80,80,80,80,80,80,80,80,80,80,80,80,80,80,80,80,80,80,80,80,80,80,80,80,80,80,80,80,80,80,80,80,80,80,80,80,80,76,76,76,76,76,76,86,86,86],"card_choices":[{"not_picked":["Power Through","Disarm"],"picked":"Iron Wave","floor":1.0},{"not_picked":["Thunderclap","Clash"],"picked":"Warcry","floor":2.0},{"not_picked":["Perfected Strike","Anger"],"picked":"Brutality","floor":4.0},{"not_picked":["Clash","Thunderclap"],"picked":"Armaments","floor":5.0},{"not_picked":["Dark Embrace","Sword Boomerang"],"picked":"Body Slam","floor":7.0},{"not_picked":["Whirlwind","Perfected Strike","Thunderclap"],"picked":"SKIP","floor":12.0},{"not_picked":["Clash","Sword Boomerang"],"picked":"Iron Wave","floor":13.0},{"not_picked":["Power Through","Infernal Blade"],"picked":"Entrench","floor":14.0},{"not_picked":["Brutality","Offering"],"picked":"Impervious","floor":16.0},{"not_picked":["Clash","Heavy Blade"],"picked":"Armaments","floor":18.0},{"not_picked":["Thunderclap","Reckless Charge"],"picked":"Headbutt","floor":19.0},{"not_picked":["Thunderclap","Dual Wield"],"picked":"Shrug It Off","floor":23.0},{"not_picked":["Warcry","Twin Strike+1"],"picked":"Rampage+1","floor":27.0},{"not_picked":["Perfected Strike+1","Clash+1"],"picked":"Flex","floor":31.0},{"not_picked":["Berserk","Brutality"],"picked":"Demon Form","floor":33.0},{"not_picked":["Anger+1","Feel No Pain"],"picked":"Armaments+1","floor":35.0},{"not_picked":["Dramatic Entrance+1","Violence"],"picked":"Enlightenment","floor":36},{"not_picked":["Twin Strike+1","Reckless Charge+1"],"picked":"Iron Wave+1","floor":37},{"not_picked":["Rampage+1","Intimidate","Dropkick+1"],"picked":"SKIP","floor":39},{"not_picked":["Twin Strike+1","Headbutt+1"],"picked":"Carnage+1","floor":44},{"not_picked":["Anger+1","Ghostly Armor+1"],"picked":"Dual Wield","floor":46}],"player_experience":36926,"relics_obtained":[{"floor":7.0,"key":"WingedGreaves"},{"floor":9.0,"key":"Self Forming Clay"},{"floor":23.0,"key":"Lantern"},{"floor":26.0,"key":"Molten Egg 2"},{"floor":27.0,"key":"Thread and Needle"},{"floor":27.0,"key":"Paper Frog"},{"floor":29.0,"key":"Bottled Lightning"},{"floor":38,"key":"War Paint"},{"floor":43,"key":"Mummified Hand"},{"floor":44,"key":"Bird Faced Urn"},{"floor":46,"key":"FossilizedHelix"},{"floor":48,"key":"Pear"}],"event_choices":[{"damage_healed":20.0,"max_hp_gain":0.0,"max_hp_loss":0.0,"gold_gain":0.0,"event_name":"The Cleric","player_choice":"Healed","floor":3.0,"gold_loss":35.0,"damage_taken":0.0},{"damage_healed":0.0,"max_hp_gain":0.0,"max_hp_loss":0.0,"gold_gain":0.0,"event_name":"Scrap Ooze","player_choice":"Success","floor":11.0,"gold_loss":0.0,"damage_taken":7.0,"relics_obtained":["Dodecahedron"]},{"damage_healed":0.0,"max_hp_gain":0.0,"max_hp_loss":0.0,"gold_gain":0.0,"event_name":"The Mausoleum","player_choice":"Opened","floor":20.0,"gold_loss":0.0,"damage_taken":0.0,"relics_obtained":["Happy Flower"],"cards_obtained":["Writhe"]},{"damage_healed":0.0,"max_hp_gain":0.0,"max_hp_loss":0.0,"gold_gain":0.0,"event_name":"Back to Basics","player_choice":"Simplicity","floor":22.0,"gold_loss":0.0,"damage_taken":0.0,"cards_upgraded":["Strike_R","Strike_R","Strike_R","Strike_R","Strike_R","Defend_R","Defend_R","Defend_R","Defend_R"]},{"damage_healed":0.0,"max_hp_gain":0.0,"max_hp_loss":0.0,"gold_gain":0.0,"event_name":"Colosseum","player_choice":"Fight","floor":27.0,"gold_loss":0.0,"damage_taken":0.0},{"damage_healed":0.0,"max_hp_gain":0.0,"max_hp_loss":0.0,"gold_gain":0.0,"event_name":"Colosseum","player_choice":"Fought Nobs","floor":27.0,"gold_loss":0.0,"damage_taken":0.0},{"damage_healed":0,"gold_gain":0,"player_choice":"Memory 1","damage_taken":0,"max_hp_gain":0,"max_hp_loss":0,"event_name":"SensoryStone","floor":36,"gold_loss":0},{"damage_healed":0,"gold_gain":0,"player_choice":"Max HP","damage_taken":0,"max_hp_gain":0,"max_hp_loss":4,"event_name":"Winding Halls","floor":42,"gold_loss":0},{"damage_healed":0,"gold_gain":0,"player_choice":"Fight","damage_taken":0,"max_hp_gain":0,"max_hp_loss":0,"event_name":"MindBloom","floor":44,"gold_loss":0}],"is_beta":false,"boss_relics":[{"not_picked":["Runic Pyramid","Cursed Key"],"picked":"Eternal Feather"},{"not_picked":["Runic Cube","Black Star"],"picked":"Philosopher\u0027s Stone"}],"items_purged_floors":[21],"is_endless":false,"potions_floor_spawned":[4,12,16,27,27,33,39,44,46],"ascension_level":0}