{"gold_per_floor":[113,113,130,130,2,43,43,43,69,90,90,40,81,97,97,228,228,242,242,367,64,77,77,98,197,197,541,541,541,13,25,25,127,127,138,0,0,14,31,58,58,85,85,14,14,14,40,50,50,50],"floor_reached":51,"playtime":3606,"items_purged":["Strike_R"],"score":1226,"play_id":"27f81273-588a-43a6-ad58-f3d8ea600345","local_time":"20190326162534","is_ascension_mode":true,"campfire_choices":[{"data":"Armaments","floor":7,"key":"SMITH"},{"floor":11,"key":"REST"},{"data":"Combust","floor":15,"key":"SMITH"},{"floor":23,"key":"REST"},{"data":"Whirlwind","floor":32,"key":"SMITH"},{"data":"Limit Break","floor":41,"key":"SMITH"},{"data":"Barricade","floor":49,"key":"SMITH"}],"neow_cost":"NONE","seed_source_timestamp":493787172955773,"circlet_count":0,"master_deck":["AscendersBane","Defend_R","Defend_R","Defend_R","Panacea","Armaments+1","Clothesline","Combust+1","Clothesline","Shrug It Off","Limit Break+1","True Grit","Barricade+1","Iron Wave","Impervious","Uppercut","Shrug It Off","Pommel Strike","Body Slam","Flame Barrier","Inflame","Whirlwind+1","Dark Embrace","Juggernaut+1","Cleave+1","Whirlwind+1","True Grit+1","Flame Barrier+1","Double Tap","Feel No Pain","Corruption","Limit Break","Uppercut+1"],"relics":["Burning Blood","Bloody Idol","Bottled Lightning","Dream Catcher","Lantern","Bag of Preparation","Sozu","Enchiridion","StoneCalendar","Letter Opener","Anchor","Old Coin","FossilizedHelix","Oddly Smooth Stone","Astrolabe","Red Mask","Thread and Needle","Blue Candle","Red Skull","Pantograph","Vajra"],"potions_floor_usage":[16,20,20],"damage_taken":[{"damage":9,"enemies":"Jaw Worm","floor":1,"turns":4},{"damage":0,"enemies":"Small Slimes","floor":3,"turns":6},{"damage":31,"enemies":"Gremlin Nob","floor":6,"turns":5},{"damage":0,"enemies":"2 Louse","floor":10,"turns":2},{"damage":21,"enemies":"3 Sentries","floor":13,"turns":4},{"damage":10,"enemies":"Exordium Wildlife","floor":14,"turns":6},{"damage":32,"enemies":"Slime Boss","floor":16,"turns":8},{"damage":5,"enemies":"Chosen","floor":18,"turns":5},{"damage":14,"enemies":"Colosseum Slavers","floor":20,"turns":6},{"damage":35,"enemies":"Colosseum Nobs","floor":20,"turns":5},{"damage":10,"enemies":"Spheric Guardian","floor":22,"turns":4},{"damage":22,"enemies":"Centurion and Healer","floor":24,"turns":6},{"damage":0,"enemies":"Book of Stabbing","floor":27,"turns":6},{"damage":0,"enemies":"3 Cultists","floor":31,"turns":6},{"damage":55,"enemies":"Automaton","floor":33,"turns":9},{"damage":0,"enemies":"3 Shapes","floor":35,"turns":5},{"damage":0,"enemies":"Orb Walker","floor":38,"turns":3},{"damage":0,"enemies":"Sphere and 2 Shapes","floor":39,"turns":3},{"damage":32,"enemies":"Reptomancer","floor":40,"turns":7},{"damage":0,"enemies":"Nemesis","floor":42,"turns":5},{"damage":18,"enemies":"Reptomancer","floor":47,"turns":4},{"damage":0,"enemies":"Transient","floor":48,"turns":5},{"damage":50,"enemies":"Time Eater","floor":50,"turns":9}],"seed_played":"9011983795526037573","potions_obtained":[{"floor":6,"key":"PowerPotion"},{"floor":13,"key":"Regen Potion"},{"floor":16,"key":"Regen Potion"}],"is_trial":false,"path_per_floor":["M","?","M","?","$","E","R","?","T","M","R","?","E","M","R","B",null,"M","?","?","$","M","R","M","?","T","E","?","?","$","M","R","B",null,"M","?","?","M","M","E","R","E","T","$","T","?","E","M","R","B",null],"character_chosen":"IRONCLAD","items_purchased":["Combust","Clothesline","Impervious","Uppercut","Inflame","FossilizedHelix","Oddly Smooth Stone","Feel No Pain"],"campfire_rested":2,"item_purchase_floors":[5,5,21,21,30,30,30,44],"current_hp_per_floor":[69,62,68,68,68,43,43,36,36,42,64,64,49,45,45,19,60,61,45,37,37,33,55,39,39,39,45,45,45,45,56,56,12,59,70,70,70,70,70,49,49,60,60,60,60,60,53,64,64,26],"gold":50,"neow_bonus":"RANDOM_COLORLESS","is_prod":false,"is_daily":false,"chose_seed":false,"campfire_upgraded":5,"win_rate":0,"timestamp":1553631934,"path_taken":["M","?","M","?","?","E","R","?","T","M","R","?","E","M","R","BOSS","M","?","?","?","?","R","M","?","T","E","?","?","$","M","R","BOSS","M","?","?","?","M","E","R","E","T","?","?","?","E","?","R","BOSS"],"build_version":"2019-01-23","purchased_purges":1,"victory":true,"max_hp_per_floor":[80,80,80,74,74,74,74,74,74,74,74,74,74,74,74,74,74,74,74,74,74,74,74,74,74,74,74,74,74,74,74,74,74,74,74,74,70,70,70,70,70,70,70,70,70,70,70,70,70,70],"card_choices":[{"not_picked":["Headbutt","Seeing Red"],"picked":"Armaments","floor":1},{"not_picked":["Anger","Sword Boomerang"],"picked":"Clothesline","floor":3},{"not_picked":["Warcry","Pummel"],"picked":"Shrug It Off","floor":6},{"not_picked":["Blood for Blood","Havoc"],"picked":"Limit Break","floor":10},{"not_picked":["Headbutt","Clothesline"],"picked":"True Grit","floor":13},{"not_picked":["Disarm","Heavy Blade","Armaments"],"picked":"SKIP","floor":14},{"not_picked":["Fiend Fire","Juggernaut"],"picked":"Barricade","floor":16},{"not_picked":["Shrug It Off","Heavy Blade+1"],"picked":"Iron Wave","floor":18},{"not_picked":["True Grit","Thunderclap"],"picked":"Shrug It Off","floor":22},{"not_picked":["Barricade","Fire Breathing"],"picked":"Pommel Strike","floor":23},{"not_picked":["Disarm","Thunderclap+1"],"picked":"Body Slam","floor":24},{"not_picked":["Intimidate","Sword Boomerang"],"picked":"Flame Barrier","floor":27},{"not_picked":["Heavy Blade","Anger"],"picked":"Whirlwind","floor":31},{"not_picked":["Barricade","Immolate"],"picked":"Dark Embrace","floor":33},{"not_picked":["Wild Strike+1","Twin Strike+1"],"picked":"True Grit+1","floor":35},{"not_picked":["Clothesline","Twin Strike","Searing Blow"],"picked":"SKIP","floor":38},{"not_picked":["Sword Boomerang","Perfected Strike","Headbutt+1"],"picked":"SKIP","floor":39},{"not_picked":["Evolve","Searing Blow+1"],"picked":"Flame Barrier+1","floor":40},{"not_picked":["Anger","Dropkick"],"picked":"Double Tap","floor":42},{"not_picked":["Warcry+1","Havoc"],"picked":"Limit Break","floor":47},{"not_picked":["Fire Breathing+1","Cleave"],"picked":"Uppercut+1","floor":48}],"player_experience":220108,"relics_obtained":[{"floor":6,"key":"Bottled Lightning"},{"floor":9,"key":"Lantern"},{"floor":13,"key":"Bag of Preparation"},{"floor":19,"key":"Enchiridion"},{"floor":20,"key":"StoneCalendar"},{"floor":20,"key":"Letter Opener"},{"floor":26,"key":"Anchor"},{"floor":27,"key":"Old Coin"},{"floor":40,"key":"Thread and Needle"},{"floor":42,"key":"Blue Candle"},{"floor":43,"key":"Red Skull"},{"floor":45,"key":"Pantograph"},{"floor":47,"key":"Vajra"}],"event_choices":[{"cards_removed":["Strike_R"],"damage_healed":0,"gold_gain":0,"player_choice":"Card Removal","damage_taken":7,"max_hp_gain":0,"max_hp_loss":0,"event_name":"Golden Wing","floor":2,"gold_loss":0},{"damage_healed":0,"gold_gain":0,"player_choice":"Lose Max HP","damage_taken":0,"relics_obtained":["Golden Idol"],"max_hp_gain":0,"max_hp_loss":6,"event_name":"Golden Idol","floor":4,"gold_loss":0},{"damage_healed":0,"gold_gain":0,"player_choice":"Success","damage_taken":7,"relics_obtained":["Dream Catcher"],"max_hp_gain":0,"max_hp_loss":0,"event_name":"Scrap Ooze","floor":8,"gold_loss":0},{"cards_removed":["Strike_R"],"damage_healed":0,"gold_gain":0,"player_choice":"Card Removal","damage_taken":0,"max_hp_gain":0,"max_hp_loss":0,"event_name":"The Cleric","floor":12,"gold_loss":50},{"damage_healed":0,"gold_gain":0,"player_choice":"Obtained Book","damage_taken":16,"max_hp_gain":0,"max_hp_loss":0,"event_name":"Cursed Tome","floor":19,"gold_loss":0},{"damage_healed":0,"gold_gain":0,"player_choice":"Fight","damage_taken":0,"max_hp_gain":0,"max_hp_loss":0,"event_name":"Colosseum","floor":20,"gold_loss":0},{"damage_healed":0,"gold_gain":0,"player_choice":"Fought Nobs","damage_taken":0,"max_hp_gain":0,"max_hp_loss":0,"event_name":"Colosseum","floor":20,"gold_loss":0},{"damage_healed":0,"gold_gain":99,"player_choice":"Stole From Cult","damage_taken":0,"max_hp_gain":0,"max_hp_loss":0,"event_name":"Nest","floor":25,"gold_loss":0},{"damage_healed":0,"gold_gain":0,"player_choice":"Ignored","damage_taken":0,"max_hp_gain":0,"max_hp_loss":0,"event_name":"Vampires","floor":28,"gold_loss":0},{"damage_healed":0,"gold_gain":0,"player_choice":"Gave Idol","damage_taken":0,"relics_obtained":["Bloody Idol"],"max_hp_gain":0,"max_hp_loss":0,"event_name":"Forgotten Altar","floor":29,"relics_lost":["Golden Idol"],"gold_loss":0},{"damage_healed":0,"gold_gain":0,"player_choice":"Paid","damage_taken":0,"relics_obtained":["Red Mask"],"max_hp_gain":0,"max_hp_loss":0,"event_name":"Tomb of Lord Red Mask","floor":36,"gold_loss":138},{"damage_healed":0,"gold_gain":0,"player_choice":"Max HP","damage_taken":0,"max_hp_gain":0,"max_hp_loss":4,"event_name":"Winding Halls","floor":37,"gold_loss":0},{"damage_healed":0,"gold_gain":0,"cards_transformed":["Bash"],"player_choice":"Transformed","damage_taken":0,"max_hp_gain":0,"max_hp_loss":0,"event_name":"Transmorgrifier","floor":46,"gold_loss":0,"cards_obtained":["Corruption"]}],"is_beta":false,"boss_relics":[{"not_picked":["White Beast Statue","Pandora\u0027s Box"],"picked":"Sozu"},{"not_picked":["Coffee Dripper","Runic Cube"],"picked":"Astrolabe"}],"items_purged_floors":[21],"is_endless":false,"potions_floor_spawned":[6,13,16,20,20,22,31,35,39,40,47],"ascension_level":10}