{"gold_per_floor":[110,185,185,185,199,225,225,252,252,270,35,52,52,71,71,148,148,164,174,2,18,18],"floor_reached":22,"playtime":1035,"items_purged":["Strike_B"],"score":442,"play_id":"8b410758-a470-4d91-be7d-f9ec45c623d1","local_time":"20190525150639","is_ascension_mode":true,"campfire_choices":[{"data":"Streamline","floor":7.0,"key":"SMITH"},{"data":"Consume","floor":13.0,"key":"SMITH"},{"data":"Coolheaded","floor":15.0,"key":"SMITH"}],"neow_cost":"NONE","seed_source_timestamp":422567995021446,"circlet_count":0,"master_deck":["AscendersBane","Strike_B","Strike_B","Defend_B","Defend_B","Defend_B","Defend_B","Zap","Dualcast","Streamline+1","Coolheaded+1","Capacitor","Consume+1","Echo Form","Loop","Barrage+1"],"special_seed":0,"relics":["Cracked Core","NeowsBlessing","Singing Bowl","Nunchaku","Kunai","Blood Vial","Inserter","Anchor"],"potions_floor_usage":[21,22],"damage_taken":[{"damage":0.0,"enemies":"Cultist","floor":1.0,"turns":1.0},{"damage":0.0,"enemies":"Small Slimes","floor":5.0,"turns":1.0},{"damage":0.0,"enemies":"Gremlin Nob","floor":6.0,"turns":1.0},{"damage":29.0,"enemies":"3 Sentries","floor":8.0,"turns":7.0},{"damage":0.0,"enemies":"2 Louse","floor":10.0,"turns":1.0},{"damage":6.0,"enemies":"Looter","floor":12.0,"turns":3.0},{"damage":10.0,"enemies":"Large Slime","floor":14.0,"turns":5.0},{"damage":8.0,"enemies":"The Guardian","floor":16.0,"turns":11.0},{"damage":22.0,"enemies":"Shell Parasite","floor":18.0,"turns":9.0},{"damage":13.0,"enemies":"Chosen","floor":19.0,"turns":7.0},{"damage":30,"enemies":"Sentry and Sphere","floor":21,"turns":7},{"damage":9,"enemies":"Snake Plant","floor":22,"turns":2}],"seed_played":"6045836023787997181","potions_obtained":[{"floor":1.0,"key":"Swift Potion"},{"floor":14.0,"key":"Poison Potion"},{"floor":16.0,"key":"Strength Potion"},{"floor":21,"key":"GamblersBrew"}],"is_trial":false,"path_per_floor":["M","?","?","?","M","E","R","E","T","M","$","M","R","M","R","B",null,"M","M","$","M","M"],"character_chosen":"DEFECT","items_purchased":["Blood Vial","Anchor"],"campfire_rested":0,"item_purchase_floors":[11,20],"current_hp_per_floor":[64,53,58,58,58,58,58,29,29,31,31,27,27,21,21,15,64,44,33,33,7,0],"gold":18,"neow_bonus":"THREE_ENEMY_KILL","is_prod":false,"is_daily":false,"chose_seed":false,"campfire_upgraded":3,"win_rate":0,"timestamp":1558811199,"path_taken":["M","?","?","?","?","E","R","E","T","M","$","M","R","M","R","BOSS","M","M","$","?","M"],"build_version":"2019-01-23","purchased_purges":1,"victory":false,"max_hp_per_floor":[71,71,76,76,76,76,76,76,76,78,78,78,78,80,80,80,80,80,80,80,82,82],"card_choices":[{"not_picked":["Turbo","Beam Cell"],"picked":"Streamline","floor":1.0},{"not_picked":["Reprogram","Recycle","Steam Power"],"picked":"SKIP","floor":5.0},{"not_picked":["Leap","Sunder"],"picked":"Coolheaded","floor":6.0},{"not_picked":["Thunder Strike","Stack"],"picked":"Capacitor","floor":8.0},{"not_picked":["Leap","Stack","Cold Snap"],"picked":"Singing Bowl","floor":10.0},{"not_picked":["Compile Driver","Sweeping Beam"],"picked":"Consume","floor":12.0},{"not_picked":["Chill","Go for the Eyes","BootSequence"],"picked":"Singing Bowl","floor":14.0},{"not_picked":["Machine Learning","Creative AI"],"picked":"Echo Form","floor":16.0},{"not_picked":["Beam Cell","Sweeping Beam"],"picked":"Loop","floor":18.0},{"not_picked":["Turbo+1","Steam Power"],"picked":"Barrage+1","floor":19.0},{"not_picked":["Beam Cell","Barrage","Reprogram"],"picked":"Singing Bowl","floor":21}],"player_experience":798842,"relics_obtained":[{"floor":6.0,"key":"Singing Bowl"},{"floor":8.0,"key":"Nunchaku"},{"floor":9.0,"key":"Kunai"}],"event_choices":[{"damage_healed":0.0,"max_hp_gain":0.0,"max_hp_loss":0.0,"gold_gain":75.0,"event_name":"World of Goop","player_choice":"Gather Gold","floor":2.0,"gold_loss":0.0,"damage_taken":11.0},{"damage_healed":0.0,"max_hp_gain":5.0,"max_hp_loss":0.0,"gold_gain":0.0,"event_name":"Big Fish","player_choice":"Donut","floor":3.0,"gold_loss":0.0,"damage_taken":0.0},{"cards_removed":["Strike_B"],"damage_healed":0.0,"max_hp_gain":0.0,"max_hp_loss":0.0,"gold_gain":0.0,"event_name":"Purifier","player_choice":"Purged","floor":4.0,"gold_loss":0.0,"damage_taken":0.0}],"is_beta":false,"boss_relics":[{"not_picked":["FrozenCore","Eternal Feather"],"picked":"Inserter"}],"items_purged_floors":[11],"is_endless":false,"potions_floor_spawned":[1,14,16,18,21],"killed_by":"Snake Plant","ascension_level":20}