{"gold_per_floor":[118,118,131,148,5,34,34,34,60,60,60,60,78,78,78,156,156,168,179,179,29,29,58,58,74,125,125,125,152,169,197,197,197],"floor_reached":33,"playtime":2099,"items_purged":["Strike_G"],"score":552,"play_id":"14618e9a-9fda-44a5-ac84-04b76c031832","local_time":"20190504230138","is_ascension_mode":true,"campfire_choices":[{"data":"Survivor","floor":7,"key":"SMITH"},{"data":"Well Laid Plans","floor":10,"key":"SMITH"},{"floor":15,"key":"REST"},{"data":"Glass Knife","floor":24,"key":"SMITH"},{"data":"Backflip","floor":27,"key":"SMITH"},{"floor":32,"key":"REST"}],"neow_cost":"NONE","seed_source_timestamp":17058940742546,"circlet_count":0,"master_deck":["AscendersBane","Defend_G","Defend_G","Defend_G","Defend_G","Defend_G+1","Survivor+1","Neutralize+1","Dagger Spray+1","Well Laid Plans+1","Poisoned Stab","Noxious Fumes+1","PiercingWail","Glass Knife+1","Dagger Throw","Crippling Poison","Bite","Bite","Bite","Bite","Bite","Reflex","Backflip+1","Cloak And Dagger","Calculated Gamble","After Image","Blur+1"],"relics":["Ring of the Snake","Boot","Juzu Bracelet","Philosopher\u0027s Stone","MutagenicStrength","Vajra","Art of War","Happy Flower","Calipers","Dream Catcher"],"potions_floor_usage":[6,16,23,23,31],"damage_taken":[{"damage":1,"enemies":"Small Slimes","floor":1,"turns":4},{"damage":1,"enemies":"2 Louse","floor":3,"turns":2},{"damage":5,"enemies":"Cultist","floor":4,"turns":4},{"damage":6,"enemies":"Lagavulin","floor":6,"turns":6},{"damage":11,"enemies":"Lots of Slimes","floor":13,"turns":3},{"damage":13,"enemies":"Slime Boss","floor":16,"turns":11},{"damage":5,"enemies":"2 Thieves","floor":18,"turns":4},{"damage":0,"enemies":"Chosen","floor":19,"turns":5},{"damage":4,"enemies":"Slavers","floor":23,"turns":5},{"damage":23,"enemies":"3 Cultists","floor":25,"turns":5},{"damage":1,"enemies":"Gremlin Leader","floor":29,"turns":6},{"damage":8,"enemies":"Centurion and Healer","floor":30,"turns":4},{"damage":35,"enemies":"Slavers","floor":31,"turns":4},{"damage":45,"enemies":"Collector","floor":33,"turns":7}],"seed_played":"-8176419693066494113","potions_obtained":[{"floor":4,"key":"Poison Potion"},{"floor":6,"key":"FearPotion"},{"floor":16,"key":"Weak Potion"},{"floor":18,"key":"Fire Potion"},{"floor":30,"key":"PowerPotion"}],"is_trial":false,"path_per_floor":["M","?","M","M","$","E","R","$","T","R","?","?","M","?","R","B",null,"M","M","?","$","?","E","R","M","T","R","?","E","M","E","R","B"],"character_chosen":"THE_SILENT","items_purchased":["Noxious Fumes","Vajra"],"campfire_rested":2,"item_purchase_floors":[5,21],"current_hp_per_floor":[58,38,37,32,32,26,26,26,26,26,19,19,8,8,27,14,53,48,48,48,48,46,46,46,27,27,27,27,46,40,11,24,0],"gold":197,"neow_bonus":"UPGRADE_CARD","is_prod":false,"is_daily":false,"chose_seed":false,"campfire_upgraded":4,"win_rate":0,"timestamp":1557025298,"path_taken":["M","?","M","M","$","E","R","$","T","R","?","?","M","?","R","BOSS","M","M","?","$","?","E","R","M","T","R","?","E","M","E","R","BOSS"],"build_version":"2019-01-23","purchased_purges":1,"victory":false,"max_hp_per_floor":[66,66,66,66,66,66,66,66,66,66,66,66,66,66,66,66,66,66,66,66,66,46,46,46,46,46,46,46,46,46,46,46,46],"card_choices":[{"not_picked":["Poisoned Stab","Finisher"],"picked":"Dagger Spray","floor":1},{"not_picked":["Slice","Phantasmal Killer"],"picked":"Well Laid Plans","floor":3},{"not_picked":["Finisher","Dagger Spray"],"picked":"Poisoned Stab","floor":4},{"not_picked":["Acrobatics","Slice"],"picked":"PiercingWail","floor":6},{"not_picked":["Dagger Spray","Flechettes","Expertise"],"picked":"SKIP","floor":13},{"not_picked":["Burst","Tools of the Trade"],"picked":"Glass Knife","floor":16},{"not_picked":["Deadly Poison","Distraction"],"picked":"Dagger Throw","floor":18},{"not_picked":["Acrobatics","Flying Knee"],"picked":"Crippling Poison","floor":19},{"not_picked":["Accuracy","Quick Slash"],"picked":"Reflex","floor":23},{"not_picked":["Blade Dance","Dagger Throw"],"picked":"Backflip","floor":25},{"not_picked":["Catalyst","Acrobatics"],"picked":"Cloak And Dagger","floor":29},{"not_picked":["Prepared","Noxious Fumes"],"picked":"Calculated Gamble","floor":30},{"not_picked":["Backflip+1","Outmaneuver+1"],"picked":"After Image","floor":31},{"not_picked":["Slice","Deadly Poison"],"picked":"Blur+1","floor":32}],"player_experience":318791,"relics_obtained":[{"floor":6,"key":"Boot"},{"floor":9,"key":"Juzu Bracelet"},{"floor":23,"key":"Art of War"},{"floor":26,"key":"Happy Flower"},{"floor":29,"key":"Calipers"},{"floor":31,"key":"Dream Catcher"}],"event_choices":[{"damage_healed":0,"gold_gain":0,"player_choice":"Entered Light","damage_taken":20,"max_hp_gain":0,"max_hp_loss":0,"event_name":"Shining Light","floor":2,"gold_loss":0,"cards_upgraded":["Defend_G","Dagger Spray"]},{"cards_removed":["Strike_G"],"damage_healed":0,"gold_gain":0,"player_choice":"Card Removal","damage_taken":7,"max_hp_gain":0,"max_hp_loss":0,"event_name":"Golden Wing","floor":11,"gold_loss":0},{"damage_healed":0,"gold_gain":0,"player_choice":"Upgraded","damage_taken":0,"max_hp_gain":0,"max_hp_loss":0,"event_name":"Upgrade Shrine","floor":12,"gold_loss":0,"cards_upgraded":["Noxious Fumes"]},{"cards_removed":["Strike_G"],"damage_healed":0,"gold_gain":0,"player_choice":"Purged","damage_taken":0,"max_hp_gain":0,"max_hp_loss":0,"event_name":"Purifier","floor":14,"gold_loss":0},{"damage_healed":0,"gold_gain":0,"player_choice":"Inject Mutagens","damage_taken":0,"relics_obtained":["MutagenicStrength"],"max_hp_gain":0,"max_hp_loss":0,"event_name":"Drug Dealer","floor":20,"gold_loss":0},{"damage_healed":0,"gold_gain":0,"player_choice":"Became a vampire","damage_taken":0,"max_hp_gain":0,"max_hp_loss":20,"event_name":"Vampires","floor":22,"gold_loss":0,"cards_obtained":["Bite","Bite","Bite","Bite","Bite"]},{"damage_healed":0,"gold_gain":0,"player_choice":"Ignored","damage_taken":0,"max_hp_gain":0,"max_hp_loss":0,"event_name":"Beggar","floor":28,"gold_loss":0}],"is_beta":false,"boss_relics":[{"not_picked":["HoveringKite","White Beast Statue"],"picked":"Philosopher\u0027s Stone"}],"items_purged_floors":[5],"is_endless":false,"potions_floor_spawned":[4,6,16,18,30],"killed_by":"Collector","ascension_level":15}