{"gold_per_floor":[12,26,26,40,59,91,91,111,111,111,121,133,133,166,166,264,264,278,305,320,20,34,61,61,61,114,114,114,124,135,149,149,246,246,262,280,24,24,38,38,54,84,109,123,123,123,123,345,345,345],"floor_reached":51,"playtime":2421,"items_purged":["Strike_R"],"score":942,"play_id":"05ec1ef8-3308-42b2-a78c-6827635bc5fe","local_time":"20190509144450","is_ascension_mode":true,"campfire_choices":[{"data":"Pommel Strike","floor":7.0,"key":"SMITH"},{"data":"Flex","floor":10.0,"key":"SMITH"},{"data":"Demon Form","floor":15.0,"key":"SMITH"},{"data":"Inflame","floor":24.0,"key":"SMITH"},{"data":"Barricade","floor":25.0,"key":"SMITH"},{"data":"Shrug It Off","floor":27.0,"key":"SMITH"},{"data":"Seeing Red","floor":32.0,"key":"SMITH"},{"data":"Entrench","floor":40.0,"key":"SMITH"},{"data":"Armaments","floor":46.0,"key":"SMITH"},{"data":"True Grit","floor":49.0,"key":"SMITH"}],"neow_cost":"NO_GOLD","seed_source_timestamp":447840110115000,"circlet_count":0,"master_deck":["Defend_R","Defend_R","Defend_R","Bash+1","Pummel","Pommel Strike+1","Flex+1","Demon Form+1","Shrug It Off+1","Barricade+1","Warcry+1","Body Slam+1","Ghostly Armor+1","Seeing Red+1","Offering","Infernal Blade+1","Double Tap","Heavy Blade+1","Havoc+1","Uppercut+1","Armaments+1","Entrench+1","True Grit+1","Rage","Warcry+1","Metallicize+1","Shrug It Off+1","Warcry+1"],"special_seed":0,"relics":["Burning Blood","Pocketwatch","WingedGreaves","Prayer Wheel","Coffee Dripper","Red Mask","Bronze Scales","Torii","Pen Nib","Astrolabe","Lantern","Boot","Bag of Marbles"],"potions_floor_usage":[50,50],"damage_taken":[{"damage":1.0,"enemies":"Cultist","floor":1.0,"turns":3.0},{"damage":0.0,"enemies":"Small Slimes","floor":2.0,"turns":3.0},{"damage":7.0,"enemies":"Jaw Worm","floor":4.0,"turns":3.0},{"damage":12.0,"enemies":"Looter","floor":5.0,"turns":3.0},{"damage":45.0,"enemies":"3 Sentries","floor":6.0,"turns":8.0},{"damage":10.0,"enemies":"Gremlin Gang","floor":8.0,"turns":5.0},{"damage":0.0,"enemies":"3 Louse","floor":11.0,"turns":3.0},{"damage":14.0,"enemies":"Red Slaver","floor":12.0,"turns":2.0},{"damage":17.0,"enemies":"Lagavulin","floor":14.0,"turns":5.0},{"damage":19.0,"enemies":"The Guardian","floor":16.0,"turns":7.0},{"damage":4.0,"enemies":"Chosen","floor":18.0,"turns":3.0},{"damage":30.0,"enemies":"Masked Bandits","floor":19.0,"turns":6.0},{"damage":1.0,"enemies":"Spheric Guardian","floor":20.0,"turns":3.0},{"damage":3.0,"enemies":"Chosen and Byrds","floor":22.0,"turns":4.0},{"damage":58.0,"enemies":"Slavers","floor":23.0,"turns":8.0},{"damage":0.0,"enemies":"Sentry and Sphere","floor":29.0,"turns":3.0},{"damage":10.0,"enemies":"Shelled Parasite and Fungi","floor":30.0,"turns":4.0},{"damage":1.0,"enemies":"Centurion and Healer","floor":31.0,"turns":6.0},{"damage":13.0,"enemies":"Champ","floor":33.0,"turns":7.0},{"damage":1.0,"enemies":"Orb Walker","floor":35.0,"turns":2.0},{"damage":8.0,"enemies":"3 Shapes","floor":36.0,"turns":2.0},{"damage":20.0,"enemies":"Jaw Worm Horde","floor":39.0,"turns":4.0},{"damage":6.0,"enemies":"3 Darklings","floor":41.0,"turns":4.0},{"damage":25.0,"enemies":"Nemesis","floor":42.0,"turns":7.0},{"damage":0.0,"enemies":"Maw","floor":44.0,"turns":7.0},{"damage":8,"enemies":"Donu and Deca","floor":50,"turns":9}],"seed_played":"4856673877853927603","potions_obtained":[{"floor":1.0,"key":"FearPotion"},{"floor":4.0,"key":"BloodPotion"},{"floor":11.0,"key":"SpeedPotion"},{"floor":19.0,"key":"Explosive Potion"},{"floor":20.0,"key":"Regen Potion"},{"floor":30.0,"key":"SteroidPotion"},{"floor":33.0,"key":"Weak Potion"},{"floor":36.0,"key":"Fire Potion"},{"floor":41.0,"key":"SkillPotion"},{"floor":42.0,"key":"Regen Potion"}],"is_trial":false,"path_per_floor":["M","M","?","M","M","E","R","M","T","R","M","M","?","E","R","B",null,"M","?","M","$","M","E","R","R","T","R","?","M","M","M","R","B",null,"M","M","$","?","M","R","M","E","T","M","?","R","?","?","R","B",null],"character_chosen":"IRONCLAD","items_purchased":["Inflame","Bronze Scales","Entrench","Lantern","True Grit"],"campfire_rested":0,"item_purchase_floors":[21,21,37,37,37],"current_hp_per_floor":[77,80,80,79,73,34,34,30,30,30,36,28,54,43,43,30,68,70,54,59,59,62,25,25,25,25,25,25,31,27,32,32,25,66,71,69,69,69,55,55,55,36,36,42,42,42,42,42,42,55],"gold":345,"neow_bonus":"REMOVE_TWO","is_prod":false,"is_daily":false,"chose_seed":false,"campfire_upgraded":10,"win_rate":0,"timestamp":1557431090,"path_taken":["M","M","?","M","M","E","R","M","T","R","M","M","?","E","R","BOSS","M","?","M","$","M","E","R","R","T","R","?","M","M","?","R","BOSS","M","M","$","?","?","R","M","E","T","M","?","R","?","?","R","BOSS"],"build_version":"2019-01-23","purchased_purges":1,"victory":true,"max_hp_per_floor":[80,80,80,80,80,80,80,80,80,80,80,80,80,80,80,80,80,80,80,80,80,80,80,80,80,80,80,80,80,80,80,80,80,80,80,80,80,80,80,80,80,80,80,80,76,76,76,76,76,76],"card_choices":[{"not_picked":["Havoc","Anger"],"picked":"Pummel","floor":1.0},{"not_picked":["Warcry","Perfected Strike"],"picked":"Pommel Strike","floor":2.0},{"not_picked":["Thunderclap","Twin Strike"],"picked":"Flex","floor":4.0},{"not_picked":["Carnage","Perfected Strike"],"picked":"Demon Form","floor":5.0},{"not_picked":["Clothesline","Bludgeon","Carnage"],"picked":"SKIP","floor":6.0},{"not_picked":["Cleave","Hemokinesis"],"picked":"Shrug It Off","floor":8.0},{"not_picked":["Wild Strike","Hemokinesis","Combust"],"picked":"SKIP","floor":11.0},{"not_picked":["Blood for Blood","Searing Blow","Pommel Strike"],"picked":"SKIP","floor":12.0},{"not_picked":["Inflame","Headbutt","Sever Soul"],"picked":"SKIP","floor":14.0},{"not_picked":["Exhume","Demon Form"],"picked":"Barricade","floor":16.0},{"not_picked":["Pummel","Thunderclap"],"picked":"Clothesline+1","floor":18.0},{"not_picked":["Pommel Strike","Warcry","Havoc"],"picked":"SKIP","floor":18.0},{"not_picked":["Hemokinesis","Sever Soul"],"picked":"Warcry+1","floor":20.0},{"not_picked":["Thunderclap","Double Tap","Dropkick"],"picked":"SKIP","floor":20.0},{"not_picked":["Evolve","Spot Weakness"],"picked":"Body Slam+1","floor":22.0},{"not_picked":["Sword Boomerang+1","Cleave","Wild Strike"],"picked":"SKIP","floor":22.0},{"not_picked":["Shockwave","Bloodletting+1","Hemokinesis"],"picked":"SKIP","floor":23.0},{"not_picked":["Infernal Blade","Armaments+1"],"picked":"Ghostly Armor+1","floor":29.0},{"not_picked":["Shockwave","Infernal Blade","Ghostly Armor"],"picked":"SKIP","floor":29.0},{"not_picked":["Flex","Blood for Blood"],"picked":"Seeing Red","floor":30.0},{"not_picked":["Wild Strike","Evolve+1","Cleave"],"picked":"SKIP","floor":30.0},{"not_picked":["Sentinel","Wild Strike"],"picked":"Offering","floor":31.0},{"not_picked":["Iron Wave+1","Flex"],"picked":"Infernal Blade+1","floor":31.0},{"not_picked":["Bludgeon","Brutality"],"picked":"Double Tap","floor":33.0},{"not_picked":["Thunderclap+1","Carnage+1"],"picked":"Armaments","floor":35.0},{"not_picked":["Iron Wave","Spot Weakness","Thunderclap"],"picked":"SKIP","floor":35.0},{"not_picked":["Combust+1","Rampage","Wild Strike+1"],"picked":"SKIP","floor":36.0},{"not_picked":["Dropkick","Thunderclap","Iron Wave+1"],"picked":"SKIP","floor":36.0},{"not_picked":["Combust+1","Rampage","Wild Strike+1"],"picked":"SKIP","floor":36.0},{"not_picked":["Dropkick","Thunderclap","Iron Wave+1"],"picked":"SKIP","floor":36.0},{"not_picked":["Perfected Strike","Pommel Strike+1"],"picked":"Warcry+1","floor":39.0},{"not_picked":["Clash","Anger","Flex+1"],"picked":"SKIP","floor":39.0},{"not_picked":["Infernal Blade+1","Wild Strike+1"],"picked":"Metallicize+1","floor":41.0},{"not_picked":["Double Tap","Pommel Strike","Cleave"],"picked":"SKIP","floor":41.0},{"not_picked":["Carnage+1","Havoc+1"],"picked":"Shrug It Off+1","floor":42.0},{"not_picked":["Havoc","Combust+1"],"picked":"Warcry+1","floor":44.0},{"not_picked":["Havoc+1","Cleave","Searing Blow"],"picked":"SKIP","floor":44.0}],"player_experience":217942,"relics_obtained":[{"floor":6.0,"key":"Pocketwatch"},{"floor":9.0,"key":"WingedGreaves"},{"floor":14.0,"key":"Prayer Wheel"},{"floor":19.0,"key":"Red Mask"},{"floor":23.0,"key":"Torii"},{"floor":26.0,"key":"Pen Nib"},{"floor":42.0,"key":"Boot"},{"floor":43.0,"key":"Bag of Marbles"}],"event_choices":[{"damage_healed":0.0,"max_hp_gain":0.0,"max_hp_loss":0.0,"gold_gain":0.0,"event_name":"The Cleric","player_choice":"Leave","floor":3.0,"gold_loss":0.0,"damage_taken":0.0},{"damage_healed":26.0,"max_hp_gain":0.0,"max_hp_loss":0.0,"gold_gain":0.0,"event_name":"Big Fish","player_choice":"Banana","floor":13.0,"gold_loss":0.0,"damage_taken":0.0},{"damage_healed":0.0,"max_hp_gain":0.0,"max_hp_loss":0.0,"gold_gain":0.0,"event_name":"Masked Bandits","player_choice":"Fought Bandits","floor":19.0,"gold_loss":0.0,"damage_taken":0.0},{"damage_healed":0.0,"max_hp_gain":0.0,"max_hp_loss":0.0,"gold_gain":0.0,"event_name":"Accursed Blacksmith","player_choice":"Forge","floor":28.0,"gold_loss":0.0,"damage_taken":0.0,"cards_upgraded":["Bash"]},{"damage_healed":0.0,"max_hp_gain":0.0,"max_hp_loss":0.0,"gold_gain":0.0,"cards_transformed":["Strike_R"],"event_name":"Transmorgrifier","player_choice":"Transformed","floor":38.0,"gold_loss":0.0,"damage_taken":0.0,"cards_obtained":["Rage"]},{"damage_healed":0.0,"max_hp_gain":0.0,"max_hp_loss":4.0,"gold_gain":0.0,"event_name":"Winding Halls","player_choice":"Max HP","floor":45.0,"gold_loss":0.0,"damage_taken":0.0},{"cards_removed":["Inflame"],"damage_healed":0.0,"max_hp_gain":0.0,"max_hp_loss":0.0,"gold_gain":0.0,"event_name":"Falling","player_choice":"Removed Power","floor":47.0,"gold_loss":0.0,"damage_taken":0.0},{"damage_healed":0.0,"max_hp_gain":0.0,"max_hp_loss":0.0,"gold_gain":222.0,"event_name":"Tomb of Lord Red Mask","player_choice":"Wore Mask","floor":48.0,"gold_loss":0.0,"damage_taken":0.0}],"is_beta":false,"boss_relics":[{"not_picked":["Sozu","Empty Cage"],"picked":"Coffee Dripper"},{"not_picked":["Runic Dome","Philosopher\u0027s Stone"],"picked":"Astrolabe"}],"items_purged_floors":[21],"is_endless":false,"potions_floor_spawned":[1,4,11,14,16,19,20,30,33,36,41,42],"ascension_level":6}