{"gold_per_floor":[111,129,129,42,42,74,74,101,126,183,196,196,208,225,225,304,304,321,246,246,219,234,234,65,91,91,33,53,53,29,29,29,29],"floor_reached":33,"playtime":1821,"items_purged":["Strike_B"],"score":596,"play_id":"5e04a198-94f3-435f-afb4-77c5259e4a8f","local_time":"20190524201131","is_ascension_mode":true,"campfire_choices":[{"floor":7.0,"key":"REST"},{"data":"Multi-Cast","floor":15,"key":"SMITH"},{"data":"Zap","floor":23,"key":"SMITH"},{"floor":29,"key":"REST"},{"data":"Go for the Eyes","floor":32,"key":"SMITH"}],"neow_cost":"NONE","seed_source_timestamp":353735438912377,"circlet_count":0,"master_deck":["AscendersBane","Strike_B","Defend_B+1","Defend_B","Defend_B","Defend_B+1","Zap+1","Dualcast+1","Rip and Tear","Doom and Gloom","Defragment","Multi-Cast+1","Redo+1","Go for the Eyes+1","Cold Snap","Leap+1","All For One","Coolheaded+1","BootSequence+1","Conserve Battery+1","Parasite","Hologram+1","Skim+1","Coolheaded+1"],"special_seed":0,"relics":["Cracked Core","NeowsBlessing","War Paint","Shuriken","Toxic Egg 2","Juzu Bracelet","PreservedInsect","Cursed Key","Bag of Preparation","Bag of Marbles","Smiling Mask"],"potions_floor_usage":[14,16,22,33],"damage_taken":[{"damage":0.0,"enemies":"2 Louse","floor":1.0,"turns":1.0},{"damage":0.0,"enemies":"Small Slimes","floor":2.0,"turns":1.0},{"damage":0.0,"enemies":"3 Sentries","floor":6.0,"turns":1.0},{"damage":14.0,"enemies":"Lagavulin","floor":8.0,"turns":6.0},{"damage":0.0,"enemies":"3 Sentries","floor":10.0,"turns":2.0},{"damage":0.0,"enemies":"Cultist","floor":11.0,"turns":2.0},{"damage":6,"enemies":"Blue Slaver","floor":13,"turns":3},{"damage":7,"enemies":"Gremlin Gang","floor":14,"turns":3},{"damage":7,"enemies":"The Guardian","floor":16,"turns":11},{"damage":0,"enemies":"Spheric Guardian","floor":18,"turns":3},{"damage":15,"enemies":"2 Thieves","floor":21,"turns":4},{"damage":16,"enemies":"Sentry and Sphere","floor":22,"turns":9},{"damage":19,"enemies":"Book of Stabbing","floor":25,"turns":5},{"damage":0,"enemies":"Snecko","floor":28,"turns":3},{"damage":94,"enemies":"Collector","floor":33,"turns":11}],"seed_played":"7101257928665636326","potions_obtained":[{"floor":1.0,"key":"Fire Potion"},{"floor":6.0,"key":"Swift Potion"},{"floor":14,"key":"Fire Potion"},{"floor":16,"key":"Regen Potion"},{"floor":18,"key":"FairyPotion"},{"floor":22,"key":"Explosive Potion"}],"is_trial":false,"path_per_floor":["M","M","?","$","?","E","R","E","T","?","M","?","M","M","R","B",null,"M","$","?","M","M","R","$","E","T","$","M","R","$","?","R","B"],"character_chosen":"DEFECT","items_purchased":["Defragment","Bag of Preparation","Hologram+1","Coolheaded+1"],"campfire_rested":2,"item_purchase_floors":[4,24,27,30],"current_hp_per_floor":[64,64,57,57,22,22,43,29,29,29,29,52,46,39,39,32,61,61,61,61,46,45,45,45,26,26,26,26,47,47,47,47,0],"gold":29,"neow_bonus":"THREE_ENEMY_KILL","is_prod":false,"is_daily":false,"chose_seed":false,"campfire_upgraded":3,"win_rate":0,"timestamp":1558743091,"path_taken":["M","M","?","$","?","E","R","E","T","?","M","?","M","M","R","BOSS","M","$","?","M","M","R","?","E","T","$","M","R","$","?","R","BOSS"],"build_version":"2019-01-23","purchased_purges":1,"victory":false,"max_hp_per_floor":[71,71,71,71,71,71,71,71,71,71,71,71,71,71,71,71,71,71,71,71,71,71,71,71,71,71,71,71,71,71,71,71,71],"card_choices":[{"not_picked":["Tempest","Storm"],"picked":"Rip and Tear","floor":1.0},{"not_picked":["Conserve Battery","Cold Snap"],"picked":"Doom and Gloom","floor":2.0},{"not_picked":["Barrage","Storm"],"picked":"Multi-Cast","floor":6.0},{"not_picked":["Go for the Eyes","Steam"],"picked":"Redo","floor":8.0},{"not_picked":["Hello World","Sweeping Beam"],"picked":"Go for the Eyes","floor":10.0},{"not_picked":["Go for the Eyes","Redo+1"],"picked":"Cold Snap","floor":11.0},{"not_picked":["Gash","Compile Driver"],"picked":"Leap+1","floor":13},{"not_picked":["Rip and Tear","Go for the Eyes","Redo+1"],"picked":"SKIP","floor":14},{"not_picked":["Reboot+1","Meteor Strike"],"picked":"All For One","floor":16},{"not_picked":["Steam+1","Stack+1"],"picked":"Coolheaded+1","floor":18},{"not_picked":["Leap+1","Hello World+1"],"picked":"BootSequence+1","floor":21},{"not_picked":["Rebound","Leap+1","Recycle+1"],"picked":"SKIP","floor":22},{"not_picked":["Rebound","Leap+1","Recycle+1"],"picked":"SKIP","floor":22},{"not_picked":["Ball Lightning","Meteor Strike"],"picked":"Conserve Battery+1","floor":25},{"not_picked":["Turbo+1","Heatsinks"],"picked":"Skim+1","floor":28}],"player_experience":788276,"relics_obtained":[{"floor":6.0,"key":"Shuriken"},{"floor":8.0,"key":"Toxic Egg 2"},{"floor":9.0,"key":"Juzu Bracelet"},{"floor":25,"key":"Bag of Marbles"},{"floor":26,"key":"Smiling Mask"}],"event_choices":[{"cards_removed":["Strike_B"],"damage_healed":0.0,"max_hp_gain":0.0,"max_hp_loss":0.0,"gold_gain":0.0,"event_name":"Golden Wing","player_choice":"Card Removal","floor":3.0,"gold_loss":0.0,"damage_taken":7.0},{"damage_healed":0.0,"max_hp_gain":0.0,"max_hp_loss":0.0,"gold_gain":0.0,"event_name":"Scrap Ooze","player_choice":"Success","floor":5.0,"gold_loss":0.0,"damage_taken":35.0,"relics_obtained":["War Paint"]},{"damage_healed":0.0,"max_hp_gain":0.0,"max_hp_loss":0.0,"gold_gain":0.0,"event_name":"Dead Adventurer","player_choice":"Searched \u00272\u0027 times","floor":10.0,"gold_loss":0.0,"damage_taken":0.0,"relics_obtained":["PreservedInsect"]},{"damage_healed":23.0,"max_hp_gain":0.0,"max_hp_loss":0.0,"gold_gain":0.0,"event_name":"Big Fish","player_choice":"Banana","floor":12.0,"gold_loss":0.0,"damage_taken":0.0},{"cards_removed":["Strike_B"],"damage_healed":0,"gold_gain":0,"player_choice":"Purged","damage_taken":0,"max_hp_gain":0,"max_hp_loss":0,"event_name":"Purifier","floor":20,"gold_loss":0},{"damage_healed":0,"gold_gain":0,"player_choice":"Upgraded","damage_taken":0,"max_hp_gain":0,"max_hp_loss":0,"event_name":"Upgrade Shrine","floor":31,"gold_loss":0,"cards_upgraded":["Dualcast"]}],"is_beta":false,"boss_relics":[{"not_picked":["Fusion Hammer","Calling Bell"],"picked":"Cursed Key"}],"items_purged_floors":[19],"is_endless":false,"potions_floor_spawned":[1,6,8,14,16,18,22],"killed_by":"Collector","ascension_level":20}