{"gold_per_floor":[364,377,396,115,115,115,144,44,44,73,73,91,104,104,104,195,195,210,210,210,226,22,22,61,80,105,105,136,136,150,165,165,261,261,279,129,145,164,183,183,223,223,304,318,341,380,380,400,400,400,400,400,85,85],"floor_reached":54,"playtime":3357,"items_purged":["Strike_R","Strike_R","Bash","Strike_R+1"],"score":1275,"play_id":"eee4451b-e5b3-47c2-8695-d3b4dd49d2e3","local_time":"20190524163652","is_ascension_mode":true,"campfire_choices":[{"floor":11,"key":"REST"},{"data":"Uppercut","floor":15,"key":"SMITH"},{"data":"True Grit","floor":23,"key":"SMITH"},{"data":"Flame Barrier","floor":27,"key":"SMITH"},{"data":"Juggernaut","floor":29,"key":"SMITH"},{"data":"Metallicize","floor":32,"key":"SMITH"},{"data":"Metallicize","floor":40,"key":"SMITH"},{"data":"Demon Form","floor":42,"key":"SMITH"},{"floor":49,"key":"RECALL"},{"data":"Shrug It Off","floor":52,"key":"SMITH"}],"neow_cost":"PERCENT_DAMAGE","seed_source_timestamp":400173880591432,"circlet_count":0,"master_deck":["AscendersBane","Defend_R+1","Defend_R+1","Defend_R+1","Defend_R+1","Uppercut+1","Shrug It Off","True Grit+1","Flame Barrier+1","Battle Trance","Juggernaut+1","Ghostly Armor","Body Slam+1","Metallicize+1","Shrug It Off+1","Shrug It Off","Metallicize+1","Demon Form+1","True Grit","Whirlwind+1","Armaments"],"relics":["Burning Blood","Orichalcum","Charon\u0027s Ashes","Bird Faced Urn","Odd Mushroom","Golden Idol","Empty Cage","Regal Pillow","Centennial Puzzle","Anchor","Busted Crown","Pantograph","Red Skull","Oddly Smooth Stone"],"potions_floor_usage":[16,16,33,46,54],"damage_taken":[{"damage":12,"enemies":"Jaw Worm","floor":1,"turns":4},{"damage":7,"enemies":"Small Slimes","floor":2,"turns":4},{"damage":7,"enemies":"2 Louse","floor":3,"turns":3},{"damage":19,"enemies":"3 Sentries","floor":7,"turns":10},{"damage":19,"enemies":"The Mushroom Lair","floor":10,"turns":6},{"damage":1,"enemies":"2 Fungi Beasts","floor":12,"turns":4},{"damage":3,"enemies":"Looter","floor":13,"turns":4},{"damage":36,"enemies":"Hexaghost","floor":16,"turns":10},{"damage":14,"enemies":"Shell Parasite","floor":18,"turns":14},{"damage":18,"enemies":"Spheric Guardian","floor":21,"turns":8},{"damage":6,"enemies":"Book of Stabbing","floor":24,"turns":5},{"damage":3,"enemies":"Snake Plant","floor":25,"turns":5},{"damage":12,"enemies":"Gremlin Leader","floor":28,"turns":6},{"damage":0,"enemies":"Cultist and Chosen","floor":30,"turns":6},{"damage":5,"enemies":"Chosen and Byrds","floor":31,"turns":5},{"damage":25,"enemies":"Collector","floor":33,"turns":11},{"damage":28,"enemies":"3 Shapes","floor":35,"turns":5},{"damage":0,"enemies":"Orb Walker","floor":37,"turns":4},{"damage":1,"enemies":"Writhing Mass","floor":38,"turns":5},{"damage":0,"enemies":"4 Shapes","floor":39,"turns":5},{"damage":16,"enemies":"Giant Head","floor":41,"turns":8},{"damage":3,"enemies":"Spire Growth","floor":44,"turns":6},{"damage":17,"enemies":"Jaw Worm Horde","floor":45,"turns":6},{"damage":48,"enemies":"Nemesis","floor":46,"turns":17},{"damage":0,"enemies":"Maw","floor":48,"turns":7},{"damage":56,"enemies":"Awakened One","floor":50,"turns":19},{"damage":79,"enemies":"Shield and Spear","floor":54,"turns":6}],"seed_played":"5428343108252735050","potions_obtained":[{"floor":3,"key":"SteroidPotion"},{"floor":16,"key":"GamblersBrew"},{"floor":18,"key":"BloodPotion"},{"floor":28,"key":"Energy Potion"},{"floor":33,"key":"GamblersBrew"},{"floor":37,"key":"FearPotion"},{"floor":46,"key":"Explosive Potion"}],"is_trial":false,"path_per_floor":["M","M","M","$","?","?","E","$","T","?","R","M","M","?","R","B",null,"M","?","?","M","$","R","E","M","T","R","E","R","M","M","R","B",null,"M","$","M","M","M","R","E","R","T","M","M","E","?","M","R","B",null,"R","$","E"],"character_chosen":"IRONCLAD","items_purchased":["Orichalcum","AttackPotion","Metallicize","Oddly Smooth Stone","Weak Potion","LiquidBronze","Armaments"],"campfire_rested":1,"item_purchase_floors":[4,4,22,53,53,53,53],"current_hp_per_floor":[44,43,42,42,47,40,27,27,27,14,38,43,46,46,46,16,64,58,58,58,48,48,48,52,57,57,57,55,55,65,70,70,57,74,58,58,70,80,80,80,70,70,70,80,75,40,40,54,54,32,68,68,68,0],"gold":85,"neow_bonus":"TWO_FIFTY_GOLD","is_prod":false,"is_daily":false,"chose_seed":false,"campfire_upgraded":8,"win_rate":0,"timestamp":1558730212,"path_taken":["M","M","M","$","?","?","E","$","T","?","R","M","M","?","R","BOSS","M","?","?","M","$","R","E","?","T","R","E","R","M","?","R","BOSS","M","?","M","?","M","R","E","R","T","M","M","E","?","M","R","BOSS","R","$","E"],"build_version":"2019-01-23","purchased_purges":4,"victory":false,"max_hp_per_floor":[75,75,75,75,80,80,80,80,80,80,80,80,80,80,80,80,80,80,80,80,80,80,80,80,80,80,80,80,80,80,80,80,80,80,80,80,80,80,80,80,80,80,80,80,80,80,80,80,80,80,80,80,80,80],"card_choices":[{"not_picked":["Shrug It Off","Perfected Strike"],"picked":"Uppercut","floor":1},{"not_picked":["Corruption","Carnage"],"picked":"Hemokinesis","floor":2},{"not_picked":["Armaments","Thunderclap"],"picked":"Shrug It Off","floor":3},{"not_picked":["Headbutt","Wild Strike","Body Slam"],"picked":"SKIP","floor":7},{"not_picked":["Metallicize","Dropkick"],"picked":"True Grit","floor":10},{"not_picked":["Clothesline","Perfected Strike"],"picked":"Flame Barrier","floor":12},{"not_picked":["Carnage","Iron Wave"],"picked":"Battle Trance","floor":13},{"not_picked":["Barricade","Brutality"],"picked":"Juggernaut","floor":16},{"not_picked":["Anger","Flex"],"picked":"Ghostly Armor","floor":18},{"not_picked":["Rage","Rampage"],"picked":"Body Slam+1","floor":21},{"not_picked":["Burning Pact","Perfected Strike","Limit Break"],"picked":"SKIP","floor":24},{"not_picked":["Burning Pact","Perfected Strike","Limit Break"],"picked":"SKIP","floor":24},{"not_picked":["Fire Breathing","Havoc"],"picked":"Shrug It Off","floor":25},{"not_picked":["Rage","Armaments","Seeing Red"],"picked":"SKIP","floor":28},{"not_picked":["Warcry","Headbutt"],"picked":"Shrug It Off","floor":30},{"not_picked":["Body Slam","Thunderclap+1"],"picked":"Metallicize","floor":31},{"not_picked":["Double Tap","Limit Break"],"picked":"Demon Form","floor":33},{"not_picked":["Havoc"],"picked":"SKIP","floor":35},{"not_picked":["Rampage"],"picked":"SKIP","floor":37},{"not_picked":["Rampage"],"picked":"SKIP","floor":37},{"not_picked":["Shrug It Off"],"picked":"SKIP","floor":38},{"not_picked":["Blood for Blood+1"],"picked":"SKIP","floor":39},{"not_picked":["Havoc"],"picked":"SKIP","floor":41},{"not_picked":[],"picked":"True Grit","floor":44},{"not_picked":["Infernal Blade"],"picked":"SKIP","floor":45},{"not_picked":["Whirlwind"],"picked":"SKIP","floor":46},{"not_picked":[],"picked":"Whirlwind+1","floor":48}],"player_experience":1314166,"relics_obtained":[{"floor":7,"key":"Charon\u0027s Ashes"},{"floor":9,"key":"Bird Faced Urn"},{"floor":10,"key":"Odd Mushroom"},{"floor":24,"key":"Regal Pillow"},{"floor":26,"key":"Centennial Puzzle"},{"floor":28,"key":"Anchor"},{"floor":41,"key":"Pantograph"},{"floor":46,"key":"Red Skull"}],"event_choices":[{"damage_healed":0,"gold_gain":0,"player_choice":"Donut","damage_taken":0,"max_hp_gain":5,"max_hp_loss":0,"event_name":"Big Fish","floor":5,"gold_loss":0},{"cards_removed":["Strike_R"],"damage_healed":0,"gold_gain":0,"player_choice":"Card Removal","damage_taken":7,"max_hp_gain":0,"max_hp_loss":0,"event_name":"Golden Wing","floor":6,"gold_loss":0},{"damage_healed":0,"gold_gain":0,"player_choice":"Fought Mushrooms","damage_taken":0,"max_hp_gain":0,"max_hp_loss":0,"event_name":"Mushrooms","floor":10,"gold_loss":0},{"damage_healed":0,"gold_gain":0,"player_choice":"Take Wound","damage_taken":0,"relics_obtained":["Golden Idol"],"max_hp_gain":0,"max_hp_loss":0,"event_name":"Golden Idol","floor":14,"gold_loss":0,"cards_obtained":["Injury"]},{"damage_healed":0,"gold_gain":0,"player_choice":"Simplicity","damage_taken":0,"max_hp_gain":0,"max_hp_loss":0,"event_name":"Back to Basics","floor":19,"gold_loss":0,"cards_upgraded":["Strike_R","Defend_R","Defend_R","Defend_R","Defend_R"]},{"cards_removed":["Hemokinesis"],"damage_healed":0,"gold_gain":0,"player_choice":"Card Removal","damage_taken":0,"max_hp_gain":0,"max_hp_loss":0,"event_name":"Wheel of Change","floor":20,"gold_loss":0},{"damage_healed":0,"gold_gain":0,"player_choice":"Ignored","damage_taken":0,"max_hp_gain":0,"max_hp_loss":0,"event_name":"Mysterious Sphere","floor":47,"gold_loss":0}],"is_beta":false,"boss_relics":[{"not_picked":["Astrolabe","Coffee Dripper"],"picked":"Empty Cage"},{"not_picked":["White Beast Statue","Tiny House"],"picked":"Busted Crown"}],"items_purged_floors":[4,8,22,36],"is_endless":false,"potions_floor_spawned":[3,7,10,16,18,28,33,37,41,45,46],"killed_by":"Shield and Spear","ascension_level":15}