{"gold_per_floor":[118,138,153,167,5,5,21,21,93,110,128,128,145,171,171,171],"floor_reached":16,"playtime":1859,"items_purged":["Decay"],"score":106,"play_id":"cc3ce5f4-9eb3-4ee4-b61c-d046f621d4ab","local_time":"20190211202201","is_ascension_mode":false,"campfire_choices":[{"data":"Discovery","floor":6,"key":"SMITH"},{"data":"Choke","floor":12,"key":"SMITH"},{"floor":15,"key":"REST"}],"neow_cost":"CURSE","seed_source_timestamp":264545673062500,"circlet_count":0,"master_deck":["Defend_G","Defend_G","Defend_G","Defend_G","Defend_G","Strike_G","Strike_G","Strike_G","Strike_G","Strike_G","Survivor","Neutralize","Good Instincts","Discovery+1","Blade Dance","Expertise","Escape Plan","Bandage Up","All Out Attack","Choke+1","Predator","Crippling Poison","Prepared"],"relics":["Ring of the Snake","Ninja Scroll","Bird Faced Urn"],"potions_floor_usage":[],"damage_taken":[{"damage":0,"enemies":"2 Louse","floor":1,"turns":2},{"damage":0,"enemies":"Cultist","floor":2,"turns":4},{"damage":1,"enemies":"Jaw Worm","floor":3,"turns":4},{"damage":5,"enemies":"Large Slime","floor":4,"turns":9},{"damage":9,"enemies":"Exordium Wildlife","floor":7,"turns":7},{"damage":5,"enemies":"Looter","floor":10,"turns":2},{"damage":0,"enemies":"2 Fungi Beasts","floor":11,"turns":2},{"damage":0,"enemies":"Red Slaver","floor":13,"turns":1},{"damage":56,"enemies":"Gremlin Nob","floor":14,"turns":5},{"damage":31,"enemies":"Hexaghost","floor":16,"turns":9}],"seed_played":"-2469625232588436773","potions_obtained":[{"floor":1,"key":"FearPotion"},{"floor":2,"key":"Block Potion"}],"is_trial":false,"path_per_floor":["M","M","M","M","$","R","M","$","T","M","M","R","M","E","R","B"],"character_chosen":"THE_SILENT","items_purchased":["Bandage Up"],"campfire_rested":1,"item_purchase_floors":[5],"current_hp_per_floor":[70,70,69,64,64,64,59,59,59,58,58,58,58,6,27,0],"gold":171,"neow_bonus":"RANDOM_COLORLESS_2","is_prod":false,"is_daily":false,"chose_seed":false,"campfire_upgraded":2,"win_rate":0,"timestamp":1549938121,"path_taken":["M","M","M","M","$","R","M","$","T","M","M","R","M","E","R","BOSS"],"build_version":"2019-01-23","purchased_purges":1,"victory":false,"max_hp_per_floor":[70,70,70,70,70,70,70,70,70,70,70,70,70,70,70,70],"card_choices":[{"not_picked":["Deadly Poison","Backflip"],"picked":"Blade Dance","floor":1},{"not_picked":["Cloak And Dagger","Flying Knee"],"picked":"Expertise","floor":2},{"not_picked":["Sucker Punch","Acrobatics"],"picked":"Escape Plan","floor":3},{"not_picked":["PiercingWail","Backflip","Slice"],"picked":"SKIP","floor":4},{"not_picked":["Dash","Bane"],"picked":"All Out Attack","floor":7},{"not_picked":["Heel Hook","Leg Sweep"],"picked":"Choke","floor":10},{"not_picked":["Outmaneuver","Poisoned Stab"],"picked":"Predator","floor":11},{"not_picked":["Footwork","Bane"],"picked":"Crippling Poison","floor":13},{"not_picked":["PiercingWail","Slice"],"picked":"Prepared","floor":14}],"player_experience":40754,"relics_obtained":[{"floor":9,"key":"Ninja Scroll"},{"floor":14,"key":"Bird Faced Urn"}],"event_choices":[],"is_beta":false,"boss_relics":[],"items_purged_floors":[5],"is_endless":false,"potions_floor_spawned":[1,2],"killed_by":"Hexaghost","ascension_level":0}