{"gold_per_floor":[119,119,129,0,75,108,126,126,197,197,197,197,197,213,213,317,317,336,16,31,42,42],"floor_reached":22,"playtime":2496,"items_purged":["Doubt"],"score":184,"play_id":"d6b0d9ce-6014-4e0d-8056-ce963f8a92f7","local_time":"20190522143241","is_ascension_mode":false,"campfire_choices":[{"floor":11,"key":"REST"},{"data":"Body Slam","floor":13,"key":"SMITH"},{"floor":15,"key":"REST"}],"neow_cost":"NONE","seed_source_timestamp":567962879150032,"circlet_count":0,"master_deck":["Strike_R","Strike_R","Strike_R","Strike_R","Defend_R","Defend_R","Defend_R","Defend_R","Bash","Body Slam+1","Headbutt","Flex","Flex","Armaments+1","Cleave","Juggernaut","Warcry","Dual Wield","Seeing Red","Clothesline","Dark Embrace","Inflame","Shrug It Off","Body Slam","Spot Weakness","Body Slam+1"],"relics":["Burning Blood","Orichalcum","Smiling Mask","Gremlin Horn","Bag of Marbles","Orrery","Oddly Smooth Stone"],"potions_floor_usage":[16,20,22,22],"damage_taken":[{"damage":5,"enemies":"Jaw Worm","floor":1,"turns":4},{"damage":0,"enemies":"Cultist","floor":3,"turns":4},{"damage":53,"enemies":"Gremlin Nob","floor":6,"turns":5},{"damage":0,"enemies":"Small Slimes","floor":7,"turns":3},{"damage":0,"enemies":"2 Fungi Beasts","floor":14,"turns":3},{"damage":45,"enemies":"The Guardian","floor":16,"turns":10},{"damage":38,"enemies":"Shell Parasite","floor":18,"turns":9},{"damage":10,"enemies":"3 Byrds","floor":20,"turns":4},{"damage":45,"enemies":"Sentry and Sphere","floor":21,"turns":7},{"damage":17,"enemies":"Centurion and Healer","floor":22,"turns":5}],"seed_played":"909513139903442430","potions_obtained":[{"floor":3,"key":"GamblersBrew"},{"floor":6,"key":"EssenceOfSteel"},{"floor":7,"key":"Explosive Potion"},{"floor":21,"key":"Weak Potion"}],"is_trial":false,"path_per_floor":["M","?","M","$","?","E","M","?","T","?","R","?","R","M","R","B",null,"M","$","M","M","M"],"character_chosen":"IRONCLAD","items_purchased":["Flex","Oddly Smooth Stone","Shrug It Off","Body Slam","Regen Potion"],"campfire_rested":2,"item_purchase_floors":[4,19,19,19,19],"current_hp_per_floor":[80,80,80,80,69,22,28,28,28,25,49,49,49,55,79,40,80,48,48,56,17,0],"gold":42,"neow_bonus":"RANDOM_COMMON_RELIC","is_prod":false,"is_daily":false,"chose_seed":false,"campfire_upgraded":1,"win_rate":0.0,"timestamp":1558528361,"path_taken":["M","?","?","$","?","E","M","?","T","?","R","?","R","M","R","BOSS","M","$","M","M","M"],"build_version":"2019-01-23","purchased_purges":1,"victory":false,"max_hp_per_floor":[80,80,80,80,80,80,80,80,80,80,80,80,80,80,80,80,80,80,80,80,80,80],"card_choices":[{"not_picked":["Thunderclap","Shrug It Off"],"picked":"Body Slam","floor":1},{"not_picked":["Clash","Pommel Strike"],"picked":"Headbutt","floor":3},{"not_picked":["Headbutt","Corruption"],"picked":"Flex","floor":6},{"not_picked":["Shockwave","Thunderclap"],"picked":"Armaments","floor":7},{"not_picked":["Reckless Charge","Perfected Strike"],"picked":"Cleave","floor":14},{"not_picked":["Fiend Fire","Berserk"],"picked":"Juggernaut","floor":16},{"not_picked":["Clothesline","Whirlwind"],"picked":"Warcry","floor":17},{"not_picked":["Perfected Strike","Metallicize"],"picked":"Dual Wield","floor":17},{"not_picked":["Burning Pact","Clash"],"picked":"Seeing Red","floor":17},{"not_picked":["Warcry","Clash"],"picked":"Clothesline","floor":17},{"not_picked":["Searing Blow","Corruption"],"picked":"Dark Embrace","floor":17},{"not_picked":["Armaments","Pommel Strike+1"],"picked":"Inflame","floor":18},{"not_picked":["Armaments","Cleave"],"picked":"Spot Weakness","floor":20},{"not_picked":["Carnage","Perfected Strike"],"picked":"Body Slam+1","floor":21}],"player_experience":34430,"relics_obtained":[{"floor":6,"key":"Smiling Mask"},{"floor":9,"key":"Gremlin Horn"}],"event_choices":[{"cards_removed":["Strike_R"],"damage_healed":0,"gold_gain":0,"player_choice":"Took Card","damage_taken":0,"max_hp_gain":0,"max_hp_loss":0,"event_name":"NoteForYourself","floor":2,"gold_loss":0,"cards_obtained":["Doubt"]},{"damage_healed":0,"gold_gain":75,"player_choice":"Gather Gold","damage_taken":11,"max_hp_gain":0,"max_hp_loss":0,"event_name":"World of Goop","floor":5,"gold_loss":0},{"damage_healed":0,"gold_gain":0,"player_choice":"Ignored","damage_taken":0,"max_hp_gain":0,"max_hp_loss":0,"event_name":"Golden Idol","floor":8,"gold_loss":0},{"damage_healed":0,"gold_gain":0,"player_choice":"Success","damage_taken":3,"relics_obtained":["Bag of Marbles"],"max_hp_gain":0,"max_hp_loss":0,"event_name":"Scrap Ooze","floor":10,"gold_loss":0},{"damage_healed":0,"gold_gain":0,"player_choice":"Grow","damage_taken":0,"max_hp_gain":0,"max_hp_loss":0,"event_name":"Living Wall","floor":12,"gold_loss":0,"cards_upgraded":["Armaments"]}],"is_beta":false,"boss_relics":[{"not_picked":["Astrolabe","Mark of Pain"],"picked":"Orrery"}],"items_purged_floors":[4],"is_endless":false,"potions_floor_spawned":[3,6,7,21],"killed_by":"Centurion and Healer","ascension_level":0}