{"gold_per_floor":[114,128,141,291,25,60,60,89,119,119,139,139,154,154,154,154],"floor_reached":16,"playtime":762,"items_purged":[],"score":240,"play_id":"908ff40e-2ac7-4f1f-bf2a-fa3babb83e9b","local_time":"20190525185150","is_ascension_mode":true,"campfire_choices":[{"floor":7.0,"key":"REST"},{"floor":12.0,"key":"REST"},{"data":"Zap","floor":15,"key":"SMITH"}],"neow_cost":"NONE","seed_source_timestamp":436530722743076,"circlet_count":0,"master_deck":["AscendersBane","Strike_B","Strike_B","Strike_B","Strike_B","Defend_B","Defend_B","Defend_B","Defend_B","Zap+1","Dualcast","Coolheaded","Gash","Ball Lightning","Doubt","Chaos+1","All For One","Stack+1","BootSequence+1"],"special_seed":0,"relics":["Cracked Core","Toxic Egg 2","Happy Flower","Frozen Egg 2","Tiny Chest","Centennial Puzzle"],"potions_floor_usage":[14],"damage_taken":[{"damage":0.0,"enemies":"Cultist","floor":1.0,"turns":3.0},{"damage":2.0,"enemies":"Jaw Worm","floor":2.0,"turns":3.0},{"damage":12.0,"enemies":"Small Slimes","floor":3.0,"turns":5.0},{"damage":32.0,"enemies":"Gremlin Nob","floor":6.0,"turns":4.0},{"damage":34.0,"enemies":"3 Sentries","floor":8.0,"turns":8.0},{"damage":4.0,"enemies":"Exordium Thugs","floor":11.0,"turns":4.0},{"damage":8.0,"enemies":"2 Fungi Beasts","floor":13.0,"turns":3.0},{"damage":0,"enemies":"Gremlin Nob","floor":14,"turns":1},{"damage":42,"enemies":"Hexaghost","floor":16,"turns":9}],"seed_played":"8228322294933230682","potions_obtained":[{"floor":0.0,"key":"Regen Potion"},{"floor":0.0,"key":"EntropicBrew"},{"floor":6.0,"key":"SmokeBomb"},{"floor":8.0,"key":"Regen Potion"}],"is_trial":false,"path_per_floor":["M","M","M","?","$","E","R","E","T","T","M","R","M","E","R","B"],"character_chosen":"DEFECT","items_purchased":["Toxic Egg 2"],"campfire_rested":2,"item_purchase_floors":[5],"current_hp_per_floor":[64,62,50,50,50,30,51,17,17,17,25,46,38,38,38,0],"gold":154,"neow_bonus":"THREE_SMALL_POTIONS","is_prod":false,"is_daily":false,"chose_seed":false,"campfire_upgraded":1,"win_rate":0,"timestamp":1558824710,"path_taken":["M","?","M","?","$","E","R","E","T","?","M","R","M","E","R","BOSS"],"build_version":"2019-01-23","purchased_purges":0,"victory":false,"max_hp_per_floor":[71,71,71,71,71,71,71,71,71,71,71,71,71,71,71,71],"card_choices":[{"not_picked":["Go for the Eyes","Compile Driver"],"picked":"Coolheaded","floor":1.0},{"not_picked":["White Noise","Hologram"],"picked":"Gash","floor":2.0},{"not_picked":["Turbo","Heatsinks"],"picked":"Ball Lightning","floor":3.0},{"not_picked":["Streamline","Heatsinks"],"picked":"Chaos+1","floor":6.0},{"not_picked":["Rebound","Beam Cell"],"picked":"All For One","floor":8.0},{"not_picked":["Skim+1","Force Field+1"],"picked":"Stack+1","floor":11.0},{"not_picked":["Leap+1","Heatsinks+1"],"picked":"BootSequence+1","floor":13.0}],"player_experience":805945,"relics_obtained":[{"floor":6.0,"key":"Happy Flower"},{"floor":8.0,"key":"Frozen Egg 2"},{"floor":9.0,"key":"Tiny Chest"},{"floor":10.0,"key":"Centennial Puzzle"}],"event_choices":[{"damage_healed":0.0,"max_hp_gain":0.0,"max_hp_loss":0.0,"gold_gain":150.0,"event_name":"Liars Game","player_choice":"AGREE","floor":4.0,"gold_loss":0.0,"damage_taken":0.0,"cards_obtained":["Doubt"]}],"is_beta":false,"boss_relics":[],"items_purged_floors":[],"is_endless":false,"potions_floor_spawned":[2,6,8,14],"killed_by":"Hexaghost","ascension_level":20}