{"gold_per_floor":[113,126,141,152,4,34,49,49,49,81,35,70,124,143,143,143],"floor_reached":16,"playtime":621,"items_purged":[],"score":195,"play_id":"dd819616-f8e3-4ca9-a78f-150f2ff6b02e","local_time":"20190517004328","is_ascension_mode":true,"campfire_choices":[{"floor":8,"key":"REST"},{"floor":15,"key":"REST"}],"neow_cost":"NONE","seed_source_timestamp":701210154492079,"circlet_count":0,"master_deck":["AscendersBane","Strike_R","Strike_R","Strike_R","Strike_R","Strike_R","Defend_R","Defend_R","Defend_R","Defend_R","Bash","Twin Strike","Cleave","Cleave","Armaments","Wild Strike","Pommel Strike","Headbutt","Seeing Red","Iron Wave","Shrug It Off","Armaments"],"relics":["Burning Blood","Juzu Bracelet","Dream Catcher","Matryoshka","Self Forming Clay","Ancient Tea Set"],"potions_floor_usage":[10,14,16,16],"damage_taken":[{"damage":7,"enemies":"Jaw Worm","floor":1,"turns":3},{"damage":0,"enemies":"2 Louse","floor":2,"turns":4},{"damage":0,"enemies":"Small Slimes","floor":3,"turns":3},{"damage":17,"enemies":"Exordium Thugs","floor":4,"turns":5},{"damage":35,"enemies":"3 Sentries","floor":6,"turns":6},{"damage":21,"enemies":"Lots of Slimes","floor":7,"turns":4},{"damage":30,"enemies":"Lagavulin","floor":10,"turns":6},{"damage":16,"enemies":"Gremlin Nob","floor":12,"turns":3},{"damage":18,"enemies":"Large Slime","floor":14,"turns":6},{"damage":74,"enemies":"The Guardian","floor":16,"turns":16}],"seed_played":"-7694197887633314596","potions_obtained":[{"floor":2,"key":"SpeedPotion"},{"floor":7,"key":"Fire Potion"},{"floor":12,"key":"Weak Potion"},{"floor":14,"key":"Fire Potion"}],"is_trial":false,"path_per_floor":["M","M","M","M","$","E","M","R","T","E","?","E","?","M","R","B"],"character_chosen":"IRONCLAD","items_purchased":["Juzu Bracelet"],"campfire_rested":2,"item_purchase_floors":[5],"current_hp_per_floor":[79,85,88,77,77,48,33,59,59,35,35,25,25,13,39,0],"gold":143,"neow_bonus":"TEN_PERCENT_HP_BONUS","is_prod":false,"is_daily":false,"chose_seed":false,"campfire_upgraded":0,"win_rate":0,"timestamp":1558068208,"path_taken":["M","M","M","M","$","E","M","R","T","E","?","E","?","M","R","BOSS"],"build_version":"2019-01-23","purchased_purges":0,"victory":false,"max_hp_per_floor":[88,88,88,88,88,88,88,88,88,88,88,88,88,88,88,88],"card_choices":[{"not_picked":["Iron Wave","Body Slam"],"picked":"Twin Strike","floor":1},{"not_picked":["Clothesline","Twin Strike"],"picked":"Cleave","floor":2},{"not_picked":["Intimidate","Havoc"],"picked":"Cleave","floor":3},{"not_picked":["Disarm","Metallicize"],"picked":"Armaments","floor":4},{"not_picked":["Clothesline","Rupture"],"picked":"Wild Strike","floor":6},{"not_picked":["Limit Break","Corruption"],"picked":"Pommel Strike","floor":7},{"not_picked":["Corruption","Thunderclap"],"picked":"Headbutt","floor":8},{"not_picked":["Burning Pact","Corruption"],"picked":"Seeing Red","floor":10},{"not_picked":["Wild Strike","Body Slam"],"picked":"Iron Wave","floor":12},{"not_picked":["Heavy Blade","Reaper"],"picked":"Shrug It Off","floor":14},{"not_picked":["Body Slam","Havoc"],"picked":"Armaments","floor":15}],"player_experience":291080,"relics_obtained":[{"floor":6,"key":"Dream Catcher"},{"floor":9,"key":"Matryoshka"},{"floor":10,"key":"Self Forming Clay"},{"floor":12,"key":"Ancient Tea Set"}],"event_choices":[{"damage_healed":0,"gold_gain":0,"player_choice":"Left Gold","damage_taken":0,"max_hp_gain":0,"max_hp_loss":0,"event_name":"World of Goop","floor":11,"gold_loss":46},{"damage_healed":0,"gold_gain":54,"player_choice":"Gained Gold","damage_taken":0,"max_hp_gain":0,"max_hp_loss":0,"event_name":"Golden Wing","floor":13,"gold_loss":0}],"is_beta":false,"boss_relics":[],"items_purged_floors":[],"is_endless":false,"potions_floor_spawned":[2,7,12,14],"killed_by":"The Guardian","ascension_level":12}