{"gold_per_floor":[111,126,143,154,171,206,222,253,253,253,49,49,70,70,70,171,171,183,198,198,208,208,208,3,35,80,126,138,150,162,200,212,327,339,371,383,317,336,2,28,44,44,67,93,111,138,138,20,20,20],"floor_reached":51,"playtime":4679,"items_purged":[],"score":1164,"play_id":"508937b8-194d-4915-9ff7-bd3b8bee7e7a","local_time":"20190429180427","is_ascension_mode":true,"campfire_choices":[{"floor":10,"key":"REST"},{"data":"Dash","floor":15,"key":"SMITH"},{"data":"Infinite Blades","floor":23,"key":"SMITH"},{"data":"Footwork","floor":30,"key":"SMITH"},{"data":"Doppelganger","floor":32,"key":"SMITH"},{"floor":42,"key":"REST"},{"data":"Footwork","floor":47,"key":"SMITH"},{"data":"Footwork","floor":49,"key":"SMITH"}],"neow_cost":"NONE","seed_source_timestamp":4766028862367660,"circlet_count":0,"master_deck":["Defend_G+1","Defend_G+1","Defend_G+1","Defend_G+1","Defend_G+1","Strike_G+1","Strike_G+1","Strike_G+1","Strike_G+1","Strike_G+1","Neutralize","Dagger Spray","Leg Sweep+1","Backflip","Noxious Fumes","Backflip","Cloak And Dagger","Dash+1","Doppelganger+1","Bane","Infinite Blades+1","Escape Plan+1","Footwork+1","RitualDagger","Tools of the Trade","Corpse Explosion+1","Cloak And Dagger+1","Caltrops","Blur+1","Footwork+1","Dagger Spray+1","PiercingWail+1","Well Laid Plans+1","Infinite Blades+1","Footwork+1","Finisher"],"relics":["Ring of the Snake","Juzu Bracelet","Pantograph","Vajra","Lee\u0027s Waffle","Odd Mushroom","Sozu","Regal Pillow","TwistedFunnel","PreservedInsect","MawBank","Mummified Hand","Dream Catcher","Black Star","Ninja Scroll","Kunai","Calipers","Bronze Scales","War Paint","Darkstone Periapt","Orichalcum","Pen Nib"],"potions_floor_usage":[6,6,6,16,25],"damage_taken":[{"damage":0,"enemies":"2 Louse","floor":1,"turns":3},{"damage":0,"enemies":"Small Slimes","floor":2,"turns":6},{"damage":8,"enemies":"Jaw Worm","floor":3,"turns":7},{"damage":14,"enemies":"Large Slime","floor":4,"turns":9},{"damage":0,"enemies":"Red Slaver","floor":5,"turns":6},{"damage":20,"enemies":"Gremlin Nob","floor":6,"turns":6},{"damage":0,"enemies":"2 Fungi Beasts","floor":7,"turns":4},{"damage":21,"enemies":"3 Sentries","floor":8,"turns":7},{"damage":10,"enemies":"The Mushroom Lair","floor":13,"turns":4},{"damage":38,"enemies":"Hexaghost","floor":16,"turns":14},{"damage":0,"enemies":"3 Byrds","floor":18,"turns":6},{"damage":6,"enemies":"Shell Parasite","floor":19,"turns":9},{"damage":3,"enemies":"Snake Plant","floor":21,"turns":6},{"damage":20,"enemies":"Slavers","floor":25,"turns":4},{"damage":0,"enemies":"Book of Stabbing","floor":27,"turns":6},{"damage":0,"enemies":"Gremlin Leader","floor":31,"turns":5},{"damage":14,"enemies":"Collector","floor":33,"turns":14},{"damage":0,"enemies":"Orb Walker","floor":35,"turns":4},{"damage":0,"enemies":"3 Shapes","floor":38,"turns":3},{"damage":24,"enemies":"Reptomancer","floor":40,"turns":8},{"damage":0,"enemies":"Transient","floor":41,"turns":5},{"damage":0,"enemies":"Giant Head","floor":44,"turns":8},{"damage":2,"enemies":"Maw","floor":45,"turns":7},{"damage":0,"enemies":"Reptomancer","floor":46,"turns":5},{"damage":13,"enemies":"Donu and Deca","floor":50,"turns":7}],"seed_played":"-2050435208034520281","potions_obtained":[{"floor":1,"key":"Explosive Potion"},{"floor":2,"key":"Block Potion"},{"floor":4,"key":"Dexterity Potion"},{"floor":5,"key":"Energy Potion"},{"floor":8,"key":"FearPotion"},{"floor":16,"key":"AttackPotion"}],"is_trial":false,"path_per_floor":["M","M","M","M","M","E","M","E","T","R","$","?","?","?","R","B",null,"M","M","?","M","?","R","$","E","T","E","?","?","R","E","R","B",null,"M","?","$","M","$","E","M","R","T","E","M","E","R","$","R","B",null],"character_chosen":"THE_SILENT","items_purchased":["Lee\u0027s Waffle","TwistedFunnel","Caltrops","Footwork","Ninja Scroll","Footwork","Finisher"],"campfire_rested":2,"item_purchase_floors":[11,24,37,39,39,48,48],"current_hp_per_floor":[70,70,62,48,48,28,28,7,7,30,84,84,74,57,57,44,74,74,68,68,65,65,65,65,45,45,45,45,39,39,39,39,50,76,76,76,76,76,76,52,52,84,84,84,82,82,82,82,82,71],"gold":20,"neow_bonus":"TEN_PERCENT_HP_BONUS","is_prod":false,"is_daily":false,"chose_seed":false,"campfire_upgraded":6,"win_rate":0,"timestamp":1556575467,"path_taken":["M","M","M","M","M","E","M","E","T","R","$","?","?","?","R","BOSS","M","M","?","M","?","R","$","E","T","E","?","?","R","E","R","BOSS","M","?","$","M","$","E","M","R","T","E","M","E","R","?","R","BOSS"],"build_version":"2019-01-23","purchased_purges":0,"victory":true,"max_hp_per_floor":[77,77,77,77,77,77,77,77,77,77,84,84,84,84,84,84,84,84,84,84,84,84,84,84,84,84,84,84,84,84,84,84,84,84,84,84,84,84,84,84,84,84,84,84,84,84,84,84,84,84],"card_choices":[{"not_picked":["Choke","Calculated Gamble","Outmaneuver"],"picked":"SKIP","floor":1},{"not_picked":["Quick Slash","Reflex"],"picked":"Dagger Spray","floor":2},{"not_picked":["Flying Knee","Underhanded Strike"],"picked":"Leg Sweep","floor":3},{"not_picked":["Flying Knee","Quick Slash","Expertise"],"picked":"SKIP","floor":4},{"not_picked":["Deflect","Quick Slash"],"picked":"Backflip","floor":5},{"not_picked":["Flying Knee","A Thousand Cuts"],"picked":"Noxious Fumes","floor":6},{"not_picked":["Catalyst","Dagger Throw"],"picked":"Backflip","floor":7},{"not_picked":["Choke","Underhanded Strike"],"picked":"Cloak And Dagger","floor":8},{"not_picked":["Dodge and Roll","Flying Knee"],"picked":"Dash","floor":13},{"not_picked":["Wraith Form v2","Grand Finale"],"picked":"Doppelganger","floor":16},{"not_picked":["Slice","Dash"],"picked":"Bane","floor":18},{"not_picked":["Blade Dance","Underhanded Strike"],"picked":"Infinite Blades","floor":19},{"not_picked":["Outmaneuver","Slice","Skewer"],"picked":"SKIP","floor":21},{"not_picked":["Tactician","Dagger Throw+1"],"picked":"Escape Plan","floor":25},{"not_picked":["Underhanded Strike","Choke"],"picked":"Footwork","floor":27},{"not_picked":["Choke","Blade Dance"],"picked":"Tools of the Trade","floor":31},{"not_picked":["Venomology","Phantasmal Killer"],"picked":"Corpse Explosion","floor":33},{"not_picked":["Masterful Stab","Sucker Punch"],"picked":"Cloak And Dagger+1","floor":35},{"not_picked":["Escape Plan","Dagger Throw"],"picked":"Blur+1","floor":38},{"not_picked":["Deflect","Flying Knee"],"picked":"Dagger Spray+1","floor":40},{"not_picked":["Deadly Poison+1","Cloak And Dagger+1"],"picked":"PiercingWail+1","floor":41},{"not_picked":["PiercingWail+1","Calculated Gamble+1"],"picked":"Well Laid Plans+1","floor":44},{"not_picked":["Dagger Throw","Reflex+1","All Out Attack"],"picked":"SKIP","floor":45},{"not_picked":["Riddle With Holes+1","Slice"],"picked":"Infinite Blades+1","floor":46}],"player_experience":200439,"relics_obtained":[{"floor":6,"key":"Juzu Bracelet"},{"floor":8,"key":"Pantograph"},{"floor":9,"key":"Vajra"},{"floor":13,"key":"Odd Mushroom"},{"floor":25,"key":"PreservedInsect"},{"floor":26,"key":"MawBank"},{"floor":27,"key":"Mummified Hand"},{"floor":31,"key":"Dream Catcher"},{"floor":40,"key":"Kunai"},{"floor":40,"key":"Calipers"},{"floor":43,"key":"Bronze Scales"},{"floor":44,"key":"War Paint"},{"floor":44,"key":"Darkstone Periapt"},{"floor":46,"key":"Orichalcum"},{"floor":46,"key":"Pen Nib"}],"event_choices":[{"damage_healed":0,"gold_gain":0,"player_choice":"Grow","damage_taken":0,"max_hp_gain":0,"max_hp_loss":0,"event_name":"Living Wall","floor":12,"gold_loss":0,"cards_upgraded":["Leg Sweep"]},{"damage_healed":0,"gold_gain":0,"player_choice":"Fought Mushrooms","damage_taken":0,"max_hp_gain":0,"max_hp_loss":0,"event_name":"Mushrooms","floor":13,"gold_loss":0},{"damage_healed":0,"gold_gain":0,"player_choice":"Entered Light","damage_taken":17,"max_hp_gain":0,"max_hp_loss":0,"event_name":"Shining Light","floor":14,"gold_loss":0,"cards_upgraded":["Strike_G","Strike_G"]},{"damage_healed":0,"gold_gain":0,"player_choice":"Simplicity","damage_taken":0,"max_hp_gain":0,"max_hp_loss":0,"event_name":"Back to Basics","floor":20,"gold_loss":0,"cards_upgraded":["Defend_G","Defend_G","Defend_G","Defend_G","Defend_G","Strike_G","Strike_G","Strike_G"]},{"damage_healed":0,"gold_gain":0,"player_choice":"Opened","damage_taken":0,"relics_obtained":["Regal Pillow"],"max_hp_gain":0,"max_hp_loss":0,"event_name":"The Mausoleum","floor":22,"gold_loss":0},{"damage_healed":0,"gold_gain":0,"player_choice":"Ignored","damage_taken":0,"max_hp_gain":0,"max_hp_loss":0,"event_name":"Ghosts","floor":28,"gold_loss":0},{"damage_healed":0,"gold_gain":0,"player_choice":"Joined the Cult","damage_taken":6,"max_hp_gain":0,"max_hp_loss":0,"event_name":"Nest","floor":29,"gold_loss":0,"cards_obtained":["RitualDagger"]},{"cards_removed":["Survivor"],"damage_healed":0,"gold_gain":0,"player_choice":"Removed Skill","damage_taken":0,"max_hp_gain":0,"max_hp_loss":0,"event_name":"Falling","floor":36,"gold_loss":0}],"is_beta":false,"boss_relics":[{"not_picked":["HoveringKite","Cursed Key"],"picked":"Sozu"},{"not_picked":["Runic Pyramid","Orrery"],"picked":"Black Star"}],"items_purged_floors":[],"is_endless":false,"potions_floor_spawned":[1,2,4,5,8,16,25,27,31,35,41,45,46],"ascension_level":6}