{"path_per_floor":["M","?","$","M","M","R","T","R","T","M","?","R","M","M","R","B",null,"M","?","?","$","?","R","M","T","T","M","E","M","R","M","R","B",null,"M","M","$","?","M","R","M","M","T","R","M","?","R","M","R","B"],"character_chosen":"IRONCLAD","items_purchased":["Flash of Steel","Happy Flower","Shrug It Off"],"gold_per_floor":[114,189,95,115,128,128,128,128,128,148,171,171,185,195,195,293,293,311,236,236,236,236,236,252,276,323,335,361,381,381,392,392,491,491,502,519,250,250,266,266,278,296,344,344,360,360,360,370,370,370],"floor_reached":51,"campfire_rested":2,"playtime":6252,"current_hp_per_floor":[80,69,69,75,80,80,80,80,80,80,80,80,80,76,76,56,80,66,66,66,66,66,66,71,71,71,62,68,47,71,67,80,31,80,77,80,80,80,64,64,72,72,72,72,81,81,81,89,89,29],"items_purged":["Defend_R"],"gold":370,"play_id":"4489b9f6-ff32-46bf-a5ea-ff35a6e20ce8","is_prod":false,"is_daily":false,"is_ascension_mode":false,"campfire_upgraded":9,"path_taken":["M","?","$","M","M","R","?","R","T","M","?","R","M","?","R","BOSS","M","?","?","$","?","R","M","?","T","M","E","?","R","?","R","BOSS","M","M","$","?","M","R","?","M","T","R","M","?","R","M","R","BOSS"],"build_version":"2018-02-01-PROD3","purchased_purges":2,"victory":true,"master_deck":["Strike_R+1","Defend_R+1","Defend_R+1","Bash","Cleave+1","Flash of Steel+1","Battle Trance","Shrug It Off+1","Twin Strike+1","Headbutt+1","Iron Wave+1","Headbutt+1","Warcry+1","Thunderclap+1","Warcry+1","Impervious","Feed+1","Fire Breathing+1","Fire Breathing+1","Shrug It Off+1","Shrug It Off+1","Iron Wave+1","Pommel Strike+1","Body Slam+1"],"max_hp_per_floor":[80,80,80,80,80,80,80,80,80,80,80,80,80,80,80,80,80,80,80,80,80,80,80,80,80,80,80,80,80,80,80,80,80,80,80,80,80,80,84,84,88,88,88,88,92,92,92,92,92,92],"relics":["Burning Blood","NeowsBlessing","Gambling Chip","Torii","Odd Mushroom","Velvet Choker","Lantern","Whetstone","Oddly Smooth Stone","Astrolabe","Happy Flower","Blood Vial"],"card_choices":[{"not_picked":["Twin Strike","Burning Pact"],"picked":"Cleave"},{"not_picked":["Shockwave","Rampage"],"picked":"Battle Trance"},{"not_picked":["Burning Pact","Dark Embrace"],"picked":"Shrug It Off"},{"not_picked":["Clash","Anger"],"picked":"Twin Strike"},{"not_picked":["Flex","Clothesline"],"picked":"Headbutt"},{"not_picked":["True Grit","Power Through"],"picked":"Iron Wave"},{"not_picked":["Thunderclap","Corruption"],"picked":"Headbutt"},{"not_picked":["Headbutt","Cleave"],"picked":"Warcry"},{"not_picked":["Corruption","Limit Break"],"picked":"Thunderclap"},{"not_picked":["Clash","Flex"],"picked":"Warcry"},{"not_picked":["Barricade","Offering"],"picked":"Impervious"},{"not_picked":["Infernal Blade","Heavy Blade"],"picked":"Shrug It Off"},{"not_picked":["Clothesline","Hemokinesis"],"picked":"Iron Wave"},{"not_picked":["Headbutt","True Grit"],"picked":"Pommel Strike"},{"not_picked":["Intimidate","Feel No Pain"],"picked":"Body Slam"}],"player_experience":4705,"potions_floor_usage":[16,28,28,28,33,33,50,50,50],"damage_taken":[{"damage":0,"enemies":"2 Louse","floor":1,"turns":1},{"damage":0,"enemies":"Cultist","floor":4,"turns":1},{"damage":0,"enemies":"Blue Slaver","floor":5,"turns":1},{"damage":0,"enemies":"3 Louse","floor":10,"turns":2},{"damage":2,"enemies":"The Mushroom Lair","floor":11,"turns":4},{"damage":1,"enemies":"Exordium Wildlife","floor":13,"turns":4},{"damage":10,"enemies":"Looter","floor":14,"turns":3},{"damage":26,"enemies":"Slime Boss","floor":16,"turns":9},{"damage":20,"enemies":"2 Thieves","floor":18,"turns":4},{"damage":1,"enemies":"Shell Parasite","floor":24,"turns":3},{"damage":15,"enemies":"Snecko","floor":27,"turns":4},{"damage":0,"enemies":"Gremlin Leader","floor":28,"turns":4},{"damage":27,"enemies":"Chosen and Byrds","floor":29,"turns":5},{"damage":10,"enemies":"Slaver and Parasite","floor":31,"turns":5},{"damage":55,"enemies":"Champ","floor":33,"turns":10},{"damage":9,"enemies":"3 Darklings","floor":35,"turns":6},{"damage":0,"enemies":"Orb Walker","floor":36,"turns":3},{"damage":26,"enemies":"4 Shapes","floor":39,"turns":5},{"damage":2,"enemies":"Sphere and 2 Shapes","floor":41,"turns":7},{"damage":6,"enemies":"Maw","floor":42,"turns":9},{"damage":3,"enemies":"4 Shapes","floor":45,"turns":5},{"damage":0,"enemies":"3 Darklings","floor":48,"turns":4},{"damage":81,"enemies":"Awakened One","floor":50,"turns":21}],"event_choices":[{"event_name":"World of Goop","player_choice":"Gather Gold","floor":2,"damage_taken":0},{"event_name":"Mushrooms","player_choice":"Fought Mushrooms","floor":11,"damage_taken":0},{"event_name":"Beggar","player_choice":"Gave Gold","floor":19,"damage_taken":0},{"event_name":"Back to Basics","player_choice":"Simplicity","floor":20,"damage_taken":0},{"event_name":"Drug Dealer","player_choice":"Ignored","floor":22,"damage_taken":0},{"event_name":"The Woman in Blue","player_choice":"Bought 0 Potions","floor":38,"damage_taken":0}],"boss_relics":[{"not_picked":["Eternal Feather","Runic Pyramid"],"picked":"Velvet Choker"},{"not_picked":["Orrery","Snecko Eye"],"picked":"Astrolabe"}],"potions_floor_spawned":[4,10,11,13,14,27,28,29,31,33,35,45,48],"seed_played":"-7285057350153335091","ascension_level":0,"is_trial":false}