{"gold_per_floor":[119,119,136,153,169,169,187,219,246,77,92,147,164,164,164,164],"floor_reached":16,"playtime":882,"items_purged":["Strike_G"],"score":125,"play_id":"61e15ec1-ff8b-45b5-82e4-de4c1bfdb263","local_time":"20190316092159","is_ascension_mode":true,"campfire_choices":[{"data":"Blade Dance","floor":6,"key":"SMITH"},{"floor":15,"key":"REST"}],"neow_cost":"NONE","seed_source_timestamp":2361762534836700,"circlet_count":0,"master_deck":["Defend_G","Defend_G","Defend_G","Defend_G","Defend_G","Strike_G","Strike_G","Strike_G","Strike_G","Survivor","Neutralize","Blade Dance+1","Burst","Dash","Bullet Time","Backflip","All Out Attack","Sucker Punch","Bandage Up","Slice","Noxious Fumes","Choke","Glass Knife","Parasite"],"relics":["Ring of the Snake","NeowsBlessing","Potion Belt","Smiling Mask","Tiny Chest"],"potions_floor_usage":[],"damage_taken":[{"damage":0,"enemies":"Small Slimes","floor":1,"turns":1},{"damage":0,"enemies":"Cultist","floor":3,"turns":1},{"damage":0,"enemies":"2 Louse","floor":4,"turns":1},{"damage":23,"enemies":"Exordium Wildlife","floor":5,"turns":8},{"damage":6,"enemies":"Looter","floor":7,"turns":4},{"damage":17,"enemies":"Lagavulin","floor":8,"turns":6},{"damage":0,"enemies":"3 Louse","floor":11,"turns":3},{"damage":22,"enemies":"Gremlin Nob","floor":12,"turns":5},{"damage":2,"enemies":"Exordium Wildlife","floor":13,"turns":3},{"damage":60,"enemies":"Slime Boss","floor":16,"turns":10}],"seed_played":"1555912758890860917","potions_obtained":[{"floor":3,"key":"Regen Potion"},{"floor":4,"key":"SkillPotion"},{"floor":7,"key":"GhostInAJar"},{"floor":8,"key":"Fire Potion"},{"floor":12,"key":"Strength Potion"},{"floor":13,"key":"Block Potion"}],"is_trial":false,"path_per_floor":["M","?","M","M","M","R","M","E","T","$","M","E","M","?","R","B"],"character_chosen":"THE_SILENT","items_purchased":["Bandage Up","Slice"],"campfire_rested":1,"item_purchase_floors":[10,10],"current_hp_per_floor":[70,70,70,70,47,47,41,24,24,24,28,10,8,25,46,0],"gold":164,"neow_bonus":"THREE_ENEMY_KILL","is_prod":false,"is_daily":false,"chose_seed":false,"campfire_upgraded":1,"win_rate":0,"timestamp":1552746119,"path_taken":["M","?","M","M","?","R","M","E","T","$","M","E","M","?","R","BOSS"],"build_version":"2019-01-23","purchased_purges":1,"victory":false,"max_hp_per_floor":[70,70,70,70,70,70,70,70,70,70,70,70,70,70,70,70],"card_choices":[{"not_picked":["Flying Knee","Underhanded Strike"],"picked":"Blade Dance","floor":1},{"not_picked":["Acrobatics","Deflect"],"picked":"Bullet Time","floor":3},{"not_picked":["Underhanded Strike","Caltrops","Dagger Spray"],"picked":"SKIP","floor":4},{"not_picked":["Calculated Gamble","Slice"],"picked":"Backflip","floor":5},{"not_picked":["Eviscerate","Bane"],"picked":"All Out Attack","floor":7},{"not_picked":["Quick Slash","Setup"],"picked":"Sucker Punch","floor":8},{"not_picked":["Skewer","Caltrops"],"picked":"Noxious Fumes","floor":11},{"not_picked":["Dagger Spray","Bouncing Flask"],"picked":"Choke","floor":12},{"not_picked":["Quick Slash","Dodge and Roll"],"picked":"Glass Knife","floor":13}],"player_experience":139876,"relics_obtained":[{"floor":8,"key":"Potion Belt"},{"floor":9,"key":"Smiling Mask"},{"floor":12,"key":"Tiny Chest"}],"event_choices":[{"damage_healed":0,"gold_gain":0,"player_choice":"2 cards matched","damage_taken":0,"max_hp_gain":0,"max_hp_loss":0,"event_name":"Match and Keep!","floor":2,"gold_loss":0,"cards_obtained":["Burst","Dash"]},{"damage_healed":17,"gold_gain":0,"player_choice":"Healed and dodged fight","damage_taken":0,"max_hp_gain":0,"max_hp_loss":0,"event_name":"Mushrooms","floor":14,"gold_loss":0,"cards_obtained":["Parasite"]}],"is_beta":false,"boss_relics":[],"items_purged_floors":[10],"is_endless":false,"potions_floor_spawned":[3,4,7,8,12,13],"killed_by":"Slime Boss","ascension_level":2}