{"gold_per_floor":[210,285,285,301,316,316,316,334,414,414,424,73,138,6,6,102,102,113,212,212,13,27,27,54,54,79,79,79,98,68,87,87,183,183,194,214,27,27,39,39,39],"floor_reached":41,"playtime":2273,"items_purged":["Pain"],"score":544,"play_id":"190a85a0-52a9-416a-b728-68b9175976fa","local_time":"20181120025015","is_ascension_mode":true,"campfire_choices":[{"data":"Zap","floor":6,"key":"SMITH"},{"data":"Ball Lightning","floor":10,"key":"SMITH"},{"floor":15,"key":"REST"},{"floor":23,"key":"REST"},{"floor":25,"key":"REST"},{"data":"Dualcast","floor":27,"key":"SMITH"},{"floor":32,"key":"REST"},{"floor":40,"key":"REST"}],"neow_cost":"NONE","seed_source_timestamp":302951367945641,"circlet_count":0,"master_deck":["Strike_B","Strike_B","Defend_B","Defend_B","Defend_B","Zap+1","Dualcast+1","Go for the Eyes+1","Ball Lightning+1","Hologram","Self Repair","White Noise","Go for the Eyes+1","Ball Lightning","Seek","Leap","Lockon","Machine Learning","Biased Cognition+1","Steam Power+1","Rebound+1","Ball Lightning","FTL","Melter","Defragment+1","BootSequence","Conserve Battery","Loop","Conserve Battery+1","Buffer","Steam","Beam Cell+1","Creative AI","Defragment","Reinforced Body"],"relics":["Cracked Core","WarpedTongs","The Courier","Turnip","Bag of Preparation","Astrolabe","Du-Vu Doll","Whetstone","MutagenicStrength","Inserter"],"potions_floor_usage":[13,13,16,16,24,33,39,39],"damage_taken":[{"damage":0,"enemies":"Small Slimes","floor":1,"turns":2},{"damage":4,"enemies":"Jaw Worm","floor":4,"turns":3},{"damage":8,"enemies":"2 Louse","floor":5,"turns":2},{"damage":19,"enemies":"Gremlin Gang","floor":8,"turns":3},{"damage":14,"enemies":"3 Louse","floor":11,"turns":3},{"damage":10,"enemies":"3 Sentries","floor":13,"turns":4},{"damage":18,"enemies":"Hexaghost","floor":16,"turns":5},{"damage":14,"enemies":"Shell Parasite","floor":18,"turns":3},{"damage":23,"enemies":"Colosseum Slavers","floor":20,"turns":4},{"damage":12,"enemies":"Chosen","floor":22,"turns":3},{"damage":23,"enemies":"Gremlin Leader","floor":24,"turns":4},{"damage":18,"enemies":"Snake Plant","floor":29,"turns":3},{"damage":10,"enemies":"Centurion and Healer","floor":31,"turns":3},{"damage":42,"enemies":"Collector","floor":33,"turns":7},{"damage":47,"enemies":"3 Darklings","floor":35,"turns":6},{"damage":8,"enemies":"3 Shapes","floor":36,"turns":6},{"damage":15,"enemies":"Jaw Worm Horde","floor":39,"turns":3},{"damage":63,"enemies":"Nemesis","floor":41,"turns":8}],"seed_played":"8185928793873225011","potions_obtained":[{"floor":5,"key":"LiquidBronze"},{"floor":8,"key":"Regen Potion"},{"floor":11,"key":"PowerPotion"},{"floor":18,"key":"GamblersBrew"},{"floor":24,"key":"PowerPotion"},{"floor":35,"key":"Explosive Potion"},{"floor":39,"key":"Energy Potion"}],"is_trial":false,"path_per_floor":["M","?","?","M","M","R","?","M","T","R","M","$","?","$","R","B",null,"M","?","?","$","M","R","E","R","T","R","?","M","$","M","R","B",null,"M","M","$","T","M","R","E"],"character_chosen":"DEFECT","items_purchased":["Go for the Eyes","Ball Lightning","Turnip","Leap","Poison Potion","Lockon","PowerPotion","PowerPotion","FTL","Melter","Loop","Creative AI","Defragment"],"campfire_rested":5,"item_purchase_floors":[12,12,12,14,14,14,21,21,21,21,30,37,37],"current_hp_per_floor":[68,57,75,71,63,63,63,44,44,44,37,37,46,46,68,50,69,62,62,46,46,41,63,47,69,69,69,69,58,58,48,70,28,63,23,22,22,22,14,36,0],"gold":39,"neow_bonus":"HUNDRED_GOLD","is_prod":false,"is_daily":false,"chose_seed":false,"campfire_upgraded":3,"win_rate":0,"timestamp":1542700215,"path_taken":["M","?","?","M","M","R","?","?","T","R","M","$","?","$","R","BOSS","M","?","?","$","M","R","E","R","T","R","?","M","?","M","R","BOSS","M","M","$","?","M","R","E"],"build_version":"2018-11-15","purchased_purges":1,"victory":false,"max_hp_per_floor":[75,75,75,75,75,75,75,75,75,75,75,75,75,75,75,75,75,75,75,75,75,75,75,75,75,75,75,75,75,75,75,75,75,75,75,75,75,75,75,75,75],"card_choices":[{"not_picked":["Turbo","Lockon"],"picked":"Go for the Eyes","floor":1},{"not_picked":["Streamline","Auto Shields"],"picked":"Ball Lightning","floor":4},{"not_picked":["Redo","Melter"],"picked":"Hologram","floor":5},{"not_picked":["Barrage","Sweeping Beam"],"picked":"Self Repair","floor":8},{"not_picked":["Sweeping Beam","Coolheaded"],"picked":"White Noise","floor":11},{"not_picked":["Cold Snap","Redo"],"picked":"Seek","floor":13},{"not_picked":["Thunder Strike","Amplify"],"picked":"Machine Learning","floor":16},{"not_picked":["Beam Cell","Streamline"],"picked":"Ball Lightning","floor":18},{"not_picked":["Gash","Hologram"],"picked":"Defragment+1","floor":22},{"not_picked":["Rebound+1","Leap"],"picked":"BootSequence","floor":24},{"not_picked":["Chill","Fusion"],"picked":"Conserve Battery","floor":29},{"not_picked":["Sunder","Redo"],"picked":"Conserve Battery+1","floor":31},{"not_picked":["Creative AI","Thunder Strike"],"picked":"Buffer","floor":33},{"not_picked":["Go for the Eyes+1","Chill"],"picked":"Steam","floor":35},{"not_picked":["Turbo","Go for the Eyes"],"picked":"Beam Cell+1","floor":36},{"not_picked":["Lockon","Blizzard+1"],"picked":"Reinforced Body","floor":39}],"player_experience":179897,"relics_obtained":[{"floor":9,"key":"The Courier"},{"floor":13,"key":"Bag of Preparation"},{"floor":24,"key":"Du-Vu Doll"},{"floor":26,"key":"Whetstone"}],"event_choices":[{"damage_healed":0,"gold_gain":75,"player_choice":"Gather Gold","damage_taken":11,"max_hp_gain":0,"max_hp_loss":0,"event_name":"World of Goop","floor":2,"gold_loss":0},{"damage_healed":25,"gold_gain":0,"player_choice":"Banana","damage_taken":0,"max_hp_gain":0,"max_hp_loss":0,"event_name":"Big Fish","floor":3,"gold_loss":0},{"damage_healed":0,"gold_gain":0,"player_choice":"Rummage","damage_taken":0,"relics_obtained":["WarpedTongs"],"max_hp_gain":0,"max_hp_loss":0,"event_name":"Accursed Blacksmith","floor":7,"gold_loss":0,"cards_obtained":["Pain"]},{"damage_healed":0,"gold_gain":0,"player_choice":"Searched \u00272\u0027 times","damage_taken":0,"max_hp_gain":0,"max_hp_loss":0,"event_name":"Dead Adventurer","floor":13,"gold_loss":0},{"damage_healed":0,"gold_gain":99,"player_choice":"Stole From Cult","damage_taken":0,"max_hp_gain":0,"max_hp_loss":0,"event_name":"Nest","floor":19,"gold_loss":0},{"damage_healed":0,"gold_gain":0,"player_choice":"Fight","damage_taken":0,"max_hp_gain":0,"max_hp_loss":0,"event_name":"Colosseum","floor":20,"gold_loss":0},{"damage_healed":0,"gold_gain":0,"player_choice":"Fled From Nobs","damage_taken":0,"max_hp_gain":0,"max_hp_loss":0,"event_name":"Colosseum","floor":20,"gold_loss":0},{"damage_healed":0,"gold_gain":0,"player_choice":"Inject Mutagens","damage_taken":0,"relics_obtained":["MutagenicStrength"],"max_hp_gain":0,"max_hp_loss":0,"event_name":"Drug Dealer","floor":28,"gold_loss":0}],"is_beta":false,"boss_relics":[{"not_picked":["Empty Cage","Ectoplasm"],"picked":"Astrolabe"},{"not_picked":["FrozenCore","Orrery"],"picked":"Inserter"}],"items_purged_floors":[12],"is_endless":false,"potions_floor_spawned":[5,8,11,18,24,35,39],"killed_by":"Nemesis","ascension_level":6}