{"gold_per_floor":[111,111,111,111,126,170,190,223,223,70,105,117],"floor_reached":12,"playtime":518,"items_purged":["Injury"],"score":242,"play_id":"afde92de-1b4a-415e-b7ab-837ba7aa65b8","local_time":"20190506165142","is_ascension_mode":true,"campfire_choices":[],"neow_cost":"NONE","seed_source_timestamp":169198712916636,"circlet_count":0,"master_deck":["AscendersBane","Defend_G","Defend_G","Defend_G","Defend_G","Defend_G","Strike_G","Strike_G","Strike_G","Strike_G","Survivor","Neutralize","Flying Knee","Finisher","Well Laid Plans","Choke","Backflip","All Out Attack","Sucker Punch"],"special_seed":0,"relics":["Ring of the Snake","NeowsBlessing","Golden Idol","Blue Candle","Girya","Matryoshka","MawBank"],"potions_floor_usage":[8,11,12],"damage_taken":[{"damage":0.0,"enemies":"Jaw Worm","floor":1.0,"turns":1.0},{"damage":0.0,"enemies":"2 Louse","floor":5.0,"turns":1.0},{"damage":0.0,"enemies":"Lagavulin","floor":6.0,"turns":1.0},{"damage":0,"enemies":"Small Slimes","floor":7,"turns":3},{"damage":30,"enemies":"Gremlin Nob","floor":8,"turns":4},{"damage":20,"enemies":"3 Sentries","floor":11,"turns":8},{"damage":2,"enemies":"Exordium Thugs","floor":12,"turns":2}],"seed_played":"-4638578537390252377","potions_obtained":[{"floor":1.0,"key":"AttackPotion"},{"floor":8,"key":"SpeedPotion"},{"floor":11,"key":"SkillPotion"}],"is_trial":false,"path_per_floor":["M","?","?","?","M","E","M","E","T","$","E","M"],"character_chosen":"THE_SILENT","items_purchased":["All Out Attack"],"campfire_rested":0,"item_purchase_floors":[10],"current_hp_per_floor":[59,59,59,52,52,52,52,22,22,22,2,0],"gold":117,"neow_bonus":"THREE_ENEMY_KILL","is_prod":false,"is_daily":false,"chose_seed":false,"campfire_upgraded":0,"win_rate":0,"timestamp":1557175902,"path_taken":["M","?","?","?","?","E","M","E","T","$","E","M"],"build_version":"2019-01-23","purchased_purges":1,"victory":false,"max_hp_per_floor":[66,66,66,66,66,66,66,66,66,66,66,66],"card_choices":[{"not_picked":["Escape Plan","Backflip"],"picked":"Flying Knee","floor":1.0},{"not_picked":["Acrobatics","Well Laid Plans"],"picked":"Finisher","floor":5.0},{"not_picked":["Prepared","Poisoned Stab"],"picked":"Well Laid Plans","floor":6.0},{"not_picked":["Prepared","Blade Dance"],"picked":"Choke","floor":7},{"not_picked":["Bane","Flechettes"],"picked":"Backflip","floor":8},{"not_picked":["Skewer","Expertise"],"picked":"Sucker Punch","floor":11}],"player_experience":376954,"relics_obtained":[{"floor":6.0,"key":"Blue Candle"},{"floor":8,"key":"Girya"},{"floor":9,"key":"Matryoshka"},{"floor":11,"key":"MawBank"}],"event_choices":[{"damage_healed":0.0,"max_hp_gain":0.0,"max_hp_loss":0.0,"gold_gain":0.0,"event_name":"Liars Game","player_choice":"Ignored","floor":2.0,"gold_loss":0.0,"damage_taken":0.0},{"damage_healed":0.0,"max_hp_gain":0.0,"max_hp_loss":0.0,"gold_gain":0.0,"event_name":"Golden Idol","player_choice":"Take Wound","floor":3.0,"gold_loss":0.0,"damage_taken":0.0,"relics_obtained":["Golden Idol"],"cards_obtained":["Injury"]},{"cards_removed":["Strike_G"],"damage_healed":0.0,"max_hp_gain":0.0,"max_hp_loss":0.0,"gold_gain":0.0,"event_name":"Golden Wing","player_choice":"Card Removal","floor":4.0,"gold_loss":0.0,"damage_taken":7.0}],"is_beta":false,"boss_relics":[],"items_purged_floors":[10],"is_endless":false,"potions_floor_spawned":[1,8,11],"killed_by":"Exordium Thugs","ascension_level":20}