{"gold_per_floor":[112,123,141,152,152,181,181,213,250,273,305,191,191,204,204,306,306,325,296,369,369,389,389,402,428,451,36,55,55,73,90,90,193,193,213,231,246,258,258,286,286,304,304,321,321,336,351,48,48,48],"floor_reached":51,"playtime":5112,"items_purged":["Strike_B"],"score":1091,"play_id":"2719480d-5794-4064-b227-c181ad29d059","local_time":"20190512204245","is_ascension_mode":true,"campfire_choices":[{"data":"Melter","floor":7.0,"key":"SMITH"},{"floor":13.0,"key":"REST"},{"data":"Go for the Eyes","floor":15.0,"key":"SMITH"},{"data":"Fission","floor":23.0,"key":"SMITH"},{"floor":29.0,"key":"REST"},{"data":"Defragment","floor":32.0,"key":"SMITH"},{"floor":41.0,"key":"REST"},{"floor":45.0,"key":"REST"},{"floor":49.0,"key":"REST"}],"neow_cost":"NONE","seed_source_timestamp":696062152835260,"circlet_count":0,"master_deck":["AscendersBane","Strike_B","Strike_B","Defend_B","Defend_B","Defend_B","Defend_B","Zap+1","Dualcast","Ball Lightning+1","Reprogram","Melter+1","Go for the Eyes+1","BootSequence","Steam","Cold Snap+1","Fission+1","Streamline+1","Compile Driver+1","Self Repair","Defragment+1","Gash+1","Thunder Strike","Defragment+1","Sweeping Beam+1","Seek","Redo+1","Loop","Steam+1","White Noise+1","Loop+1","Amplify","Chaos+1","Genetic Algorithm+1","Glacier","Go for the Eyes+1","Stack","Defragment+1"],"special_seed":0,"relics":["FrozenCore","FaceOfCleric","Cables","MawBank","Dream Catcher","Ornamental Fan","Whetstone","Anchor","OrangePellets","Orichalcum","Lizard Tail","Symbiotic Virus","Mummified Hand","Torii"],"potions_floor_usage":[50,50],"damage_taken":[{"damage":2.0,"enemies":"2 Louse","floor":1.0,"turns":3.0},{"damage":0.0,"enemies":"Cultist","floor":2.0,"turns":2.0},{"damage":12.0,"enemies":"Small Slimes","floor":3.0,"turns":3.0},{"damage":13.0,"enemies":"Red Slaver","floor":4.0,"turns":3.0},{"damage":15.0,"enemies":"3 Sentries","floor":6.0,"turns":5.0},{"damage":18.0,"enemies":"Gremlin Nob","floor":8.0,"turns":3.0},{"damage":0.0,"enemies":"3 Louse","floor":10.0,"turns":2.0},{"damage":4.0,"enemies":"2 Fungi Beasts","floor":11.0,"turns":3.0},{"damage":1.0,"enemies":"Looter","floor":14.0,"turns":3.0},{"damage":41.0,"enemies":"Slime Boss","floor":16.0,"turns":9.0},{"damage":8.0,"enemies":"3 Byrds","floor":18.0,"turns":6.0},{"damage":8.0,"enemies":"2 Thieves","floor":19.0,"turns":5.0},{"damage":2.0,"enemies":"Shelled Parasite and Fungi","floor":22.0,"turns":5.0},{"damage":19.0,"enemies":"Snake Plant","floor":24.0,"turns":6.0},{"damage":24.0,"enemies":"Gremlin Leader","floor":25.0,"turns":8.0},{"damage":12.0,"enemies":"Sentry and Sphere","floor":28.0,"turns":5.0},{"damage":0.0,"enemies":"Centurion and Healer","floor":30.0,"turns":7.0},{"damage":2.0,"enemies":"Snake Plant","floor":31.0,"turns":8.0},{"damage":44.0,"enemies":"Automaton","floor":33.0,"turns":11.0},{"damage":0.0,"enemies":"3 Shapes","floor":35.0,"turns":12.0},{"damage":0.0,"enemies":"Orb Walker","floor":36.0,"turns":6.0},{"damage":30.0,"enemies":"Maw","floor":37.0,"turns":11.0},{"damage":13.0,"enemies":"3 Darklings","floor":38.0,"turns":7.0},{"damage":53.0,"enemies":"Giant Head","floor":40.0,"turns":10.0},{"damage":34.0,"enemies":"Transient","floor":42.0,"turns":5.0},{"damage":11.0,"enemies":"Sphere and 2 Shapes","floor":44.0,"turns":7.0},{"damage":16.0,"enemies":"4 Shapes","floor":46.0,"turns":4.0},{"damage":15.0,"enemies":"3 Darklings","floor":47.0,"turns":7.0},{"damage":12,"enemies":"Donu and Deca","floor":50,"turns":26}],"seed_played":"6572555178677277737","potions_obtained":[{"floor":1.0,"key":"FocusPotion"},{"floor":6.0,"key":"Energy Potion"},{"floor":8.0,"key":"Explosive Potion"},{"floor":11.0,"key":"Regen Potion"},{"floor":14.0,"key":"Strength Potion"},{"floor":18.0,"key":"Strength Potion"},{"floor":19.0,"key":"PowerPotion"},{"floor":22.0,"key":"Strength Potion"},{"floor":24.0,"key":"Fire Potion"},{"floor":36.0,"key":"FearPotion"},{"floor":44.0,"key":"SkillPotion"},{"floor":46.0,"key":"Weak Potion"}],"is_trial":false,"path_per_floor":["M","M","M","M","?","E","R","E","T","M","M","$","R","M","R","B",null,"M","M","T","?","M","R","M","E","T","$","M","R","M","M","R","B",null,"M","M","M","M","?","E","R","M","T","M","R","M","M","$","R","B",null],"character_chosen":"DEFECT","items_purchased":["Steam","OrangePellets","Orichalcum","Strength Potion","Torii"],"campfire_rested":5,"item_purchase_floors":[12,27,27,27,48],"current_hp_per_floor":[66,66,54,41,41,27,27,10,10,11,8,8,31,31,31,6,62,55,48,48,48,47,47,36,20,20,20,9,35,43,49,49,13,71,79,87,65,60,51,55,83,50,50,47,76,68,61,61,90,86],"gold":48,"neow_bonus":"UPGRADE_CARD","is_prod":false,"is_daily":false,"chose_seed":false,"campfire_upgraded":4,"win_rate":0,"timestamp":1557708165,"path_taken":["M","M","M","M","?","E","R","E","T","M","M","$","R","M","R","BOSS","M","M","?","?","M","R","M","E","T","$","M","R","?","M","R","BOSS","M","M","M","M","?","E","R","M","T","M","R","M","?","$","R","BOSS"],"build_version":"2019-01-23","purchased_purges":1,"victory":true,"max_hp_per_floor":[75,75,75,75,75,76,76,77,77,78,79,79,79,80,80,81,81,82,83,83,83,84,84,85,86,86,86,87,87,88,89,89,90,90,91,92,93,94,94,95,95,96,96,97,97,98,99,99,99,100],"card_choices":[{"not_picked":["Storm","Rebound"],"picked":"Ball Lightning","floor":1.0},{"not_picked":["Aggregate","Rebound"],"picked":"Reprogram","floor":2.0},{"not_picked":["Compile Driver","Gash"],"picked":"Melter","floor":3.0},{"not_picked":["Tempest","Recycle","Redo"],"picked":"SKIP","floor":4.0},{"not_picked":["Heatsinks","Leap"],"picked":"Go for the Eyes","floor":6.0},{"not_picked":["Amplify","Rip and Tear","Barrage"],"picked":"SKIP","floor":8.0},{"not_picked":["Steam","Compile Driver"],"picked":"BootSequence","floor":10.0},{"not_picked":["Beam Cell","Barrage","Turbo"],"picked":"SKIP","floor":11.0},{"not_picked":["Leap","Double Energy"],"picked":"Cold Snap","floor":13.0},{"not_picked":["Ball Lightning","Rebound","Darkness"],"picked":"SKIP","floor":14.0},{"not_picked":["Creative AI","Machine Learning"],"picked":"Fission","floor":16.0},{"not_picked":["Gash","Rip and Tear+1"],"picked":"Streamline+1","floor":18.0},{"not_picked":["Leap","Coolheaded"],"picked":"Compile Driver+1","floor":19.0},{"not_picked":["Storm","Rebound"],"picked":"Self Repair","floor":22.0},{"not_picked":["Reprogram","Sunder"],"picked":"Defragment","floor":24.0},{"not_picked":["Redo","Chaos","Conserve Battery"],"picked":"SKIP","floor":25.0},{"not_picked":["Streamline","Sunder"],"picked":"Gash+1","floor":28.0},{"not_picked":["Barrage","Reprogram"],"picked":"Thunder Strike","floor":29.0},{"not_picked":["Streamline","Beam Cell"],"picked":"Defragment+1","floor":30.0},{"not_picked":["Genetic Algorithm","Double Energy"],"picked":"Sweeping Beam+1","floor":31.0},{"not_picked":["Amplify","Rainbow"],"picked":"Seek","floor":33.0},{"not_picked":["Reprogram","Static Discharge+1"],"picked":"Redo+1","floor":35.0},{"not_picked":["Steam+1","Static Discharge+1"],"picked":"Loop","floor":36.0},{"not_picked":["Sweeping Beam+1","Barrage"],"picked":"Steam+1","floor":37.0},{"not_picked":["Darkness","Leap"],"picked":"White Noise+1","floor":38.0},{"not_picked":["Capacitor","Double Energy"],"picked":"Loop+1","floor":40.0},{"not_picked":["Chill","Rebound"],"picked":"Amplify","floor":41.0},{"not_picked":["Ball Lightning","Beam Cell+1"],"picked":"Chaos+1","floor":42.0},{"not_picked":["Static Discharge+1","Sweeping Beam"],"picked":"Genetic Algorithm+1","floor":44.0},{"not_picked":["Stack","BootSequence+1"],"picked":"Glacier","floor":45.0},{"not_picked":["Steam Power","Self Repair"],"picked":"Go for the Eyes+1","floor":46.0},{"not_picked":["Tempest","Coolheaded"],"picked":"Stack","floor":47.0},{"not_picked":["Creative AI","Compile Driver+1"],"picked":"Defragment+1","floor":49.0}],"player_experience":572895,"relics_obtained":[{"floor":6.0,"key":"Cables"},{"floor":8.0,"key":"MawBank"},{"floor":9.0,"key":"Dream Catcher"},{"floor":20.0,"key":"Ornamental Fan"},{"floor":25.0,"key":"Whetstone"},{"floor":26.0,"key":"Anchor"},{"floor":40.0,"key":"Symbiotic Virus"},{"floor":43.0,"key":"Mummified Hand"}],"event_choices":[{"damage_healed":0.0,"max_hp_gain":0.0,"max_hp_loss":0.0,"gold_gain":0.0,"event_name":"FaceTrader","player_choice":"Trade","floor":5.0,"gold_loss":0.0,"damage_taken":0.0,"relics_obtained":["FaceOfCleric"]},{"cards_removed":["Strike_B"],"damage_healed":0.0,"max_hp_gain":0.0,"max_hp_loss":0.0,"gold_gain":0.0,"event_name":"Bonfire Elementals","player_choice":"Offered Basic","floor":21.0,"gold_loss":0.0,"damage_taken":0.0},{"damage_healed":0.0,"max_hp_gain":0.0,"max_hp_loss":0.0,"gold_gain":0.0,"event_name":"Wheel of Change","player_choice":"Damaged","floor":39.0,"gold_loss":0.0,"damage_taken":9.0}],"is_beta":false,"boss_relics":[{"not_picked":["Empty Cage","Pandora\u0027s Box"],"picked":"FrozenCore"},{"not_picked":["Eternal Feather","Black Star"],"picked":"Lizard Tail"}],"items_purged_floors":[12],"is_endless":false,"potions_floor_spawned":[1,6,8,11,14,18,19,22,24,36,44,46],"ascension_level":10}