{"path_per_floor":["M","?","M","?","M","R","M","R","T","E","M","?","?","E","R","B",null,"M","?","?","$","M"],"character_chosen":"THE_SILENT","items_purchased":["Finesse"],"gold_per_floor":[113,113,133,133,151,151,169,169,221,253,271,271,271,310,310,434,434,455,455,455,286,305],"floor_reached":23,"campfire_rested":1,"playtime":5021,"current_hp_per_floor":[70,70,70,56,56,56,56,56,56,48,47,30,30,19,40,20,70,58,58,58,58,53],"items_purged":["Strike_G"],"gold":305,"play_id":"213d28ad-746d-4da3-92ea-278615047cc6","is_prod":false,"is_daily":false,"is_ascension_mode":false,"campfire_upgraded":2,"path_taken":["M","?","M","?","M","R","M","R","T","E","M","?","?","E","R","BOSS","M","?","?","$","M","E"],"build_version":"2018-02-01-PROD3","purchased_purges":1,"victory":false,"master_deck":["Defend_G","Defend_G","Defend_G","Defend_G","Strike_G","Strike_G","Strike_G+1","Strike_G+1","Survivor","Neutralize+1","Well Laid Plans","Calculated Gamble+1","Doppelganger","Calculated Gamble","Predator","Backflip","Bullet Time","Outmaneuver+1","Blur","Finesse","Infinite Blades+1"],"max_hp_per_floor":[70,70,70,70,70,70,70,70,70,70,70,70,70,70,70,70,70,70,70,70,70,70],"relics":["Ring of the Snake","Juzu Bracelet","Bag of Marbles","Bloody Idol","Blood Vial","Question Card"],"card_choices":[{"not_picked":["Dagger Spray","Slice"],"picked":"Well Laid Plans"},{"not_picked":["Distraction","Leg Sweep"],"picked":"Calculated Gamble"},{"not_picked":["Flying Knee","Poisoned Stab"],"picked":"Doppelganger"},{"not_picked":["Quick Slash","Flechettes"],"picked":"Calculated Gamble"},{"not_picked":["Riddle With Holes","Dash"],"picked":"Predator"},{"not_picked":["Predator","Catalyst"],"picked":"Backflip"},{"not_picked":["Envenom","Burst"],"picked":"Bullet Time"},{"not_picked":["Flechettes","Crippling Poison","Caltrops"],"picked":"Outmaneuver"},{"not_picked":["Deadly Poison","Dagger Spray","PiercingWail"],"picked":"Infinite Blades"}],"player_experience":22146,"potions_floor_usage":[18,23],"damage_taken":[{"damage":0,"enemies":"Cultist","floor":1,"turns":4},{"damage":0,"enemies":"Blue Slaver","floor":3,"turns":6},{"damage":0,"enemies":"Jaw Worm","floor":5,"turns":3},{"damage":0,"enemies":"Looter","floor":7,"turns":3},{"damage":8,"enemies":"Lagavulin","floor":10,"turns":9},{"damage":1,"enemies":"2 Fungi Beasts","floor":11,"turns":3},{"damage":11,"enemies":"3 Sentries","floor":14,"turns":9},{"damage":22,"enemies":"The Guardian","floor":16,"turns":17},{"damage":12,"enemies":"2 Thieves","floor":18,"turns":4},{"damage":12,"enemies":"Spheric Guardian","floor":22,"turns":6},{"damage":64,"enemies":"Gremlin Leader","floor":23,"turns":13}],"event_choices":[{"event_name":"The Woman in Blue","player_choice":"Bought 0 Potions","floor":2,"damage_taken":0},{"event_name":"Shining Light","player_choice":"Entered Light","floor":4,"damage_taken":0},{"event_name":"Golden Idol","player_choice":"Take Damage","floor":12,"damage_taken":0},{"event_name":"Scrap Ooze","player_choice":"unsuccessful","floor":13,"damage_taken":0},{"event_name":"Forgotten Altar","player_choice":"Gave Idol","floor":19,"damage_taken":0},{"event_name":"Transmorgrifier","player_choice":"Transform","floor":20,"damage_taken":0}],"boss_relics":[{"not_picked":["Calling Bell","Philosopher\u0027s Stone"],"picked":"Question Card"}],"potions_floor_spawned":[3,10,11,14,18],"seed_played":"762741695057962350","killed_by":"Gremlin Leader","ascension_level":0,"is_trial":false}