{"path_per_floor":["M","M","?","?","M","R","M","R","T","M","R","M","M","T","R","B",null,"M","$","M","M","M","R","?","R","T","R","E","M","?","M","R"],"character_chosen":"IRONCLAD","items_purchased":["Dramatic Entrance"],"gold_per_floor":[115,133,133,133,148,148,168,168,168,187,187,205,225,225,225,330,330,348,178,197,214,232,232,232,232,532,532,562,572,572,586,586],"floor_reached":33,"campfire_rested":2,"playtime":2496,"current_hp_per_floor":[78,80,85,73,74,74,78,78,78,65,65,71,71,71,71,39,85,71,71,77,83,68,85,85,85,85,85,56,34,34,30,55],"items_purged":["Defend_R"],"gold":586,"play_id":"79e7cef9-bf82-493a-ad0e-08042bf306a1","is_prod":false,"is_daily":false,"is_ascension_mode":false,"campfire_upgraded":6,"path_taken":["M","?","?","?","M","R","?","R","T","M","R","M","M","?","R","BOSS","M","$","M","M","M","R","?","R","T","R","E","?","?","M","R","BOSS"],"build_version":"2018-02-01-PROD3","purchased_purges":1,"victory":false,"master_deck":["Strike_R","Strike_R","Strike_R","Strike_R","Strike_R","Defend_R","Defend_R","Defend_R","Bash+1","Shrug It Off+1","Intimidate+1","Pommel Strike+1","Impervious","Shrug It Off+1","Dramatic Entrance","Headbutt","Cleave+1","Intimidate","Shrug It Off","Pommel Strike","Blood for Blood+1"],"max_hp_per_floor":[80,80,85,85,85,85,85,85,85,85,85,85,85,85,85,85,85,85,85,85,85,85,85,85,85,85,85,85,85,85,85,85],"relics":["Burning Blood","Frozen Eye","Champion Belt","Bird Faced Urn","Old Coin","Dodecahedron","Anchor"],"card_choices":[{"not_picked":["Iron Wave","Dual Wield"],"picked":"Shrug It Off"},{"not_picked":["Uppercut","Feel No Pain"],"picked":"Intimidate"},{"not_picked":["Sever Soul","Warcry"],"picked":"Pommel Strike"},{"not_picked":["Seeing Red","Warcry"],"picked":"Impervious"},{"not_picked":["Body Slam","Rampage"],"picked":"Shrug It Off"},{"not_picked":["Pummel","Cleave"],"picked":"Headbutt"},{"not_picked":["Armaments","Fire Breathing"],"picked":"Cleave"},{"not_picked":["Reckless Charge","Flex"],"picked":"Intimidate"},{"not_picked":["Sword Boomerang","Rampage"],"picked":"Shrug It Off"},{"not_picked":["Perfected Strike","Cleave"],"picked":"Pommel Strike"},{"not_picked":["Sever Soul","Hemokinesis"],"picked":"Blood for Blood"}],"player_experience":19431,"potions_floor_usage":[10,16,16,20,22,22,28,33,33,33],"damage_taken":[{"damage":8,"enemies":"Blue Slaver","floor":1,"turns":6},{"damage":2,"enemies":"Small Slimes","floor":2,"turns":3},{"damage":5,"enemies":"Cultist","floor":5,"turns":4},{"damage":2,"enemies":"Exordium Wildlife","floor":7,"turns":4},{"damage":19,"enemies":"Lots of Slimes","floor":10,"turns":5},{"damage":0,"enemies":"Large Slime","floor":12,"turns":5},{"damage":6,"enemies":"Red Slaver","floor":13,"turns":4},{"damage":38,"enemies":"The Guardian","floor":16,"turns":13},{"damage":20,"enemies":"3 Byrds","floor":18,"turns":9},{"damage":0,"enemies":"Chosen","floor":20,"turns":4},{"damage":0,"enemies":"Snecko","floor":21,"turns":5},{"damage":21,"enemies":"Snake Plant","floor":22,"turns":6},{"damage":35,"enemies":"Book of Stabbing","floor":28,"turns":7},{"damage":28,"enemies":"3 Cultists","floor":29,"turns":6},{"damage":10,"enemies":"Centurion and Healer","floor":31,"turns":9},{"damage":69,"enemies":"Collector","floor":33,"turns":10}],"event_choices":[{"event_name":"Big Fish","player_choice":"Donut","floor":3,"damage_taken":0},{"event_name":"Scrap Ooze","player_choice":"success","floor":4,"damage_taken":12},{"event_name":"Drug Dealer","player_choice":"Ignored","floor":24,"damage_taken":0},{"event_name":"The Mausoleum","player_choice":"Yes","floor":30,"damage_taken":0}],"boss_relics":[{"not_picked":["Philosopher\u0027s Stone","Runic Dome","Snecko Eye"]}],"potions_floor_spawned":[10,12,16,18,21,22,29,31],"seed_played":"-8842371513717529553","killed_by":"Collector","ascension_level":0,"is_trial":false}