{"gold_per_floor":[119,131,149,164,184,214,214,229,252,263,16,28,6,16,16,121,121,139,139,139,48,60,60,79,93,117,18,18,33,33,53,53,153,153,173,173,187,206,219,219,219],"floor_reached":41,"playtime":3611,"items_purged":[],"score":427,"play_id":"86781fea-43c8-439b-8fa3-cdb053c8873c","local_time":"20180722125311","is_ascension_mode":false,"campfire_choices":[{"floor":7.0,"key":"REST"},{"floor":15.0,"key":"REST"},{"floor":23.0,"key":"REST"},{"floor":28.0,"key":"REST"},{"floor":30.0,"key":"REST"},{"floor":32.0,"key":"REST"},{"floor":40,"key":"REST"}],"neow_cost":"NONE","seed_source_timestamp":0,"circlet_count":0,"master_deck":["Strike_B","Strike_B","Strike_B","Strike_B","Defend_B","Defend_B","Defend_B","Defend_B","Zap","Dualcast","FTL","Cold Snap","Coolheaded","Beam Cell","Beam Cell","Streamline","BootSequence","Go for the Eyes","Gash","Barrage","Turbo","Rebound","Storm","Electrodynamics","Compile Driver+1","Defragment","Turbo","Hologram+1","Redo","White Noise+1","Capacitor+1","Ball Lightning","Beam Cell","Glacier+1","Rebound+1","Melter","Conserve Battery+1","Buffer","Rainbow","Ball Lightning","Buffer","Rebound+1","Self Repair+1","Tempest","Compile Driver+1"],"special_seed":0,"relics":["Cracked Core","Pear","Omamori","HandDrill","Calling Bell","Dream Catcher","Mummified Hand","Girya","Spirit Poop","Darkstone Periapt","Happy Flower","Snecko Eye"],"potions_floor_usage":[38,41,41],"damage_taken":[{"damage":0.0,"enemies":"Cultist","floor":1.0,"turns":3.0},{"damage":0.0,"enemies":"2 Louse","floor":2.0,"turns":2.0},{"damage":0.0,"enemies":"Small Slimes","floor":3.0,"turns":3.0},{"damage":6.0,"enemies":"Exordium Wildlife","floor":4.0,"turns":6.0},{"damage":1.0,"enemies":"Exordium Thugs","floor":5.0,"turns":4.0},{"damage":14.0,"enemies":"Lagavulin","floor":6.0,"turns":4.0},{"damage":0.0,"enemies":"2 Fungi Beasts","floor":8.0,"turns":3.0},{"damage":27.0,"enemies":"Gremlin Gang","floor":10.0,"turns":4.0},{"damage":0.0,"enemies":"Looter","floor":12.0,"turns":2.0},{"damage":13.0,"enemies":"Exordium Thugs","floor":14.0,"turns":5.0},{"damage":10.0,"enemies":"Slime Boss","floor":16.0,"turns":9.0},{"damage":36.0,"enemies":"2 Thieves","floor":18.0,"turns":4.0},{"damage":18.0,"enemies":"Chosen","floor":22.0,"turns":5.0},{"damage":16.0,"enemies":"Slaver and Parasite","floor":24.0,"turns":7.0},{"damage":11.0,"enemies":"Centurion and Healer","floor":25.0,"turns":6.0},{"damage":9.0,"enemies":"Snake Plant","floor":29.0,"turns":3.0},{"damage":36.0,"enemies":"Slaver and Parasite","floor":31.0,"turns":5.0},{"damage":39.0,"enemies":"Champ","floor":33.0,"turns":15.0},{"damage":11,"enemies":"Flame Bruiser 1 Orb","floor":35,"turns":5},{"damage":0,"enemies":"3 Shapes","floor":37,"turns":4},{"damage":58,"enemies":"Spire Growth","floor":38,"turns":4},{"damage":0,"enemies":"Transient","floor":39,"turns":5},{"damage":47,"enemies":"Sphere and 2 Shapes","floor":41,"turns":3}],"seed_played":"8271301448272044369","potions_obtained":[{"floor":1.0,"key":"SpeedPotion"},{"floor":3.0,"key":"Strength Potion"},{"floor":6.0,"key":"Weak Potion"},{"floor":8.0,"key":"Swift Potion"},{"floor":14.0,"key":"AttackPotion"},{"floor":22.0,"key":"Block Potion"},{"floor":24.0,"key":"GamblersBrew"},{"floor":37,"key":"Strength Potion"},{"floor":38,"key":"EssenceOfSteel"},{"floor":39,"key":"SpeedPotion"}],"is_trial":false,"path_per_floor":["M","M","M","M","M","E","R","M","T","M","$","M","$","M","R","B",null,"M","?","T","$","M","R","M","M","T","$","R","M","R","M","R","B",null,"M","?","M","M","M","R"],"character_chosen":"DEFECT","items_purchased":["HandDrill","Barrage","Rebound","Defragment","Turbo","Ball Lightning","Beam Cell"],"campfire_rested":7,"item_purchase_floors":[11,11,13,21,21,27,27],"current_hp_per_floor":[75,75,75,69,68,64,85,85,85,58,58,58,58,45,70,60,85,49,49,49,49,31,56,40,29,29,29,54,45,70,34,59,20,85,74,74,74,16,16,41,0],"gold":219,"neow_bonus":"THREE_CARDS","is_prod":false,"is_daily":false,"chose_seed":false,"campfire_upgraded":0,"win_rate":0,"timestamp":1532278391,"path_taken":["M","M","M","?","M","E","R","M","T","?","$","M","?","M","R","BOSS","M","?","?","$","M","R","M","?","T","$","R","M","R","M","R","BOSS","M","?","M","M","M","R","M"],"build_version":"2018-07-19v2","purchased_purges":0,"victory":false,"max_hp_per_floor":[75,75,75,75,75,85,85,85,85,85,85,85,85,85,85,85,85,85,85,85,85,85,85,85,85,85,85,85,85,85,85,85,85,85,85,85,85,85,85,85,85],"card_choices":[{"not_picked":["Stack","Skim"],"picked":"FTL","floor":0.0},{"not_picked":["Steam","Barrage"],"picked":"Cold Snap","floor":1.0},{"not_picked":["Hologram","Streamline"],"picked":"Coolheaded","floor":2.0},{"not_picked":["Rebound","Consume"],"picked":"Beam Cell","floor":3.0},{"not_picked":["Coolheaded","FTL"],"picked":"Beam Cell","floor":4.0},{"not_picked":["Beam Cell","Double Energy"],"picked":"Streamline","floor":5.0},{"not_picked":["Stack","Redo"],"picked":"BootSequence","floor":6.0},{"not_picked":["Scrape","Auto Shields"],"picked":"Go for the Eyes","floor":8.0},{"not_picked":["Coolheaded","Beam Cell"],"picked":"Gash","floor":10.0},{"not_picked":["Coolheaded","Steam"],"picked":"Turbo","floor":12.0},{"not_picked":["Reboot","Stack"],"picked":"Storm","floor":14.0},{"not_picked":["Biased Cognition","Multi-Cast"],"picked":"Electrodynamics","floor":16.0},{"not_picked":["White Noise","Barrage+1"],"picked":"Compile Driver+1","floor":18.0},{"not_picked":["Double Energy","Steam Power"],"picked":"Hologram+1","floor":22.0},{"not_picked":["Gash","Barrage"],"picked":"Redo","floor":23.0},{"not_picked":["Lockon+1","Fusion"],"picked":"White Noise+1","floor":24.0},{"not_picked":["Echo Form","Hologram"],"picked":"Capacitor+1","floor":25.0},{"not_picked":["Heatsinks","Skim"],"picked":"Glacier+1","floor":28.0},{"not_picked":["Aggregate","Compile Driver+1"],"picked":"Rebound+1","floor":29.0},{"not_picked":["Gash","Rebound"],"picked":"Melter","floor":30.0},{"not_picked":["Redo","Coolheaded+1"],"picked":"Conserve Battery+1","floor":31.0},{"not_picked":["Compile Driver","Ball Lightning"],"picked":"Buffer","floor":32.0},{"not_picked":["Reboot","All For One"],"picked":"Rainbow","floor":33.0},{"not_picked":["Conserve Battery","Sweeping Beam"],"picked":"Ball Lightning","floor":35},{"not_picked":["Compile Driver+1","Steam Power+1"],"picked":"Rebound+1","floor":37},{"not_picked":["Defragment+1","Leap+1"],"picked":"Self Repair+1","floor":38},{"not_picked":["Reprogram+1","Double Energy+1"],"picked":"Tempest","floor":39},{"not_picked":["Fission","Hologram+1"],"picked":"Compile Driver+1","floor":40}],"player_experience":61466,"relics_obtained":[{"floor":6.0,"key":"Pear"},{"floor":9.0,"key":"Omamori"},{"floor":17.0,"key":"Dream Catcher"},{"floor":17.0,"key":"Mummified Hand"},{"floor":17.0,"key":"Girya"},{"floor":20.0,"key":"Darkstone Periapt"},{"floor":26.0,"key":"Happy Flower"}],"event_choices":[{"event_name":"Bonfire Elementals","player_choice":"CURSE","floor":19.0,"damage_taken":0.0},{"event_name":"Duplicator","player_choice":"One dupe","floor":36,"damage_taken":0}],"is_beta":false,"boss_relics":[{"not_picked":["Runic Pyramid","Sozu"],"picked":"Calling Bell"},{"not_picked":["Coffee Dripper","Empty Cage"],"picked":"Snecko Eye"}],"items_purged_floors":[],"is_endless":false,"potions_floor_spawned":[1,3,6,8,14,22,24,37,38,39],"killed_by":"Sphere and 2 Shapes","ascension_level":0}