{"gold_per_floor":[114,124,142,142,196,242,254,284,374,23,38,69,69,82,82,157,157,157,157,157,157,157,157,157,157,157,157,157,157,157,80,80,80,80,80,80,80,80,80,80,80,80,80,80,80,80,80,80,80,80,80],"floor_reached":51,"playtime":4862,"items_purged":["Strike_G"],"score":1643,"play_id":"921d71ba-21c6-47d7-8a9f-f355481f6965","local_time":"20190506163503","is_ascension_mode":true,"campfire_choices":[{"data":"Flying Knee","floor":7.0,"key":"SMITH"},{"data":"Burst","floor":15.0,"key":"SMITH"},{"data":"Dagger Spray","floor":23.0,"key":"SMITH"},{"floor":25.0,"key":"REST"},{"data":"Backflip","floor":32.0,"key":"SMITH"},{"floor":41.0,"key":"REST"},{"floor":47.0,"key":"REST"},{"floor":49.0,"key":"REST"}],"neow_cost":"NONE","seed_source_timestamp":162075922158454,"circlet_count":0,"master_deck":["AscendersBane","Defend_G","Defend_G","Defend_G","Defend_G","Defend_G","Strike_G","Strike_G","Strike_G","Strike_G","Survivor","Neutralize+1","Quick Slash","Quick Slash","Deflect","Flying Knee+1","Bouncing Flask","Backflip+1","Deadly Poison","Burst+1","A Thousand Cuts+1","Dagger Spray+1","Writhe","PiercingWail","Infinite Blades+1","Footwork+1","Backflip","Flying Knee+1","Leg Sweep+1","Cloak And Dagger+1","PiercingWail","Caltrops+1","Phantasmal Killer","Deflect+1","Infinite Blades+1","Poisoned Stab+1","Parasite","PiercingWail","Catalyst","Terror+1","Dodge and Roll","Escape Plan","Bane+1","Flying Knee+1"],"special_seed":0,"relics":["Ring of the Snake","MawBank","Du-Vu Doll","Meat on the Bone","Frozen Egg 2","Dream Catcher","Ectoplasm","Ice Cream","Bird Faced Urn","Bag of Preparation","Pen Nib","Sundial","Fusion Hammer","Turnip","Pear","Blue Candle","Bottled Flame"],"potions_floor_usage":[51],"damage_taken":[{"damage":0.0,"enemies":"Cultist","floor":1.0,"turns":4.0},{"damage":0.0,"enemies":"Jaw Worm","floor":2.0,"turns":6.0},{"damage":4.0,"enemies":"Small Slimes","floor":3.0,"turns":4.0},{"damage":21.0,"enemies":"3 Sentries","floor":6.0,"turns":12.0},{"damage":5.0,"enemies":"Exordium Wildlife","floor":8.0,"turns":4.0},{"damage":0.0,"enemies":"Looter","floor":11.0,"turns":3.0},{"damage":29.0,"enemies":"Gremlin Nob","floor":12.0,"turns":4.0},{"damage":14.0,"enemies":"Large Slime","floor":14.0,"turns":7.0},{"damage":0.0,"enemies":"The Guardian","floor":16.0,"turns":10.0},{"damage":13.0,"enemies":"Chosen","floor":18.0,"turns":5.0},{"damage":12.0,"enemies":"Shell Parasite","floor":20.0,"turns":4.0},{"damage":26.0,"enemies":"Cultist and Chosen","floor":21.0,"turns":6.0},{"damage":27.0,"enemies":"Slavers","floor":24.0,"turns":3.0},{"damage":2.0,"enemies":"Book of Stabbing","floor":27.0,"turns":6.0},{"damage":0.0,"enemies":"Centurion and Healer","floor":28.0,"turns":4.0},{"damage":0.0,"enemies":"Shelled Parasite and Fungi","floor":29.0,"turns":5.0},{"damage":2.0,"enemies":"Slavers","floor":30.0,"turns":5.0},{"damage":32.0,"enemies":"Collector","floor":33.0,"turns":9.0},{"damage":14.0,"enemies":"3 Darklings","floor":35.0,"turns":4.0},{"damage":11.0,"enemies":"3 Shapes","floor":36.0,"turns":4.0},{"damage":25.0,"enemies":"3 Darklings","floor":37.0,"turns":5.0},{"damage":2.0,"enemies":"4 Shapes","floor":38.0,"turns":9.0},{"damage":11.0,"enemies":"Writhing Mass","floor":39.0,"turns":8.0},{"damage":13.0,"enemies":"Nemesis","floor":40.0,"turns":5.0},{"damage":39.0,"enemies":"Giant Head","floor":42.0,"turns":7.0},{"damage":6.0,"enemies":"Sphere and 2 Shapes","floor":44.0,"turns":7.0},{"damage":52.0,"enemies":"Nemesis","floor":45.0,"turns":5.0},{"damage":68.0,"enemies":"Donu and Deca","floor":50.0,"turns":10.0},{"damage":17,"enemies":"Awakened One","floor":51,"turns":4}],"seed_played":"-1501189705600956397","potions_obtained":[{"floor":1.0,"key":"EssenceOfSteel"},{"floor":3.0,"key":"EssenceOfSteel"},{"floor":6.0,"key":"Block Potion"},{"floor":11.0,"key":"GhostInAJar"},{"floor":14.0,"key":"EssenceOfSteel"},{"floor":16.0,"key":"Swift Potion"},{"floor":20.0,"key":"PowerPotion"},{"floor":24.0,"key":"GamblersBrew"},{"floor":28.0,"key":"Energy Potion"},{"floor":30.0,"key":"Dexterity Potion"},{"floor":36.0,"key":"PowerPotion"},{"floor":38.0,"key":"Explosive Potion"},{"floor":44.0,"key":"FearPotion"},{"floor":45.0,"key":"Block Potion"}],"is_trial":false,"path_per_floor":["M","M","M","?","T","E","R","M","T","$","M","E","$","M","R","B",null,"M","?","M","M","?","R","E","R","T","E","M","M","E","$","R","B",null,"M","M","M","M","M","E","R","E","T","M","E","?","R","?","R","B","B"],"character_chosen":"THE_SILENT","items_purchased":["Frozen Egg 2","Caltrops+1"],"campfire_rested":4,"item_purchase_floors":[10,31],"current_hp_per_floor":[59,59,55,55,55,34,34,29,29,29,41,24,24,22,22,34,58,45,45,45,31,31,31,16,35,35,39,45,51,53,53,53,41,60,52,47,44,48,47,46,65,49,49,51,19,19,41,41,63,17,0],"gold":80,"neow_bonus":"UPGRADE_CARD","is_prod":false,"is_daily":false,"chose_seed":false,"campfire_upgraded":4,"win_rate":0,"timestamp":1557174903,"path_taken":["M","?","M","?","?","E","R","M","T","$","?","E","$","M","R","BOSS","M","?","M","M","?","R","E","R","T","E","?","M","E","$","R","BOSS","M","M","M","M","M","E","R","E","T","M","E","?","R","?","R","BOSS","BOSS"],"build_version":"2019-01-23","purchased_purges":1,"victory":false,"max_hp_per_floor":[66,66,66,66,66,66,66,66,66,66,66,66,66,66,66,66,66,66,66,66,66,66,66,66,66,66,66,66,66,66,66,66,66,66,66,66,66,66,66,66,66,76,76,76,76,76,76,76,76,76,76],"card_choices":[{"not_picked":["Skewer","Reflex"],"picked":"Quick Slash","floor":1.0},{"not_picked":["Setup","Prepared"],"picked":"Quick Slash","floor":2.0},{"not_picked":["Skewer","Distraction"],"picked":"Deflect","floor":3.0},{"not_picked":["Deadly Poison","Acrobatics"],"picked":"Flying Knee","floor":6.0},{"not_picked":["Blur","Catalyst"],"picked":"Bouncing Flask","floor":8.0},{"not_picked":["Finisher","Predator"],"picked":"Backflip","floor":11.0},{"not_picked":["Bane","Tactician"],"picked":"Deadly Poison","floor":12.0},{"not_picked":["Deflect","Dagger Throw"],"picked":"Burst","floor":14.0},{"not_picked":["Wraith Form v2+1","Unload"],"picked":"A Thousand Cuts+1","floor":16.0},{"not_picked":["Deflect","All Out Attack"],"picked":"Dagger Spray","floor":18.0},{"not_picked":["Prepared","Outmaneuver"],"picked":"PiercingWail","floor":20.0},{"not_picked":["Venomology","Dagger Spray"],"picked":"Infinite Blades+1","floor":21.0},{"not_picked":["Poisoned Stab+1","Predator"],"picked":"Footwork+1","floor":24.0},{"not_picked":["Dagger Throw","Slice"],"picked":"Backflip","floor":25.0},{"not_picked":["Outmaneuver","Phantasmal Killer"],"picked":"Flying Knee+1","floor":27.0},{"not_picked":["Flying Knee","Quick Slash"],"picked":"Leg Sweep+1","floor":28.0},{"not_picked":["Sucker Punch+1","Poisoned Stab"],"picked":"Cloak And Dagger+1","floor":29.0},{"not_picked":["Expertise","Acrobatics"],"picked":"PiercingWail","floor":30.0},{"not_picked":["Die Die Die","Doppelganger"],"picked":"Phantasmal Killer","floor":33.0},{"not_picked":["Skewer","Dagger Throw"],"picked":"Deflect+1","floor":35.0},{"not_picked":["Bane+1","Prepared"],"picked":"Infinite Blades+1","floor":36.0},{"not_picked":["Flying Knee","Acrobatics","Setup"],"picked":"SKIP","floor":37.0},{"not_picked":["Blade Dance","Dagger Throw"],"picked":"Poisoned Stab+1","floor":38.0},{"not_picked":["Acrobatics","Skewer+1"],"picked":"PiercingWail","floor":39.0},{"not_picked":["Predator","Acrobatics+1"],"picked":"Catalyst","floor":40.0},{"not_picked":["Quick Slash+1","Poisoned Stab"],"picked":"Terror+1","floor":41.0},{"not_picked":["Flechettes","Heel Hook"],"picked":"Dodge and Roll","floor":42.0},{"not_picked":["Dagger Throw","Burst","Blade Dance"],"picked":"SKIP","floor":44.0},{"not_picked":["Blur","Poisoned Stab"],"picked":"Escape Plan","floor":45.0},{"not_picked":["Dagger Throw","Sucker Punch"],"picked":"Bane+1","floor":47.0},{"not_picked":["Slice","Deadly Poison"],"picked":"Flying Knee+1","floor":49.0}],"player_experience":371686,"relics_obtained":[{"floor":5.0,"key":"MawBank"},{"floor":6.0,"key":"Du-Vu Doll"},{"floor":9.0,"key":"Meat on the Bone"},{"floor":12.0,"key":"Dream Catcher"},{"floor":24.0,"key":"Bird Faced Urn"},{"floor":26.0,"key":"Bag of Preparation"},{"floor":27.0,"key":"Pen Nib"},{"floor":30.0,"key":"Sundial"},{"floor":40.0,"key":"Turnip"},{"floor":42.0,"key":"Pear"},{"floor":43.0,"key":"Blue Candle"},{"floor":45.0,"key":"Bottled Flame"}],"event_choices":[{"damage_healed":0.0,"max_hp_gain":0.0,"max_hp_loss":0.0,"gold_gain":0.0,"event_name":"Liars Game","player_choice":"Ignored","floor":4.0,"gold_loss":0.0,"damage_taken":0.0},{"damage_healed":0.0,"max_hp_gain":0.0,"max_hp_loss":0.0,"gold_gain":0.0,"event_name":"The Mausoleum","player_choice":"Opened","floor":19.0,"gold_loss":0.0,"damage_taken":0.0,"relics_obtained":["Ice Cream"],"cards_obtained":["Writhe"]},{"damage_healed":0.0,"max_hp_gain":0.0,"max_hp_loss":0.0,"gold_gain":0.0,"event_name":"Golden Shrine","player_choice":"Ignored","floor":22.0,"gold_loss":0.0,"damage_taken":0.0},{"damage_healed":0.0,"max_hp_gain":0.0,"max_hp_loss":0.0,"gold_gain":0.0,"event_name":"The Moai Head","player_choice":"Ignored","floor":46.0,"gold_loss":0.0,"damage_taken":0.0},{"damage_healed":0.0,"max_hp_gain":0.0,"max_hp_loss":0.0,"gold_gain":0.0,"event_name":"Mysterious Sphere","player_choice":"Ignored","floor":48.0,"gold_loss":0.0,"damage_taken":0.0}],"is_beta":false,"boss_relics":[{"not_picked":["Runic Dome","Calling Bell"],"picked":"Ectoplasm"},{"not_picked":["Philosopher\u0027s Stone","Orrery"],"picked":"Fusion Hammer"}],"items_purged_floors":[10],"is_endless":false,"potions_floor_spawned":[1,3,6,11,14,16,20,24,28,30,36,38,44,45],"killed_by":"Awakened One","ascension_level":20}