{"gold_per_floor":[109,109,109,121,196,225,245,245,321,351,366,384,411,361,361,463,513,529,454,465,25,25,51,51,51,51,71,91,124,49,62,62,167,167,181,191,191,203,203,234,234,263,287,301,328,347,347,48,48,48],"floor_reached":51,"playtime":4353,"items_purged":["Bash","Defend_R"],"score":824,"play_id":"3729df95-9630-471f-af34-c3f9fe6a33df","local_time":"20181216165759","is_ascension_mode":true,"campfire_choices":[{"data":"Armaments","floor":8.0,"key":"SMITH"},{"data":"Dual Wield","floor":15.0,"key":"SMITH"},{"data":"Fire Breathing","floor":24.0,"key":"SMITH"},{"data":"Shrug It Off","floor":32.0,"key":"SMITH"},{"data":"Limit Break","floor":41.0,"key":"SMITH"},{"data":"Dark Embrace","floor":47,"key":"SMITH"},{"data":"Battle Trance","floor":49,"key":"SMITH"}],"neow_cost":"NONE","seed_source_timestamp":75956061110923,"circlet_count":0,"master_deck":["Strike_R+1","Strike_R+1","Defend_R+1","Defend_R+1","Carnage","Clash","Armaments+1","Fire Breathing+1","Battle Trance+1","Rage","Dual Wield+1","Reaper","Inflame","Pummel+1","Iron Wave","Shrug It Off+1","Intimidate","Thunderclap+1","Fire Breathing+1","Limit Break+1","Second Wind+1","Sever Soul+1","Rage","Dark Embrace+1","Clash+1"],"special_seed":0,"relics":["Burning Blood","NeowsBlessing","Vajra","Letter Opener","Bottled Lightning","Odd Mushroom","Tiny House","Sling","Pen Nib","Pocketwatch","Kunai","Centennial Puzzle","Sozu","Bottled Flame","Regal Pillow","War Paint","Gambling Chip","Champion Belt"],"potions_floor_usage":[44],"damage_taken":[{"damage":0.0,"enemies":"Small Slimes","floor":1.0,"turns":1.0},{"damage":0.0,"enemies":"Jaw Worm","floor":4.0,"turns":1.0},{"damage":0.0,"enemies":"Lagavulin","floor":6.0,"turns":1.0},{"damage":0.0,"enemies":"2 Louse","floor":7.0,"turns":2.0},{"damage":27.0,"enemies":"Gremlin Nob","floor":10.0,"turns":4.0},{"damage":6.0,"enemies":"Exordium Wildlife","floor":11.0,"turns":3.0},{"damage":9.0,"enemies":"Large Slime","floor":12.0,"turns":6.0},{"damage":13.0,"enemies":"The Mushroom Lair","floor":13.0,"turns":3.0},{"damage":17.0,"enemies":"Slime Boss","floor":16.0,"turns":8.0},{"damage":30.0,"enemies":"Shell Parasite","floor":18.0,"turns":9.0},{"damage":5.0,"enemies":"Spheric Guardian","floor":20.0,"turns":3.0},{"damage":68.0,"enemies":"Gremlin Leader","floor":23.0,"turns":5.0},{"damage":0.0,"enemies":"Centurion and Healer","floor":27.0,"turns":3.0},{"damage":0.0,"enemies":"Chosen and Byrds","floor":28.0,"turns":8.0},{"damage":23.0,"enemies":"Book of Stabbing","floor":29.0,"turns":5.0},{"damage":14.0,"enemies":"Shelled Parasite and Fungi","floor":31.0,"turns":4.0},{"damage":43.0,"enemies":"Champ","floor":33.0,"turns":9.0},{"damage":25.0,"enemies":"3 Darklings","floor":35.0,"turns":5.0},{"damage":0.0,"enemies":"Orb Walker","floor":36.0,"turns":2.0},{"damage":15.0,"enemies":"3 Darklings","floor":38.0,"turns":3.0},{"damage":33.0,"enemies":"Nemesis","floor":40.0,"turns":5.0},{"damage":13.0,"enemies":"Giant Head","floor":42.0,"turns":7.0},{"damage":10,"enemies":"Spire Growth","floor":44,"turns":4},{"damage":19,"enemies":"Reptomancer","floor":45,"turns":4},{"damage":10,"enemies":"Writhing Mass","floor":46,"turns":4},{"damage":92,"enemies":"Awakened One","floor":50,"turns":8}],"seed_played":"-8746682076629916903","potions_obtained":[{"floor":4.0,"key":"Energy Potion"},{"floor":7.0,"key":"SteroidPotion"},{"floor":12.0,"key":"Ancient Potion"},{"floor":17.0,"key":"LiquidBronze"},{"floor":20.0,"key":"Regen Potion"},{"floor":29.0,"key":"SkillPotion"},{"floor":33.0,"key":"SkillPotion"}],"is_trial":false,"path_per_floor":["M","?","?","M","?","E","M","R","T","E","E","M","M","?","?","R","B",null,"M","$","M","$","?","E","R","?","T","M","M","E","?","M","R","B",null,"M","M","?","M","?","E","R","E","T","M","E","M","R","$","R","B",null],"character_chosen":"IRONCLAD","items_purchased":["Sling","Pen Nib","Champion Belt"],"campfire_rested":0,"item_purchase_floors":[21,21,48],"current_hp_per_floor":[80,73,57,63,52,58,64,64,64,43,43,40,33,33,33,22,85,64,64,65,65,65,25,25,9,9,15,38,21,21,46,46,17,90,88,90,85,76,76,58,58,58,58,66,72,85,85,85,85,15],"gold":48,"neow_bonus":"THREE_ENEMY_KILL","is_prod":false,"is_daily":false,"chose_seed":false,"campfire_upgraded":7,"win_rate":0,"timestamp":1545001079,"path_taken":["M","?","?","M","?","E","M","R","T","E","M","?","?","?","R","BOSS","M","$","M","$","?","E","R","?","T","M","?","E","?","M","R","BOSS","M","M","?","M","?","E","R","E","T","M","E","M","R","$","R","BOSS"],"build_version":"2018-12-13","purchased_purges":2,"victory":true,"max_hp_per_floor":[80,80,80,80,80,80,80,80,80,80,80,80,80,80,80,80,85,85,85,85,85,85,85,85,90,90,90,90,90,90,90,90,90,90,90,90,85,85,85,85,85,85,85,85,85,85,85,85,85,85],"card_choices":[{"not_picked":["Iron Wave","Pommel Strike"],"picked":"Carnage","floor":1.0},{"not_picked":["Body Slam","Searing Blow"],"picked":"Clash","floor":4.0},{"not_picked":["Seeing Red","Flame Barrier"],"picked":"Armaments","floor":6.0},{"not_picked":["Armaments","Cleave"],"picked":"Fire Breathing","floor":7.0},{"not_picked":["Ghostly Armor","Pommel Strike"],"picked":"Battle Trance","floor":10.0},{"not_picked":["Disarm","Shockwave"],"picked":"Rage","floor":11.0},{"not_picked":["Barricade","Power Through"],"picked":"Dual Wield","floor":12.0},{"not_picked":["Bludgeon","Fiend Fire"],"picked":"Reaper","floor":16.0},{"not_picked":["Clash","Bloodletting"],"picked":"Inflame","floor":17.0},{"not_picked":["Pommel Strike","Twin Strike+1"],"picked":"Pummel+1","floor":18.0},{"not_picked":["Clash","Armaments","Perfected Strike"],"picked":"SKIP","floor":20.0},{"not_picked":["Reckless Charge+1","True Grit"],"picked":"Iron Wave","floor":23.0},{"not_picked":["Twin Strike","Dual Wield"],"picked":"Shrug It Off","floor":27.0},{"not_picked":["Whirlwind","Body Slam"],"picked":"Intimidate","floor":28.0},{"not_picked":["Body Slam","Whirlwind+1"],"picked":"Thunderclap+1","floor":29.0},{"not_picked":["Twin Strike","True Grit"],"picked":"Fire Breathing+1","floor":31.0},{"not_picked":["Demon Form","Bludgeon"],"picked":"Limit Break","floor":33.0},{"not_picked":["Headbutt","Whirlwind+1"],"picked":"Second Wind","floor":35.0},{"not_picked":["Armaments","Body Slam","Dropkick+1"],"picked":"SKIP","floor":36.0},{"not_picked":["Warcry","Anger","Intimidate"],"picked":"SKIP","floor":38.0},{"not_picked":["Thunderclap+1","Bludgeon"],"picked":"Sever Soul+1","floor":40.0},{"not_picked":["Anger+1","Clothesline+1"],"picked":"Rage","floor":42.0},{"not_picked":["Body Slam+1","Dual Wield","Seeing Red"],"picked":"SKIP","floor":44},{"not_picked":["Pommel Strike","Searing Blow"],"picked":"Dark Embrace","floor":45},{"not_picked":["Cleave","Blood for Blood"],"picked":"Clash+1","floor":46}],"player_experience":98537,"relics_obtained":[{"floor":6.0,"key":"Vajra"},{"floor":9.0,"key":"Letter Opener"},{"floor":10.0,"key":"Bottled Lightning"},{"floor":13.0,"key":"Odd Mushroom"},{"floor":23.0,"key":"Pocketwatch"},{"floor":26.0,"key":"Kunai"},{"floor":29.0,"key":"Centennial Puzzle"},{"floor":40.0,"key":"Bottled Flame"},{"floor":42.0,"key":"Regal Pillow"},{"floor":43.0,"key":"War Paint"},{"floor":45,"key":"Gambling Chip"}],"event_choices":[{"cards_removed":["Strike_R"],"damage_healed":0.0,"max_hp_gain":0.0,"max_hp_loss":0.0,"gold_gain":0.0,"event_name":"Golden Wing","player_choice":"Card Removal","floor":2.0,"gold_loss":0.0,"damage_taken":7.0},{"damage_healed":0.0,"max_hp_gain":0.0,"max_hp_loss":0.0,"gold_gain":0.0,"event_name":"Shining Light","player_choice":"Entered Light","floor":3.0,"gold_loss":0.0,"damage_taken":16.0,"cards_upgraded":["Strike_R","Strike_R"]},{"damage_healed":0.0,"max_hp_gain":0.0,"max_hp_loss":0.0,"gold_gain":75.0,"event_name":"World of Goop","player_choice":"Gather Gold","floor":5.0,"gold_loss":0.0,"damage_taken":11.0},{"damage_healed":0.0,"max_hp_gain":0.0,"max_hp_loss":0.0,"gold_gain":0.0,"event_name":"Mushrooms","player_choice":"Fought Mushrooms","floor":13.0,"gold_loss":0.0,"damage_taken":0.0},{"cards_removed":["Strike_R"],"damage_healed":0.0,"max_hp_gain":0.0,"max_hp_loss":0.0,"gold_gain":0.0,"event_name":"The Cleric","player_choice":"Card Removal","floor":14.0,"gold_loss":50.0,"damage_taken":0.0},{"cards_removed":["Strike_R"],"damage_healed":0.0,"max_hp_gain":0.0,"max_hp_loss":0.0,"gold_gain":0.0,"event_name":"Back to Basics","player_choice":"Elegance","floor":22.0,"gold_loss":0.0,"damage_taken":0.0},{"damage_healed":0.0,"max_hp_gain":5.0,"max_hp_loss":0.0,"gold_gain":0.0,"event_name":"Forgotten Altar","player_choice":"Shed Blood","floor":25.0,"gold_loss":0.0,"damage_taken":21.0},{"cards_removed":["Defend_R"],"damage_healed":0.0,"max_hp_gain":0.0,"max_hp_loss":0.0,"gold_gain":0.0,"event_name":"Beggar","player_choice":"Gave Gold","floor":30.0,"gold_loss":75.0,"damage_taken":0.0},{"damage_healed":0.0,"max_hp_gain":0.0,"max_hp_loss":5.0,"gold_gain":0.0,"event_name":"Winding Halls","player_choice":"Max HP","floor":37.0,"gold_loss":0.0,"damage_taken":0.0},{"damage_healed":0.0,"max_hp_gain":0.0,"max_hp_loss":0.0,"gold_gain":0.0,"event_name":"Tomb of Lord Red Mask","player_choice":"Ignored","floor":39.0,"gold_loss":0.0,"damage_taken":0.0}],"is_beta":false,"boss_relics":[{"not_picked":["Eternal Feather","Runic Dome"],"picked":"Tiny House"},{"not_picked":["Calling Bell","Pandora\u0027s Box"],"picked":"Sozu"}],"items_purged_floors":[19,21],"is_endless":false,"potions_floor_spawned":[4,7,12,20,29,33,36,40,44],"ascension_level":1}