{"gold_per_floor":[116,41,41,59,71,71,96,96,121,121,134,21,37,37,37,37],"floor_reached":16,"playtime":568,"items_purged":[],"score":200,"play_id":"c3d087ae-2cf9-4e63-9bd6-ae7dd36e3cda","local_time":"20190525190149","is_ascension_mode":true,"campfire_choices":[{"data":"Zap","floor":6.0,"key":"SMITH"},{"data":"Defragment","floor":8,"key":"SMITH"},{"data":"Chill","floor":10,"key":"SMITH"},{"data":"Defragment","floor":15,"key":"SMITH"}],"neow_cost":"NONE","seed_source_timestamp":437367822637588,"circlet_count":0,"master_deck":["AscendersBane","Strike_B","Strike_B","Defend_B+1","Defend_B+1","Defend_B","Defend_B","Zap+1","Dualcast","Amplify","Go for the Eyes","Go for the Eyes","Compile Driver","Defragment+1","Chill+1","Static Discharge","Defragment+1","Reinforced Body","Genetic Algorithm"],"special_seed":0,"relics":["Cracked Core","War Paint","Smiling Mask"],"potions_floor_usage":[13],"damage_taken":[{"damage":10.0,"enemies":"Small Slimes","floor":1.0,"turns":4.0},{"damage":0.0,"enemies":"2 Louse","floor":4.0,"turns":2.0},{"damage":1.0,"enemies":"Cultist","floor":5.0,"turns":3.0},{"damage":15,"enemies":"Lagavulin","floor":7,"turns":6},{"damage":0,"enemies":"Blue Slaver","floor":11,"turns":3},{"damage":0,"enemies":"Gremlin Gang","floor":13,"turns":8},{"damage":39,"enemies":"Slime Boss","floor":16,"turns":8}],"seed_played":"1174689668199130519","potions_obtained":[{"floor":4.0,"key":"Ancient Potion"},{"floor":7,"key":"Swift Potion"},{"floor":13,"key":"LiquidBronze"}],"is_trial":false,"path_per_floor":["M","?","?","M","M","R","E","R","T","R","M","$","M","?","R","B"],"character_chosen":"DEFECT","items_purchased":["Defragment","Reinforced Body"],"campfire_rested":0,"item_purchase_floors":[12,12],"current_hp_per_floor":[54,54,54,54,53,53,38,38,38,38,38,38,38,38,38,0],"gold":37,"neow_bonus":"ONE_RANDOM_RARE_CARD","is_prod":false,"is_daily":false,"chose_seed":false,"campfire_upgraded":4,"win_rate":0,"timestamp":1558825309,"path_taken":["M","?","?","M","M","R","E","R","T","R","?","$","M","?","R","BOSS"],"build_version":"2019-01-23","purchased_purges":0,"victory":false,"max_hp_per_floor":[71,71,71,71,71,71,71,71,71,71,71,71,71,71,71,71],"card_choices":[{"not_picked":["Turbo","Beam Cell"],"picked":"Go for the Eyes","floor":1.0},{"not_picked":["Sweeping Beam","Tempest"],"picked":"Compile Driver","floor":4.0},{"not_picked":["Lockon","Compile Driver"],"picked":"Defragment","floor":5.0},{"not_picked":["Gash","Fusion"],"picked":"Chill","floor":7},{"not_picked":["Rebound","Scrape"],"picked":"Static Discharge","floor":11},{"not_picked":["Stack","Consume"],"picked":"Genetic Algorithm","floor":13}],"player_experience":806707,"relics_obtained":[{"floor":7,"key":"War Paint"},{"floor":9,"key":"Smiling Mask"}],"event_choices":[{"cards_removed":["Strike_B"],"damage_healed":0.0,"max_hp_gain":0.0,"max_hp_loss":0.0,"gold_gain":0.0,"event_name":"The Cleric","player_choice":"Card Removal","floor":2.0,"gold_loss":75.0,"damage_taken":0.0},{"damage_healed":0.0,"max_hp_gain":0.0,"max_hp_loss":0.0,"gold_gain":0.0,"event_name":"Match and Keep!","player_choice":"1 cards matched","floor":3.0,"gold_loss":0.0,"damage_taken":0.0,"cards_obtained":["Go for the Eyes"]},{"cards_removed":["Strike_B"],"damage_healed":0,"gold_gain":0,"player_choice":"Offered Basic","damage_taken":0,"max_hp_gain":0,"max_hp_loss":0,"event_name":"Bonfire Elementals","floor":14,"gold_loss":0}],"is_beta":false,"boss_relics":[],"items_purged_floors":[],"is_endless":false,"potions_floor_spawned":[4,7,13],"killed_by":"Slime Boss","ascension_level":20}