{"gold_per_floor":[114,114,114,133,150,150,184,184,233,248,17,17,32,59,59,138,138,157,26,44,62,62,62,89,89,89,119,119,136,136,169,181,193],"floor_reached":33,"playtime":2915,"items_purged":[],"score":701,"play_id":"29ba2a08-4625-4269-a9ee-508d15fc25f0","local_time":"20190515152921","is_ascension_mode":true,"campfire_choices":[{"data":"Zap","floor":6.0,"key":"SMITH"},{"floor":12.0,"key":"REST"},{"data":"Ball Lightning","floor":15.0,"key":"SMITH"},{"data":"Doom and Gloom","floor":23.0,"key":"SMITH"},{"data":"Coolheaded","floor":25.0,"key":"SMITH"},{"data":"Coolheaded","floor":28.0,"key":"SMITH"},{"floor":32.0,"key":"REST"}],"neow_cost":"NONE","seed_source_timestamp":87301310052757,"circlet_count":0,"master_deck":["AscendersBane","Strike_B","Strike_B","Strike_B","Defend_B","Defend_B","Defend_B","Defend_B","Zap+1","Dualcast","Go for the Eyes","Ball Lightning+1","FTL","Coolheaded+1","Coolheaded","Coolheaded+1","Biased Cognition","Doom and Gloom+1","Streamline+1","BootSequence","Ball Lightning+1","Self Repair+1","Sweeping Beam","Compile Driver+1"],"special_seed":0,"relics":["Cracked Core","Anchor","Blood Vial","Membership Card","Pear","Nuclear Battery","Frozen Egg 2","Unceasing Top","Boot","Vajra","MawBank"],"potions_floor_usage":[],"damage_taken":[{"damage":9.0,"enemies":"Jaw Worm","floor":1.0,"turns":4.0},{"damage":3.0,"enemies":"Small Slimes","floor":4.0,"turns":4.0},{"damage":1.0,"enemies":"Cultist","floor":5.0,"turns":3.0},{"damage":29.0,"enemies":"Lagavulin","floor":7.0,"turns":6.0},{"damage":0.0,"enemies":"Exordium Wildlife","floor":10.0,"turns":3.0},{"damage":5.0,"enemies":"Large Slime","floor":13.0,"turns":4.0},{"damage":0.0,"enemies":"Gremlin Nob","floor":14.0,"turns":2.0},{"damage":21.0,"enemies":"The Guardian","floor":16.0,"turns":13.0},{"damage":6.0,"enemies":"Chosen","floor":18.0,"turns":7.0},{"damage":1.0,"enemies":"Spheric Guardian","floor":20.0,"turns":4.0},{"damage":1.0,"enemies":"Snecko","floor":21.0,"turns":5.0},{"damage":18.0,"enemies":"Gremlin Leader","floor":24.0,"turns":6.0},{"damage":10.0,"enemies":"Book of Stabbing","floor":27.0,"turns":6.0},{"damage":1.0,"enemies":"Sentry and Sphere","floor":29.0,"turns":3.0},{"damage":49.0,"enemies":"Gremlin Leader","floor":31.0,"turns":7.0},{"damage":49,"enemies":"Collector","floor":33,"turns":6}],"seed_played":"924933902948958380","potions_obtained":[{"floor":10.0,"key":"AttackPotion"},{"floor":13.0,"key":"Fire Potion"},{"floor":14.0,"key":"SteroidPotion"},{"floor":20.0,"key":"EntropicBrew"},{"floor":24.0,"key":"Weak Potion"},{"floor":29.0,"key":"Regen Potion"}],"is_trial":false,"path_per_floor":["M","?","$","M","M","R","E","?","T","M","$","R","M","E","R","B",null,"M","$","M","M","?","R","E","R","T","E","R","M","?","E","R","B"],"character_chosen":"DEFECT","items_purchased":["Membership Card","Coolheaded","Frozen Egg 2"],"campfire_rested":2,"item_purchase_floors":[11,11,19],"current_hp_per_floor":[62,55,55,52,51,51,22,22,22,24,24,47,44,56,56,37,75,71,71,72,73,73,73,57,57,57,49,49,60,34,12,39,0],"gold":193,"neow_bonus":"TEN_PERCENT_HP_BONUS","is_prod":false,"is_daily":false,"chose_seed":false,"campfire_upgraded":5,"win_rate":0,"timestamp":1557948561,"path_taken":["M","?","$","M","M","R","E","?","T","M","?","R","?","E","R","BOSS","M","$","M","M","?","R","E","R","T","E","R","?","?","E","R","BOSS"],"build_version":"2019-01-23","purchased_purges":0,"victory":false,"max_hp_per_floor":[78,78,78,78,78,78,78,78,78,78,78,78,78,88,88,88,88,88,88,88,88,88,88,88,88,88,88,88,88,93,93,93,93],"card_choices":[{"not_picked":["Barrage","Steam","Turbo"],"picked":"SKIP","floor":1.0},{"not_picked":["Steam","Turbo"],"picked":"Go for the Eyes","floor":4.0},{"not_picked":["Turbo","Reprogram"],"picked":"Ball Lightning","floor":5.0},{"not_picked":["BootSequence","Redo"],"picked":"FTL","floor":7.0},{"not_picked":["Redo","Steam Power"],"picked":"Coolheaded","floor":10.0},{"not_picked":["White Noise","Stack"],"picked":"Coolheaded","floor":13.0},{"not_picked":["Go for the Eyes","Force Field","Hello World"],"picked":"SKIP","floor":14.0},{"not_picked":["All For One","Multi-Cast"],"picked":"Biased Cognition","floor":16.0},{"not_picked":["Steam","Compile Driver"],"picked":"Doom and Gloom","floor":18.0},{"not_picked":["Ball Lightning","Double Energy"],"picked":"Streamline+1","floor":20.0},{"not_picked":["Lockon","Reboot"],"picked":"BootSequence","floor":21.0},{"not_picked":["Barrage","Melter","Coolheaded"],"picked":"SKIP","floor":24.0},{"not_picked":["Redo","Amplify"],"picked":"Self Repair+1","floor":27.0},{"not_picked":["Go for the Eyes","Barrage"],"picked":"Sweeping Beam","floor":29.0},{"not_picked":["Barrage","Cold Snap"],"picked":"Compile Driver+1","floor":31.0}],"player_experience":647973,"relics_obtained":[{"floor":7.0,"key":"Anchor"},{"floor":9.0,"key":"Blood Vial"},{"floor":14.0,"key":"Pear"},{"floor":24.0,"key":"Unceasing Top"},{"floor":26.0,"key":"Boot"},{"floor":27.0,"key":"Vajra"},{"floor":31.0,"key":"MawBank"}],"event_choices":[{"cards_removed":["Strike_B"],"damage_healed":0.0,"max_hp_gain":0.0,"max_hp_loss":0.0,"gold_gain":0.0,"event_name":"Golden Wing","player_choice":"Card Removal","floor":2.0,"gold_loss":0.0,"damage_taken":7.0},{"damage_healed":0.0,"max_hp_gain":0.0,"max_hp_loss":0.0,"gold_gain":0.0,"event_name":"Shining Light","player_choice":"Ignored","floor":8.0,"gold_loss":0.0,"damage_taken":0.0},{"damage_healed":0.0,"max_hp_gain":0.0,"max_hp_loss":0.0,"gold_gain":0.0,"event_name":"Duplicator","player_choice":"Copied","floor":22.0,"gold_loss":0.0,"damage_taken":0.0,"cards_obtained":["Ball Lightning"]},{"damage_healed":0.0,"max_hp_gain":5.0,"max_hp_loss":0.0,"gold_gain":0.0,"event_name":"Forgotten Altar","player_choice":"Shed Blood","floor":30.0,"gold_loss":0.0,"damage_taken":31.0}],"is_beta":false,"boss_relics":[{"not_picked":["Empty Cage","FrozenCore"],"picked":"Nuclear Battery"}],"items_purged_floors":[],"is_endless":false,"potions_floor_spawned":[10,13,14,20,24,29],"killed_by":"Collector","ascension_level":20}