{"gold_per_floor":[110,110,123,136,136,136,153,153,177,208,222,222,234,48,48,150,150,138,155,155,3,3,30,30,64,87,119,44,61,61,78,78,177,177,194,207,226,244,244,244,261,277,303,33,59,59,73,85,85,85],"floor_reached":51,"playtime":5112,"items_purged":["Pain","Doubt"],"score":1211,"play_id":"e1a31132-8582-4965-a766-03403444291a","local_time":"20190504154115","is_ascension_mode":true,"campfire_choices":[{"data":"Neutralize","floor":6,"key":"SMITH"},{"data":"Cloak And Dagger","floor":8,"key":"SMITH"},{"data":"1","floor":12,"key":"LIFT"},{"floor":15,"key":"REST"},{"floor":24,"key":"REST"},{"floor":30,"key":"REST"},{"data":"2","floor":32,"key":"LIFT"},{"data":"3","floor":40,"key":"LIFT"},{"data":"Footwork","floor":49,"key":"SMITH"}],"neow_cost":"NONE","seed_source_timestamp":5189019755254767,"circlet_count":0,"master_deck":["AscendersBane","Defend_G","Defend_G","Defend_G","Defend_G+1","Defend_G","Strike_G","Strike_G","Strike_G","Strike_G","Survivor+1","Neutralize+1","Dagger Spray","PiercingWail","Infinite Blades","Cloak And Dagger+1","Backflip","Bouncing Flask","Sucker Punch","Backflip","Footwork+1","Glass Knife","Dodge and Roll","Slice","Tools of the Trade","Backstab","All Out Attack+1","Terror","Envenom","Deadly Poison+1","Cloak And Dagger","Calculated Gamble+1","Backflip","Calculated Gamble+1","Mayhem+1","Glass Knife","Predator+1"],"relics":["Ring of the Snake","Pen Nib","Regal Pillow","Girya","Oddly Smooth Stone","Philosopher\u0027s Stone","Lantern","WarpedTongs","Blood Vial","War Paint","Juzu Bracelet","PreservedInsect","Cursed Key","Frozen Egg 2","Bronze Scales","Ornamental Fan"],"potions_floor_usage":[10,16,16,18,23,38,50,50],"damage_taken":[{"damage":0,"enemies":"2 Louse","floor":1,"turns":3},{"damage":8,"enemies":"Small Slimes","floor":3,"turns":4},{"damage":8,"enemies":"Cultist","floor":4,"turns":5},{"damage":0,"enemies":"Red Slaver","floor":7,"turns":4},{"damage":6,"enemies":"Gremlin Nob","floor":10,"turns":5},{"damage":4,"enemies":"Exordium Thugs","floor":11,"turns":6},{"damage":10,"enemies":"Exordium Wildlife","floor":13,"turns":5},{"damage":0,"enemies":"The Guardian","floor":16,"turns":13},{"damage":7,"enemies":"2 Thieves","floor":18,"turns":4},{"damage":0,"enemies":"Shell Parasite","floor":19,"turns":7},{"damage":13,"enemies":"Book of Stabbing","floor":23,"turns":6},{"damage":36,"enemies":"Gremlin Leader","floor":25,"turns":9},{"damage":13,"enemies":"Slavers","floor":27,"turns":5},{"damage":0,"enemies":"3 Cultists","floor":29,"turns":6},{"damage":0,"enemies":"Shelled Parasite and Fungi","floor":31,"turns":8},{"damage":27,"enemies":"Champ","floor":33,"turns":10},{"damage":0,"enemies":"3 Shapes","floor":35,"turns":3},{"damage":3,"enemies":"3 Darklings","floor":36,"turns":4},{"damage":0,"enemies":"4 Shapes","floor":37,"turns":5},{"damage":0,"enemies":"Maw","floor":38,"turns":5},{"damage":5,"enemies":"Sphere and 2 Shapes","floor":41,"turns":6},{"damage":4,"enemies":"Spire Growth","floor":42,"turns":3},{"damage":2,"enemies":"Giant Head","floor":45,"turns":6},{"damage":0,"enemies":"Maw","floor":47,"turns":6},{"damage":0,"enemies":"Transient","floor":48,"turns":5},{"damage":37,"enemies":"Awakened One","floor":50,"turns":12}],"seed_played":"-8225846447986477","potions_obtained":[{"floor":3,"key":"Fire Potion"},{"floor":4,"key":"SteroidPotion"},{"floor":7,"key":"Block Potion"},{"floor":13,"key":"Weak Potion"},{"floor":16,"key":"Block Potion"},{"floor":19,"key":"FearPotion"},{"floor":33,"key":"GhostInAJar"},{"floor":36,"key":"Energy Potion"},{"floor":38,"key":"Weak Potion"},{"floor":41,"key":"Strength Potion"}],"is_trial":false,"path_per_floor":["M","?","M","M","?","R","M","R","T","E","M","R","M","$","R","B",null,"M","M","?","$","?","E","R","E","T","E","$","M","R","M","R","B",null,"M","M","M","M","?","R","M","M","T","$","E","?","M","M","R","B",null],"character_chosen":"THE_SILENT","items_purchased":["Footwork","Oddly Smooth Stone","Lantern","Mayhem+1"],"campfire_rested":3,"item_purchase_floors":[14,14,21,44],"current_hp_per_floor":[63,63,55,47,47,47,47,47,47,41,37,37,27,27,63,63,68,61,61,61,61,61,48,70,34,34,23,23,25,61,63,63,38,62,64,63,65,67,67,67,64,62,62,62,62,62,64,66,66,31],"gold":85,"neow_bonus":"TRANSFORM_CARD","is_prod":false,"is_daily":false,"chose_seed":false,"campfire_upgraded":3,"win_rate":0,"timestamp":1556998875,"path_taken":["M","?","M","M","?","R","M","R","T","E","M","R","M","$","R","BOSS","M","M","?","$","?","E","R","E","T","E","$","M","R","M","R","BOSS","M","M","M","M","?","R","M","M","T","$","E","?","M","M","R","BOSS"],"build_version":"2019-01-23","purchased_purges":2,"victory":true,"max_hp_per_floor":[70,70,70,70,70,70,70,70,70,70,70,70,70,70,70,70,70,70,70,70,70,70,70,70,70,70,70,70,70,70,70,70,70,70,70,70,70,70,70,70,70,70,70,70,70,70,70,70,70,70],"card_choices":[{"not_picked":["Deflect","Heel Hook"],"picked":"PiercingWail","floor":1},{"not_picked":["Slice","Calculated Gamble"],"picked":"Infinite Blades","floor":3},{"not_picked":["Underhanded Strike","Setup"],"picked":"Cloak And Dagger","floor":4},{"not_picked":["PiercingWail","Bane"],"picked":"Backflip","floor":7},{"not_picked":["Deadly Poison","Expertise"],"picked":"Bouncing Flask","floor":10},{"not_picked":["PiercingWail","Acrobatics"],"picked":"Sucker Punch","floor":11},{"not_picked":["Sucker Punch","Poisoned Stab"],"picked":"Backflip","floor":13},{"not_picked":["Corpse Explosion","Venomology"],"picked":"Glass Knife","floor":16},{"not_picked":["Dagger Throw","Bouncing Flask"],"picked":"Dodge and Roll","floor":18},{"not_picked":["Backflip","Eviscerate"],"picked":"Slice","floor":19},{"not_picked":["Deadly Poison","Dodge and Roll"],"picked":"Tools of the Trade","floor":23},{"not_picked":["Dagger Spray","Dagger Throw"],"picked":"Backstab","floor":25},{"not_picked":["Bane","Distraction"],"picked":"All Out Attack+1","floor":27},{"not_picked":["Burst","Flying Knee","Sucker Punch+1"],"picked":"SKIP","floor":29},{"not_picked":["Flying Knee","Caltrops"],"picked":"Terror","floor":31},{"not_picked":["Wraith Form v2","Burst"],"picked":"Envenom","floor":33},{"not_picked":["Outmaneuver","Dagger Throw"],"picked":"Deadly Poison+1","floor":35},{"not_picked":["Setup+1","All Out Attack"],"picked":"Cloak And Dagger","floor":36},{"not_picked":["PiercingWail","Leg Sweep"],"picked":"Calculated Gamble+1","floor":37},{"not_picked":["Outmaneuver","Calculated Gamble","All Out Attack"],"picked":"SKIP","floor":38},{"not_picked":["Calculated Gamble","Storm of Steel"],"picked":"Backflip","floor":41},{"not_picked":["Prepared","Dagger Throw"],"picked":"Calculated Gamble+1","floor":42},{"not_picked":["Flying Knee","Outmaneuver"],"picked":"Glass Knife","floor":45},{"not_picked":["Calculated Gamble+1","Reflex"],"picked":"Predator+1","floor":47},{"not_picked":["Deflect","Reflex","Heel Hook"],"picked":"SKIP","floor":48}],"player_experience":303213,"relics_obtained":[{"floor":9,"key":"Regal Pillow"},{"floor":10,"key":"Girya"},{"floor":23,"key":"Blood Vial"},{"floor":25,"key":"War Paint"},{"floor":26,"key":"Juzu Bracelet"},{"floor":27,"key":"PreservedInsect"},{"floor":43,"key":"Bronze Scales"},{"floor":45,"key":"Ornamental Fan"}],"event_choices":[{"damage_healed":0,"gold_gain":0,"player_choice":"Box","damage_taken":0,"relics_obtained":["Pen Nib"],"max_hp_gain":0,"max_hp_loss":0,"event_name":"Big Fish","floor":2,"gold_loss":0,"cards_obtained":["Regret"]},{"cards_removed":["Regret"],"damage_healed":0,"gold_gain":0,"player_choice":"Forget","damage_taken":0,"max_hp_gain":0,"max_hp_loss":0,"event_name":"Living Wall","floor":5,"gold_loss":0},{"damage_healed":0,"gold_gain":0,"player_choice":"Ignored","damage_taken":0,"max_hp_gain":0,"max_hp_loss":0,"event_name":"Beggar","floor":20,"gold_loss":0},{"damage_healed":0,"gold_gain":0,"player_choice":"Rummage","damage_taken":0,"relics_obtained":["WarpedTongs"],"max_hp_gain":0,"max_hp_loss":0,"event_name":"Accursed Blacksmith","floor":22,"gold_loss":0,"cards_obtained":["Pain"]},{"damage_healed":0,"gold_gain":0,"player_choice":"Gave Potion","damage_taken":0,"relics_obtained":["Frozen Egg 2"],"max_hp_gain":0,"max_hp_loss":0,"event_name":"WeMeetAgain","floor":39,"gold_loss":0},{"damage_healed":0,"gold_gain":0,"player_choice":"Leave","damage_taken":0,"max_hp_gain":0,"max_hp_loss":0,"event_name":"FaceTrader","floor":46,"gold_loss":0}],"is_beta":false,"boss_relics":[{"not_picked":["Fusion Hammer","Busted Crown"],"picked":"Philosopher\u0027s Stone"},{"not_picked":["Calling Bell","Coffee Dripper"],"picked":"Cursed Key"}],"items_purged_floors":[28,44],"is_endless":false,"potions_floor_spawned":[3,4,7,13,16,19,33,36,38,41],"ascension_level":12}