{"gold_per_floor":[114,126,126,126,126,126,169,169,169,169,193,209,209,253,253,383,383,402,418,433,22,22,22,42,62,92,107,107],"floor_reached":28,"playtime":1748,"items_purged":[],"score":253,"play_id":"a241990e-616e-4b9a-8672-c422ba4bc198","local_time":"20180926151524","is_ascension_mode":true,"campfire_choices":[{"data":"Zap","floor":6,"key":"SMITH"},{"data":"Defragment","floor":8,"key":"SMITH"},{"floor":13,"key":"REST"},{"floor":15,"key":"REST"},{"floor":23,"key":"REST"}],"neow_cost":"NONE","seed_source_timestamp":124144303513003,"circlet_count":0,"master_deck":["Strike_B","Strike_B","Defend_B","Defend_B","Defend_B","Defend_B","Zap+1","Dualcast","Redo","Leap","Undo","Rebound","Defragment+1","Ball Lightning","Conserve Battery","Electrodynamics","Genetic Algorithm","Conserve Battery","Steam","Stack","Leap","Writhe","Conserve Battery+1","Static Discharge+1","White Noise+1"],"relics":["Cracked Core","Golden Idol","Mummified Hand","Bottled Flame","Ornamental Fan","Empty Cage","Bottled Lightning","PreservedInsect","Tiny Chest"],"potions_floor_usage":[20,20,24],"damage_taken":[{"damage":1,"enemies":"Cultist","floor":1,"turns":3},{"damage":2,"enemies":"Small Slimes","floor":2,"turns":4},{"damage":27,"enemies":"3 Sentries","floor":7,"turns":7},{"damage":0,"enemies":"2 Louse","floor":11,"turns":1},{"damage":0,"enemies":"2 Fungi Beasts","floor":12,"turns":3},{"damage":20,"enemies":"Gremlin Nob","floor":14,"turns":4},{"damage":24,"enemies":"The Guardian","floor":16,"turns":11},{"damage":21,"enemies":"2 Thieves","floor":18,"turns":3},{"damage":15,"enemies":"3 Byrds","floor":19,"turns":3},{"damage":24,"enemies":"Snake Plant","floor":20,"turns":4},{"damage":6,"enemies":"3 Cultists","floor":24,"turns":3},{"damage":7,"enemies":"Cultist and Chosen","floor":25,"turns":5},{"damage":31,"enemies":"Shelled Parasite and Fungi","floor":27,"turns":5},{"damage":0,"enemies":"Snecko","floor":28,"turns":2}],"seed_played":"-5651979949774963537","potions_obtained":[{"floor":2,"key":"SteroidPotion"},{"floor":12,"key":"SkillPotion"},{"floor":16,"key":"SkillPotion"},{"floor":20,"key":"Ancient Potion"}],"is_trial":false,"path_per_floor":["M","M","?","?","?","R","E","R","T","?","M","M","R","E","R","B",null,"M","M","M","$","?","R","M","M","T","M"],"character_chosen":"DEFECT","items_purchased":["Bottled Lightning","Stack","Regen Potion","Leap"],"campfire_rested":3,"item_purchase_floors":[21,21,21,21],"current_hp_per_floor":[74,72,77,74,74,74,47,47,47,47,47,47,69,49,71,47,74,53,38,14,14,14,36,39,32,32,1,1],"gold":107,"neow_bonus":"THREE_CARDS","is_prod":false,"is_daily":false,"chose_seed":false,"campfire_upgraded":2,"win_rate":0,"timestamp":1537989324,"path_taken":["M","M","?","?","?","R","E","R","T","?","M","M","R","E","R","BOSS","M","M","M","$","?","R","M","M","T","M","M"],"build_version":"2018-09-20","purchased_purges":0,"victory":false,"max_hp_per_floor":[75,75,80,74,74,74,74,74,74,74,74,74,74,74,74,74,74,74,74,74,74,74,74,74,74,74,74,74],"card_choices":[{"not_picked":["Gash","Steam Power"],"picked":"Redo","floor":0},{"not_picked":["Auto Shields","Barrage"],"picked":"Leap","floor":1},{"not_picked":["Hello World","Gash"],"picked":"Undo","floor":2},{"not_picked":["Machine Learning","Darkness"],"picked":"Defragment","floor":7},{"not_picked":["Rip and Tear","Barrage"],"picked":"Turbo","floor":11},{"not_picked":["Barrage","Leap"],"picked":"Ball Lightning","floor":12},{"not_picked":["Gash","Chill"],"picked":"Conserve Battery","floor":14},{"not_picked":["Seek","Rainbow"],"picked":"Electrodynamics","floor":16},{"not_picked":["Reprogram","Static Discharge"],"picked":"Genetic Algorithm","floor":18},{"not_picked":["Fusion","Rebound"],"picked":"Conserve Battery","floor":19},{"not_picked":["Rebound","Recycle"],"picked":"Steam","floor":20},{"not_picked":["Go for the Eyes","Skim+1"],"picked":"Conserve Battery+1","floor":24},{"not_picked":["Leap","Force Field"],"picked":"Static Discharge+1","floor":25},{"not_picked":["Ball Lightning","Go for the Eyes"],"picked":"White Noise+1","floor":27}],"player_experience":86835,"relics_obtained":[{"floor":7,"key":"Mummified Hand"},{"floor":9,"key":"Bottled Flame"},{"floor":14,"key":"Ornamental Fan"},{"floor":26,"key":"Tiny Chest"}],"event_choices":[{"event_name":"Big Fish","player_choice":"Donut","floor":3,"damage_taken":0},{"event_name":"Golden Idol","player_choice":"Lose Max HP","floor":4,"damage_taken":0},{"event_name":"Transmorgrifier","player_choice":"Transform","floor":5,"damage_taken":0},{"event_name":"Dead Adventurer","player_choice":"Searched \u00270\u0027 times","floor":10,"damage_taken":0},{"event_name":"The Mausoleum","player_choice":"Yes","floor":22,"damage_taken":0}],"is_beta":false,"boss_relics":[{"not_picked":["Calling Bell","Lizard Tail"],"picked":"Empty Cage"}],"items_purged_floors":[],"is_endless":false,"potions_floor_spawned":[2,12,16,20],"killed_by":"Snecko","ascension_level":2}