{"gold_per_floor":[10,10,20,35,35,35,69,69,69,32,55,73,89,200,200,299,299,285,285,285,43,43,43],"floor_reached":23,"playtime":1063,"items_purged":["Normality"],"score":356,"play_id":"5226b205-a4c2-45e5-aaa0-c4d695c22868","local_time":"20190509010308","is_ascension_mode":true,"campfire_choices":[{"data":"Armaments","floor":6,"key":"SMITH"},{"data":"Bash","floor":8,"key":"SMITH"},{"floor":15,"key":"REST"}],"neow_cost":"NO_GOLD","seed_source_timestamp":370975422052175,"circlet_count":0,"master_deck":["AscendersBane","Defend_R","Defend_R","Defend_R","Bash+1","Armaments+1","Carnage","Clothesline","Inflame","Rampage","Barricade","Shrug It Off","Anger","Double Tap","Limit Break","Shockwave","Bite","Bite","Bite","Bite","Bite","Inflame+1","Cleave"],"relics":["Burning Blood","Ornamental Fan","Golden Idol","Matryoshka","Letter Opener","Omamori","Tiny Chest","Calling Bell","Regal Pillow","Frozen Egg 2","Champion Belt"],"potions_floor_usage":[12,16,16,18,22,22],"damage_taken":[{"damage":8,"enemies":"Jaw Worm","floor":1,"turns":4},{"damage":2,"enemies":"2 Louse","floor":3,"turns":4},{"damage":0,"enemies":"Small Slimes","floor":4,"turns":3},{"damage":25,"enemies":"3 Sentries","floor":7,"turns":8},{"damage":10,"enemies":"Blue Slaver","floor":11,"turns":4},{"damage":6,"enemies":"3 Louse","floor":12,"turns":2},{"damage":5,"enemies":"Large Slime","floor":13,"turns":5},{"damage":2,"enemies":"Gremlin Nob","floor":14,"turns":3},{"damage":37,"enemies":"Slime Boss","floor":16,"turns":10},{"damage":25,"enemies":"2 Thieves","floor":18,"turns":4},{"damage":31,"enemies":"Colosseum Slavers","floor":22,"turns":4},{"damage":36,"enemies":"Book of Stabbing","floor":23,"turns":4}],"seed_played":"-4475665155109835243","potions_obtained":[{"floor":7,"key":"Explosive Potion"},{"floor":11,"key":"GamblersBrew"},{"floor":13,"key":"LiquidBronze"},{"floor":14,"key":"Block Potion"},{"floor":16,"key":"BloodPotion"},{"floor":18,"key":"Strength Potion"}],"is_trial":false,"path_per_floor":["M","?","M","M","?","R","E","R","T","$","M","M","M","?","R","B",null,"M","?","?","$","?","E"],"character_chosen":"IRONCLAD","items_purchased":["Rampage","Inflame+1","Cleave","FearPotion"],"campfire_rested":1,"item_purchase_floors":[10,21,21,21],"current_hp_per_floor":[66,55,59,65,39,39,20,20,20,20,16,16,17,21,43,12,59,47,47,47,47,28,0],"gold":43,"neow_bonus":"REMOVE_TWO","is_prod":false,"is_daily":false,"chose_seed":false,"campfire_upgraded":2,"win_rate":0,"timestamp":1557378188,"path_taken":["M","?","M","M","?","R","E","R","T","$","?","M","M","?","R","BOSS","M","?","?","$","?","E"],"build_version":"2019-01-23","purchased_purges":1,"victory":false,"max_hp_per_floor":[75,75,75,75,75,75,75,75,75,75,75,75,75,75,75,75,75,75,52,52,52,52,52],"card_choices":[{"not_picked":["True Grit","Warcry"],"picked":"Armaments","floor":1},{"not_picked":["Heavy Blade","Body Slam"],"picked":"Carnage","floor":3},{"not_picked":["Infernal Blade","Second Wind"],"picked":"Clothesline","floor":4},{"not_picked":["Blood for Blood","Pommel Strike"],"picked":"Inflame","floor":7},{"not_picked":["Bloodletting","Perfected Strike"],"picked":"Barricade","floor":11},{"not_picked":["Thunderclap","Clothesline"],"picked":"Shrug It Off","floor":12},{"not_picked":["Havoc","Headbutt"],"picked":"Anger","floor":13},{"not_picked":["Corruption","Clash"],"picked":"Double Tap","floor":14},{"not_picked":["Berserk","Exhume"],"picked":"Limit Break","floor":16},{"not_picked":["Flex","Anger"],"picked":"Shockwave","floor":18}],"player_experience":444980,"relics_obtained":[{"floor":7,"key":"Matryoshka"},{"floor":9,"key":"Letter Opener"},{"floor":9,"key":"Omamori"},{"floor":14,"key":"Tiny Chest"},{"floor":17,"key":"Regal Pillow"},{"floor":17,"key":"Frozen Egg 2"},{"floor":17,"key":"Champion Belt"}],"event_choices":[{"damage_healed":0,"gold_gain":0,"player_choice":"Success","damage_taken":11,"relics_obtained":["Ornamental Fan"],"max_hp_gain":0,"max_hp_loss":0,"event_name":"Scrap Ooze","floor":2,"gold_loss":0},{"damage_healed":0,"gold_gain":0,"player_choice":"Take Damage","damage_taken":26,"relics_obtained":["Golden Idol"],"max_hp_gain":0,"max_hp_loss":0,"event_name":"Golden Idol","floor":5,"gold_loss":0},{"damage_healed":0,"gold_gain":0,"player_choice":"Searched \u00272\u0027 times","damage_taken":0,"max_hp_gain":0,"max_hp_loss":0,"event_name":"Dead Adventurer","floor":14,"gold_loss":0},{"damage_healed":0,"gold_gain":0,"player_choice":"Became a vampire","damage_taken":0,"max_hp_gain":0,"max_hp_loss":23,"event_name":"Vampires","floor":19,"gold_loss":0,"cards_obtained":["Bite","Bite","Bite","Bite","Bite"]},{"damage_healed":0,"gold_gain":0,"player_choice":"Ignored","damage_taken":0,"max_hp_gain":0,"max_hp_loss":0,"event_name":"Ghosts","floor":20,"gold_loss":0},{"damage_healed":0,"gold_gain":0,"player_choice":"Fight","damage_taken":0,"max_hp_gain":0,"max_hp_loss":0,"event_name":"Colosseum","floor":22,"gold_loss":0},{"damage_healed":0,"gold_gain":0,"player_choice":"Fled From Nobs","damage_taken":0,"max_hp_gain":0,"max_hp_loss":0,"event_name":"Colosseum","floor":22,"gold_loss":0}],"is_beta":false,"boss_relics":[{"not_picked":["Astrolabe","Pandora\u0027s Box"],"picked":"Calling Bell"}],"items_purged_floors":[21],"is_endless":false,"potions_floor_spawned":[7,11,13,14,16,18,22],"killed_by":"Book of Stabbing","ascension_level":15}