{"gold_per_floor":[109,109,109,186,137,137,171,184,238,238,250,6,6,6,6,102,102,114,139,139,150,170,181,181,61,61,71,84,84,95,20,20,20],"floor_reached":33,"playtime":1483,"items_purged":["Normality"],"score":294,"play_id":"434df86b-ece5-49dc-ae48-731c881f1f91","local_time":"20181118001037","is_ascension_mode":true,"campfire_choices":[{"floor":6,"key":"DIG"},{"floor":10,"key":"DIG"},{"floor":13,"key":"DIG"},{"floor":15,"key":"DIG"},{"floor":24,"key":"DIG"},{"data":"Inflame","floor":29,"key":"SMITH"},{"floor":32,"key":"DIG"}],"neow_cost":"NONE","seed_source_timestamp":121378573654113,"circlet_count":0,"master_deck":["Strike_R","Strike_R","Strike_R","Strike_R","Strike_R","Defend_R","Defend_R","Defend_R","Defend_R","Bash","Finesse","Hemokinesis","Clothesline+1","Pommel Strike+1","Body Slam+1","Impervious","Bludgeon+1","Double Tap","Iron Wave+1","Infernal Blade+1","Carnage+1","Thunderclap+1","Clothesline+1","Pain","Shockwave","Inflame+1","Armaments","Shrug It Off","Headbutt+1"],"relics":["Burning Blood","Anchor","Shovel","PreservedInsect","Molten Egg 2","Tiny Chest","Ginger","Red Skull","Regal Pillow","Cursed Key","Juzu Bracelet","Nilry\u0027s Codex","Bronze Scales","Sundial","Girya"],"potions_floor_usage":[16,23,33,33,33],"damage_taken":[{"damage":7,"enemies":"Jaw Worm","floor":1,"turns":4},{"damage":11,"enemies":"Gremlin Nob","floor":7,"turns":3},{"damage":5,"enemies":"Small Slimes","floor":8,"turns":3},{"damage":3,"enemies":"Cultist","floor":11,"turns":2},{"damage":41,"enemies":"The Guardian","floor":16,"turns":9},{"damage":6,"enemies":"Spheric Guardian","floor":18,"turns":3},{"damage":8,"enemies":"Chosen","floor":21,"turns":4},{"damage":5,"enemies":"Centurion and Healer","floor":22,"turns":4},{"damage":5,"enemies":"3 Cultists","floor":23,"turns":4},{"damage":4,"enemies":"Cultist and Chosen","floor":27,"turns":3},{"damage":3,"enemies":"Centurion and Healer","floor":28,"turns":3},{"damage":19,"enemies":"Snake Plant","floor":30,"turns":3},{"damage":62,"enemies":"Champ","floor":33,"turns":6}],"seed_played":"-8276054352192226846","potions_obtained":[{"floor":7,"key":"Block Potion"},{"floor":11,"key":"Weak Potion"},{"floor":14,"key":"Block Potion"},{"floor":21,"key":"Swift Potion"},{"floor":22,"key":"AttackPotion"},{"floor":27,"key":"LiquidBronze"}],"is_trial":false,"path_per_floor":["M","?","T","?","$","R","E","M","T","R","M","$","R","?","R","B",null,"M","T","?","M","M","M","R","$","T","M","M","R","M","$","R","B"],"character_chosen":"IRONCLAD","items_purchased":["Block Potion","Impervious","Bludgeon+1","Clothesline+1","Shrug It Off","Headbutt+1"],"campfire_rested":0,"item_purchase_floors":[5,12,12,25,31,31],"current_hp_per_floor":[79,67,67,67,67,67,62,63,63,63,66,66,66,66,66,31,80,80,80,64,62,63,64,64,64,64,66,69,69,56,56,56,0],"gold":20,"neow_bonus":"RANDOM_COLORLESS","is_prod":false,"is_daily":false,"chose_seed":false,"campfire_upgraded":1,"win_rate":0,"timestamp":1542517837,"path_taken":["M","?","?","?","$","R","E","M","T","R","?","$","R","?","R","BOSS","M","?","?","M","M","M","R","?","T","M","M","R","M","$","R","BOSS"],"build_version":"2018-11-15","purchased_purges":1,"victory":false,"max_hp_per_floor":[80,80,80,80,80,80,80,80,80,80,80,80,80,80,80,80,80,80,80,80,80,80,80,80,80,80,80,80,80,80,80,80,80],"card_choices":[{"not_picked":["Sword Boomerang","Second Wind"],"picked":"Hemokinesis","floor":1},{"not_picked":["Fire Breathing","Sword Boomerang"],"picked":"Clothesline","floor":7},{"not_picked":["Dual Wield","Body Slam+1"],"picked":"Pommel Strike+1","floor":8},{"not_picked":["Feel No Pain","Sword Boomerang+1"],"picked":"Body Slam+1","floor":11},{"not_picked":["Bludgeon+1","Impervious"],"picked":"Double Tap","floor":16},{"not_picked":["Wild Strike+1","Clothesline+1"],"picked":"Iron Wave+1","floor":18},{"not_picked":["Inflame","Body Slam+1"],"picked":"Infernal Blade+1","floor":21},{"not_picked":["Havoc+1","Reckless Charge+1"],"picked":"Carnage+1","floor":22},{"not_picked":["Corruption+1","Exhume"],"picked":"Thunderclap+1","floor":23},{"not_picked":["Heavy Blade+1","Clash+1"],"picked":"Shockwave","floor":27},{"not_picked":["Fire Breathing+1","Shockwave"],"picked":"Inflame","floor":28},{"not_picked":["Disarm","Intimidate+1"],"picked":"Armaments","floor":30}],"player_experience":161517,"relics_obtained":[{"floor":3,"key":"Shovel"},{"floor":6,"key":"PreservedInsect"},{"floor":7,"key":"Molten Egg 2"},{"floor":9,"key":"Tiny Chest"},{"floor":10,"key":"Ginger"},{"floor":13,"key":"Red Skull"},{"floor":15,"key":"Regal Pillow"},{"floor":19,"key":"Juzu Bracelet"},{"floor":20,"key":"Nilry\u0027s Codex"},{"floor":24,"key":"Bronze Scales"},{"floor":26,"key":"Sundial"},{"floor":32,"key":"Girya"}],"event_choices":[{"damage_healed":0,"gold_gain":0,"player_choice":"Success","damage_taken":12,"relics_obtained":["Anchor"],"max_hp_gain":0,"max_hp_loss":0,"event_name":"Scrap Ooze","floor":2,"gold_loss":0},{"damage_healed":0,"gold_gain":77,"player_choice":"Gained Gold","damage_taken":0,"max_hp_gain":0,"max_hp_loss":0,"event_name":"Golden Wing","floor":4,"gold_loss":0},{"damage_healed":0,"gold_gain":0,"player_choice":"Got Potions","damage_taken":0,"max_hp_gain":0,"max_hp_loss":0,"event_name":"Lab","floor":14,"gold_loss":0},{"damage_healed":0,"gold_gain":0,"player_choice":"Obtained Book","damage_taken":16,"max_hp_gain":0,"max_hp_loss":0,"event_name":"Cursed Tome","floor":20,"gold_loss":0}],"is_beta":false,"boss_relics":[{"not_picked":["Philosopher\u0027s Stone","Runic Pyramid"],"picked":"Cursed Key"}],"items_purged_floors":[25],"is_endless":false,"potions_floor_spawned":[7,11,21,22,27,30],"killed_by":"Champ","ascension_level":4}