{"gold_per_floor":[111,124,143,143,208,237,237,237,283,283,294,294,294,309,309,438,438,462,483,9,22,147,160,25,25,25,25,25,48,92,107,107,236,236,251,272,397,58,158,194,194,230,230,230,249,249,249,20,20,20,20,20,20,64,64],"floor_reached":56,"playtime":4532,"items_purged":["Strike_R","Strike_R"],"score":1273,"play_id":"d9bc66b0-43e1-4451-a975-afd91ebaaee9","local_time":"20190514223046","is_ascension_mode":false,"campfire_choices":[{"data":"Shrug It Off","floor":7.0,"key":"SMITH"},{"data":"Cleave","floor":15.0,"key":"SMITH"},{"data":"Metallicize","floor":25.0,"key":"SMITH"},{"data":"Feel No Pain","floor":27.0,"key":"SMITH"},{"data":"Hemokinesis","floor":32.0,"key":"SMITH"},{"floor":44.0,"key":"RECALL"},{"data":"Writhe","floor":47.0,"key":"PURGE"},{"data":"Demon Form","floor":49.0,"key":"SMITH"},{"data":"Disarm","floor":52,"key":"SMITH"}],"neow_cost":"NONE","seed_source_timestamp":0,"circlet_count":0,"master_deck":["Bash+1","Iron Wave","Metallicize+1","Carnage","Reaper","Shrug It Off+1","Hemokinesis+1","Cleave+1","Barricade","Body Slam","Rupture","Reaper+1","Body Slam+1","Feel No Pain+1","Hemokinesis+1","Clothesline+1","Shrug It Off+1","Demon Form+1","Whirlwind+1","Brutality","Blood for Blood+1","Feed+1","Clothesline+1","Second Wind","Body Slam+1","Disarm+1","Body Slam+1","Whirlwind+1","Spot Weakness","Bludgeon+1"],"special_seed":0,"relics":["Burning Blood","Ancient Tea Set","Juzu Bracelet","Oddly Smooth Stone","Incense Burner","Golden Idol","Snecko Eye","Lee\u0027s Waffle","Pen Nib","FossilizedHelix","Kunai","Paper Frog","Molten Egg 2","Pandora\u0027s Box","Peace Pipe","Champion Belt","Red Skull","Whetstone","Meat on the Bone","Bag of Marbles","Self Forming Clay"],"potions_floor_usage":[54,55,55],"damage_taken":[{"damage":6.0,"enemies":"Cultist","floor":1.0,"turns":3.0},{"damage":2.0,"enemies":"2 Louse","floor":2.0,"turns":2.0},{"damage":0.0,"enemies":"Small Slimes","floor":3.0,"turns":3.0},{"damage":32.0,"enemies":"Gremlin Nob","floor":6.0,"turns":5.0},{"damage":1.0,"enemies":"2 Fungi Beasts","floor":11.0,"turns":3.0},{"damage":10.0,"enemies":"Lots of Slimes","floor":14.0,"turns":7.0},{"damage":32.0,"enemies":"Slime Boss","floor":16.0,"turns":14.0},{"damage":14.0,"enemies":"Spheric Guardian","floor":18.0,"turns":4.0},{"damage":17.0,"enemies":"Chosen","floor":19.0,"turns":6.0},{"damage":3.0,"enemies":"Centurion and Healer","floor":21.0,"turns":5.0},{"damage":17.0,"enemies":"Colosseum Slavers","floor":22.0,"turns":4.0},{"damage":16.0,"enemies":"Colosseum Nobs","floor":22.0,"turns":7.0},{"damage":24.0,"enemies":"3 Cultists","floor":23.0,"turns":4.0},{"damage":17.0,"enemies":"Sentry and Sphere","floor":29.0,"turns":7.0},{"damage":31.0,"enemies":"Book of Stabbing","floor":30.0,"turns":5.0},{"damage":0.0,"enemies":"Cultist and Chosen","floor":31.0,"turns":5.0},{"damage":25.0,"enemies":"Automaton","floor":33.0,"turns":10.0},{"damage":10.0,"enemies":"3 Shapes","floor":35.0,"turns":3.0},{"damage":12.0,"enemies":"3 Darklings","floor":36.0,"turns":7.0},{"damage":0.0,"enemies":"Mind Bloom Boss Battle","floor":37.0,"turns":7.0},{"damage":45.0,"enemies":"Nemesis","floor":40.0,"turns":15.0},{"damage":22.0,"enemies":"Reptomancer","floor":42.0,"turns":7.0},{"damage":28.0,"enemies":"Jaw Worm Horde","floor":45.0,"turns":4.0},{"damage":31.0,"enemies":"Donu and Deca","floor":50.0,"turns":10.0},{"damage":46,"enemies":"Shield and Spear","floor":54,"turns":5},{"damage":94,"enemies":"The Heart","floor":55,"turns":12}],"seed_played":"4733603057738306262","potions_obtained":[{"floor":2.0,"key":"LiquidBronze"},{"floor":11.0,"key":"Energy Potion"},{"floor":14.0,"key":"AttackPotion"},{"floor":23.0,"key":"GamblersBrew"},{"floor":42.0,"key":"Swift Potion"},{"floor":45.0,"key":"PowerPotion"}],"is_trial":false,"path_per_floor":["M","M","M","?","?","E","R","?","T","?","M","?","?","M","R","B",null,"M","M","$","M","?","M","$","R","T","R","?","M","E","M","R","B",null,"M","M","?","$","?","E","?","E","T","R","M","?","R","$","R","B",null,"R","$","E","B",null],"character_chosen":"IRONCLAD","items_purchased":["Lee\u0027s Waffle","Pen Nib","PowerPotion","Feel No Pain","Champion Belt","Energy Potion","Bag of Marbles","Spot Weakness"],"campfire_rested":0,"item_purchase_floors":[20,20,20,24,38,38,48,48],"current_hp_per_floor":[80,80,80,80,80,54,54,59,59,41,52,52,52,54,54,34,79,71,66,86,86,86,81,81,81,81,81,81,70,53,64,64,62,86,90,94,98,98,98,96,96,98,98,98,80,80,80,80,80,81,106,106,106,110,61],"gold":64,"neow_bonus":"RANDOM_COMMON_RELIC","is_prod":false,"is_daily":false,"chose_seed":false,"campfire_upgraded":7,"win_rate":0,"timestamp":1557887446,"path_taken":["M","?","M","?","?","E","R","?","T","?","M","?","?","M","R","BOSS","M","M","$","M","?","M","$","R","T","R","?","M","E","M","R","BOSS","M","M","?","$","?","E","?","E","T","R","M","?","R","?","R","BOSS","R","$","E","BOSS"],"build_version":"2019-01-23","purchased_purges":2,"victory":true,"max_hp_per_floor":[80,80,80,80,80,80,80,85,85,85,85,85,79,79,79,79,79,79,79,86,86,86,86,86,86,86,86,86,86,86,86,86,86,86,90,94,98,98,98,98,98,98,98,98,102,102,102,102,102,106,106,106,106,110,110],"card_choices":[{"not_picked":["Twin Strike","Havoc"],"picked":"Iron Wave","floor":1.0},{"not_picked":["Bloodletting","Second Wind"],"picked":"Metallicize","floor":2.0},{"not_picked":["Twin Strike","Iron Wave"],"picked":"Carnage","floor":3.0},{"not_picked":["Cleave","Carnage"],"picked":"Shrug It Off","floor":6.0},{"not_picked":["Rupture","Clash"],"picked":"Hemokinesis","floor":11.0},{"not_picked":["Thunderclap","Rage"],"picked":"Cleave","floor":14.0},{"not_picked":["Dark Embrace","Bludgeon"],"picked":"Barricade","floor":16.0},{"not_picked":["Thunderclap+1","Battle Trance"],"picked":"Body Slam","floor":18.0},{"not_picked":["Armaments","Thunderclap"],"picked":"Rupture","floor":19.0},{"not_picked":["Havoc+1","Cleave"],"picked":"Reaper","floor":21.0},{"not_picked":["Battle Trance+1","Clash"],"picked":"Shrug It Off","floor":22.0},{"not_picked":["Thunderclap","Second Wind+1"],"picked":"Body Slam+1","floor":23.0},{"not_picked":["Bloodletting","Clothesline"],"picked":"Hemokinesis","floor":29.0},{"not_picked":["Thunderclap","Warcry"],"picked":"Clothesline+1","floor":30.0},{"not_picked":["Thunderclap+1","Twin Strike+1"],"picked":"Shrug It Off+1","floor":31.0},{"not_picked":["Feed+1","Impervious"],"picked":"Demon Form","floor":33.0},{"not_picked":["Reckless Charge+1","Blood for Blood+1"],"picked":"Body Slam+1","floor":35.0},{"not_picked":["Havoc","Thunderclap+1","Inflame"],"picked":"SKIP","floor":36.0},{"not_picked":["Evolve+1","Perfected Strike+1"],"picked":"Disarm","floor":37.0},{"not_picked":["Perfected Strike+1","Seeing Red+1"],"picked":"Body Slam+1","floor":40.0},{"not_picked":["Power Through","Combust+1"],"picked":"Whirlwind+1","floor":42.0},{"not_picked":["Reckless Charge+1","Iron Wave+1","Perfected Strike+1"],"picked":"SKIP","floor":45.0},{"not_picked":["Sever Soul+1","Carnage+1"],"picked":"Bludgeon+1","floor":54}],"player_experience":274741,"relics_obtained":[{"floor":6.0,"key":"Juzu Bracelet"},{"floor":9.0,"key":"Oddly Smooth Stone"},{"floor":22.0,"key":"FossilizedHelix"},{"floor":22.0,"key":"Kunai"},{"floor":30.0,"key":"Molten Egg 2"},{"floor":37.0,"key":"Peace Pipe"},{"floor":40.0,"key":"Red Skull"},{"floor":42.0,"key":"Whetstone"},{"floor":43.0,"key":"Meat on the Bone"},{"floor":54,"key":"Self Forming Clay"}],"event_choices":[{"damage_healed":0.0,"max_hp_gain":0.0,"max_hp_loss":0.0,"gold_gain":0.0,"cards_transformed":["Strike_R"],"event_name":"Living Wall","player_choice":"Change","floor":4.0,"gold_loss":0.0,"damage_taken":0.0,"cards_obtained":["Reaper"]},{"damage_healed":0.0,"max_hp_gain":0.0,"max_hp_loss":0.0,"gold_gain":65.0,"event_name":"Golden Wing","player_choice":"Gained Gold","floor":5.0,"gold_loss":0.0,"damage_taken":0.0},{"damage_healed":0.0,"max_hp_gain":5.0,"max_hp_loss":0.0,"gold_gain":0.0,"event_name":"Big Fish","player_choice":"Donut","floor":8.0,"gold_loss":0.0,"damage_taken":0.0},{"damage_healed":0.0,"max_hp_gain":0.0,"max_hp_loss":0.0,"gold_gain":0.0,"event_name":"Scrap Ooze","player_choice":"Success","floor":10.0,"gold_loss":0.0,"damage_taken":18.0,"relics_obtained":["Incense Burner"]},{"damage_healed":0.0,"max_hp_gain":0.0,"max_hp_loss":0.0,"gold_gain":0.0,"event_name":"Upgrade Shrine","player_choice":"Upgraded","floor":12.0,"gold_loss":0.0,"damage_taken":0.0,"cards_upgraded":["Bash"]},{"damage_healed":0.0,"max_hp_gain":0.0,"max_hp_loss":6.0,"gold_gain":0.0,"event_name":"Golden Idol","player_choice":"Lose Max HP","floor":13.0,"gold_loss":0.0,"damage_taken":0.0,"relics_obtained":["Golden Idol"]},{"damage_healed":0.0,"max_hp_gain":0.0,"max_hp_loss":0.0,"gold_gain":0.0,"event_name":"Colosseum","player_choice":"Fight","floor":22.0,"gold_loss":0.0,"damage_taken":0.0},{"damage_healed":0.0,"max_hp_gain":0.0,"max_hp_loss":0.0,"gold_gain":0.0,"event_name":"Colosseum","player_choice":"Fought Nobs","floor":22.0,"gold_loss":0.0,"damage_taken":0.0},{"damage_healed":0.0,"max_hp_gain":0.0,"max_hp_loss":0.0,"gold_gain":0.0,"event_name":"The Mausoleum","player_choice":"Opened","floor":28.0,"gold_loss":0.0,"damage_taken":0.0,"relics_obtained":["Paper Frog"],"cards_obtained":["Writhe"]},{"damage_healed":0.0,"max_hp_gain":0.0,"max_hp_loss":0.0,"gold_gain":0.0,"event_name":"MindBloom","player_choice":"Fight","floor":37.0,"gold_loss":0.0,"damage_taken":0.0},{"damage_healed":0.0,"max_hp_gain":0.0,"max_hp_loss":0.0,"gold_gain":100.0,"event_name":"Golden Shrine","player_choice":"Pray","floor":39.0,"gold_loss":0.0,"damage_taken":0.0},{"damage_healed":0.0,"max_hp_gain":0.0,"max_hp_loss":0.0,"gold_gain":0.0,"event_name":"SensoryStone","player_choice":"Memory 1","floor":41.0,"gold_loss":0.0,"damage_taken":0.0},{"cards_removed":["Shrug It Off"],"damage_healed":0.0,"max_hp_gain":0.0,"max_hp_loss":0.0,"gold_gain":0.0,"event_name":"Falling","player_choice":"Removed Skill","floor":46.0,"gold_loss":0.0,"damage_taken":0.0}],"is_beta":false,"boss_relics":[{"not_picked":["Calling Bell","Black Blood"],"picked":"Snecko Eye"},{"not_picked":["Velvet Choker","Lizard Tail"],"picked":"Pandora\u0027s Box"}],"items_purged_floors":[20,24],"is_endless":false,"potions_floor_spawned":[2,11,14,16,18,22,23,42,45],"ascension_level":0}