{"gold_per_floor":[213,226,191,201,276,276,301,301,324,324,354,376,7,27,27,126,126,141,152,152,50,68,68,68],"floor_reached":24,"playtime":1646,"items_purged":["Strike_B"],"score":268,"play_id":"47ad219f-bc45-4e9f-9adf-9fbad02958bd","local_time":"20190511150746","is_ascension_mode":true,"campfire_choices":[{"data":"Zap","floor":6.0,"key":"SMITH"},{"data":"Sweeping Beam","floor":8.0,"key":"SMITH"},{"floor":15.0,"key":"REST"},{"data":"Machine Learning","floor":23.0,"key":"SMITH"}],"neow_cost":"NONE","seed_source_timestamp":593843472175469,"circlet_count":0,"master_deck":["Strike_B+1","Strike_B","Strike_B","Defend_B","Defend_B","Defend_B","Defend_B+1","Zap+1","Dualcast","Redo","Sweeping Beam+1","Leap","Coolheaded","Coolheaded","Go for the Eyes","Creative AI","Self Repair","Machine Learning+1","Heatsinks","Ball Lightning","Stack","Glacier"],"special_seed":0,"relics":["Cracked Core","Bag of Marbles","DataDisk","MawBank","Blood Vial","Busted Crown"],"potions_floor_usage":[24],"damage_taken":[{"damage":13.0,"enemies":"Jaw Worm","floor":1.0,"turns":4.0},{"damage":9.0,"enemies":"2 Louse","floor":2.0,"turns":3.0},{"damage":1.0,"enemies":"Cultist","floor":4.0,"turns":3.0},{"damage":21.0,"enemies":"3 Sentries","floor":7.0,"turns":7.0},{"damage":12.0,"enemies":"Gremlin Nob","floor":11.0,"turns":3.0},{"damage":3.0,"enemies":"Large Slime","floor":12.0,"turns":4.0},{"damage":0.0,"enemies":"Gremlin Gang","floor":14.0,"turns":1.0},{"damage":38.0,"enemies":"Slime Boss","floor":16.0,"turns":8.0},{"damage":16.0,"enemies":"Shell Parasite","floor":18.0,"turns":13.0},{"damage":29.0,"enemies":"2 Thieves","floor":19.0,"turns":5.0},{"damage":11.0,"enemies":"Cultist and Chosen","floor":22.0,"turns":6.0},{"damage":33,"enemies":"Slavers","floor":24,"turns":5}],"seed_played":"4250458564783864698","potions_obtained":[{"floor":11.0,"key":"Explosive Potion"},{"floor":12.0,"key":"SteroidPotion"},{"floor":14.0,"key":"Regen Potion"},{"floor":16.0,"key":"SneckoOil"},{"floor":20.0,"key":"Weak Potion"},{"floor":20.0,"key":"SpeedPotion"},{"floor":20.0,"key":"LiquidBronze"}],"is_trial":false,"path_per_floor":["M","M","?","M","?","R","E","R","T","?","E","M","$","M","R","B",null,"M","M","?","$","M","R","E"],"character_chosen":"DEFECT","items_purchased":["Go for the Eyes","Blood Vial","Creative AI","Energy Potion","Stack"],"campfire_rested":1,"item_purchase_floors":[13,13,13,13,21],"current_hp_per_floor":[55,46,64,63,52,52,31,31,31,16,4,1,1,3,25,11,59,52,32,32,32,30,30,0],"gold":68,"neow_bonus":"HUNDRED_GOLD","is_prod":false,"is_daily":false,"chose_seed":false,"campfire_upgraded":3,"win_rate":0,"timestamp":1557601666,"path_taken":["M","M","?","M","?","R","E","R","T","?","E","M","$","M","R","BOSS","M","M","?","?","M","R","E"],"build_version":"2019-01-23","purchased_purges":1,"victory":false,"max_hp_per_floor":[75,75,75,75,75,75,75,75,75,75,75,75,75,75,75,75,75,75,75,75,75,75,75,75],"card_choices":[{"not_picked":["Barrage","Hello World"],"picked":"Redo","floor":1.0},{"not_picked":["Chaos","FTL"],"picked":"Sweeping Beam","floor":2.0},{"not_picked":["Rebound","Recycle"],"picked":"Leap","floor":4.0},{"not_picked":["Steam","Rip and Tear","Turbo"],"picked":"SKIP","floor":7.0},{"not_picked":["Heatsinks","Barrage"],"picked":"Coolheaded","floor":11.0},{"not_picked":["Scrape","Chaos"],"picked":"Coolheaded","floor":12.0},{"not_picked":["Turbo","Stack"],"picked":"Self Repair","floor":14.0},{"not_picked":["Amplify","Thunder Strike"],"picked":"Machine Learning","floor":16.0},{"not_picked":[],"picked":"Heatsinks","floor":18.0},{"not_picked":[],"picked":"Ball Lightning","floor":19.0},{"not_picked":[],"picked":"Glacier","floor":22.0}],"player_experience":528181,"relics_obtained":[{"floor":7.0,"key":"Bag of Marbles"},{"floor":9.0,"key":"DataDisk"},{"floor":11.0,"key":"MawBank"}],"event_choices":[{"damage_healed":18.0,"max_hp_gain":0.0,"max_hp_loss":0.0,"gold_gain":0.0,"event_name":"The Cleric","player_choice":"Healed","floor":3.0,"gold_loss":35.0,"damage_taken":0.0},{"damage_healed":0.0,"max_hp_gain":0.0,"max_hp_loss":0.0,"gold_gain":75.0,"event_name":"World of Goop","player_choice":"Gather Gold","floor":5.0,"gold_loss":0.0,"damage_taken":11.0},{"damage_healed":0.0,"max_hp_gain":0.0,"max_hp_loss":0.0,"gold_gain":0.0,"event_name":"Shining Light","player_choice":"Entered Light","floor":10.0,"gold_loss":0.0,"damage_taken":15.0,"cards_upgraded":["Strike_B","Defend_B"]},{"damage_healed":0.0,"max_hp_gain":0.0,"max_hp_loss":0.0,"gold_gain":0.0,"event_name":"Lab","player_choice":"Got Potions","floor":20.0,"gold_loss":0.0,"damage_taken":0.0}],"is_beta":false,"boss_relics":[{"not_picked":["Lizard Tail","Tiny House"],"picked":"Busted Crown"}],"items_purged_floors":[21],"is_endless":false,"potions_floor_spawned":[11,12,14,16],"killed_by":"Slavers","ascension_level":6}