{"gold_per_floor":[112,123,133,151,167,167,181,181,234,234,252,5,33,108,108,182,182,197,8,19,34,46,46,46],"floor_reached":24,"playtime":1494,"items_purged":["Strike_B"],"score":454,"play_id":"1c7c14a0-d908-4893-9875-c37e3479b903","local_time":"20190516005859","is_ascension_mode":true,"campfire_choices":[{"data":"Zap","floor":6.0,"key":"SMITH"},{"data":"Defragment","floor":8.0,"key":"SMITH"},{"data":"Compile Driver","floor":15.0,"key":"SMITH"},{"floor":23.0,"key":"REST"}],"neow_cost":"NONE","seed_source_timestamp":122891715431958,"circlet_count":0,"master_deck":["AscendersBane","Strike_B","Strike_B","Strike_B","Defend_B","Defend_B","Defend_B","Defend_B","Zap+1","Dualcast","Cold Snap","Compile Driver+1","Defragment+1","Core Surge","Ball Lightning","Skim","Reinforced Body","Machine Learning","Self Repair","Loop","Chill","Defragment","Fusion","Doom and Gloom"],"special_seed":0,"relics":["Cracked Core","NeowsBlessing","Orichalcum","DataDisk","Sundial","Inserter"],"potions_floor_usage":[],"damage_taken":[{"damage":0.0,"enemies":"2 Louse","floor":1.0,"turns":1.0},{"damage":0.0,"enemies":"Jaw Worm","floor":2.0,"turns":1.0},{"damage":0.0,"enemies":"Small Slimes","floor":3.0,"turns":1.0},{"damage":7.0,"enemies":"3 Louse","floor":4.0,"turns":6.0},{"damage":8.0,"enemies":"Red Slaver","floor":5.0,"turns":3.0},{"damage":1.0,"enemies":"Exordium Thugs","floor":7.0,"turns":2.0},{"damage":0.0,"enemies":"2 Fungi Beasts","floor":11.0,"turns":2.0},{"damage":0.0,"enemies":"3 Sentries","floor":13.0,"turns":7.0},{"damage":23.0,"enemies":"The Guardian","floor":16.0,"turns":12.0},{"damage":31.0,"enemies":"Shell Parasite","floor":18.0,"turns":6.0},{"damage":8.0,"enemies":"Spheric Guardian","floor":20.0,"turns":4.0},{"damage":28.0,"enemies":"Shelled Parasite and Fungi","floor":21.0,"turns":10.0},{"damage":10.0,"enemies":"Centurion and Healer","floor":22.0,"turns":9.0},{"damage":39,"enemies":"Book of Stabbing","floor":24,"turns":4}],"seed_played":"6866665076342492269","potions_obtained":[{"floor":5.0,"key":"Explosive Potion"},{"floor":7.0,"key":"Block Potion"},{"floor":11.0,"key":"PowerPotion"},{"floor":13.0,"key":"GamblersBrew"},{"floor":18.0,"key":"FairyPotion"}],"is_trial":false,"path_per_floor":["M","M","M","M","M","R","M","R","T","?","M","$","E","?","R","B",null,"M","$","M","M","M","R","E"],"character_chosen":"DEFECT","items_purchased":["DataDisk","Reinforced Body","Loop","Chill"],"campfire_rested":1,"item_purchase_floors":[12,12,19,19],"current_hp_per_floor":[64,64,64,57,49,49,48,48,48,71,71,71,71,60,60,37,63,32,32,31,10,14,35,0],"gold":46,"neow_bonus":"THREE_ENEMY_KILL","is_prod":false,"is_daily":false,"chose_seed":false,"campfire_upgraded":3,"win_rate":0,"timestamp":1557982739,"path_taken":["M","M","M","M","M","R","M","R","T","?","M","$","E","?","R","BOSS","M","$","M","M","M","R","E"],"build_version":"2019-01-23","purchased_purges":1,"victory":false,"max_hp_per_floor":[71,71,71,71,71,71,71,71,71,71,71,71,71,71,71,71,71,71,71,71,71,71,71,71],"card_choices":[{"not_picked":["Gash","Beam Cell"],"picked":"Cold Snap","floor":1.0},{"not_picked":["Hologram","Beam Cell"],"picked":"Compile Driver","floor":2.0},{"not_picked":["Stack","Scrape"],"picked":"Defragment","floor":3.0},{"not_picked":["Rebound","Steam"],"picked":"Core Surge","floor":4.0},{"not_picked":["BootSequence","Hello World"],"picked":"Ball Lightning","floor":5.0},{"not_picked":["Barrage","Redo"],"picked":"Skim","floor":7.0},{"not_picked":["Skim","Turbo","Redo"],"picked":"SKIP","floor":11.0},{"not_picked":["Skim","Turbo","Redo"],"picked":"SKIP","floor":11.0},{"not_picked":["Conserve Battery","Stack","Ball Lightning"],"picked":"SKIP","floor":13.0},{"not_picked":["Meteor Strike","Amplify"],"picked":"Machine Learning","floor":16.0},{"not_picked":["Heatsinks","Streamline"],"picked":"Self Repair","floor":18.0},{"not_picked":["Hologram","Gash"],"picked":"Defragment","floor":20.0},{"not_picked":["Redo","Streamline"],"picked":"Fusion","floor":21.0},{"not_picked":["Recycle","Rip and Tear"],"picked":"Doom and Gloom","floor":22.0}],"player_experience":678579,"relics_obtained":[{"floor":9.0,"key":"Orichalcum"},{"floor":13.0,"key":"Sundial"}],"event_choices":[{"damage_healed":23.0,"max_hp_gain":0.0,"max_hp_loss":0.0,"gold_gain":0.0,"event_name":"Big Fish","player_choice":"Banana","floor":10.0,"gold_loss":0.0,"damage_taken":0.0},{"damage_healed":0.0,"max_hp_gain":0.0,"max_hp_loss":0.0,"gold_gain":75.0,"event_name":"World of Goop","player_choice":"Gather Gold","floor":14.0,"gold_loss":0.0,"damage_taken":11.0}],"is_beta":false,"boss_relics":[{"not_picked":["Sozu","Nuclear Battery"],"picked":"Inserter"}],"items_purged_floors":[19],"is_endless":false,"potions_floor_spawned":[5,7,11,13,18],"killed_by":"Book of Stabbing","ascension_level":20}