{"gold_per_floor":[119,119,119,137,151,179,179,179,179,23,34,54,54,72,72,145,145,159,159,159,176,196,196,208,208,253,270,290,307,135,151,151,223,223,241,259,134,134,184,217,217,244,292,292,306,334,334,360,360,360,360,360,42,72,72],"floor_reached":55,"playtime":4488,"items_purged":["Regret","Strike_G","Strike_G","Shame"],"score":1512,"play_id":"647b9d74-d770-4a2d-88e9-72b38da754dd","local_time":"20190526200030","is_ascension_mode":true,"campfire_choices":[{"data":"Neutralize","floor":7,"key":"SMITH"},{"data":"Footwork","floor":15,"key":"SMITH"},{"data":"Night Terror","floor":23,"key":"SMITH"},{"data":"Catalyst","floor":32,"key":"SMITH"},{"data":"Adrenaline","floor":41,"key":"SMITH"},{"data":"Corpse Explosion","floor":44,"key":"SMITH"},{"floor":47,"key":"RECALL"},{"data":"Backflip","floor":49,"key":"SMITH"},{"data":"Calculated Gamble","floor":52,"key":"SMITH"}],"neow_cost":"NONE","seed_source_timestamp":584053803219374,"circlet_count":0,"master_deck":["AscendersBane","Defend_G+1","Defend_G","Defend_G","Defend_G","Defend_G","Strike_G+1","Strike_G+1","Survivor","Neutralize+1","Catalyst+1","Flying Knee","Adrenaline+1","Footwork+1","All Out Attack","Dodge and Roll","Night Terror+1","Backflip+1","Caltrops+1","PiercingWail+1","Envenom+1","Dodge and Roll","Well Laid Plans+1","Corpse Explosion+1","Deflect+1","Backflip+1","Acrobatics+1","Footwork+1","Calculated Gamble+1","Well Laid Plans+1","Leg Sweep"],"relics":["Ring of the Snake","NeowsBlessing","Meat on the Bone","Darkstone Periapt","Blood Vial","Whetstone","Coffee Dripper","Frozen Egg 2","Bag of Preparation","Eternal Feather","Bottled Lightning","Lantern","War Paint","Orichalcum"],"potions_floor_usage":[6,16,28,33,42,50,55],"damage_taken":[{"damage":0,"enemies":"Jaw Worm","floor":1,"turns":1},{"damage":0,"enemies":"Cultist","floor":4,"turns":1},{"damage":0,"enemies":"2 Louse","floor":5,"turns":1},{"damage":37,"enemies":"Gremlin Nob","floor":6,"turns":5},{"damage":6,"enemies":"2 Fungi Beasts","floor":11,"turns":4},{"damage":6,"enemies":"Blue Slaver","floor":12,"turns":4},{"damage":10,"enemies":"Exordium Thugs","floor":14,"turns":5},{"damage":0,"enemies":"The Guardian","floor":16,"turns":13},{"damage":15,"enemies":"Chosen","floor":18,"turns":9},{"damage":24,"enemies":"3 Byrds","floor":21,"turns":7},{"damage":17,"enemies":"Centurion and Healer","floor":22,"turns":13},{"damage":13,"enemies":"Snecko","floor":24,"turns":7},{"damage":31,"enemies":"Colosseum Slavers","floor":25,"turns":5},{"damage":0,"enemies":"Snake Plant","floor":27,"turns":5},{"damage":18,"enemies":"Cultist and Chosen","floor":28,"turns":6},{"damage":10,"enemies":"Snecko","floor":29,"turns":7},{"damage":9,"enemies":"Shelled Parasite and Fungi","floor":31,"turns":9},{"damage":0,"enemies":"Collector","floor":33,"turns":2},{"damage":17,"enemies":"3 Shapes","floor":35,"turns":2},{"damage":15,"enemies":"Orb Walker","floor":36,"turns":4},{"damage":2,"enemies":"Nemesis","floor":40,"turns":5},{"damage":49,"enemies":"Reptomancer","floor":42,"turns":5},{"damage":5,"enemies":"Spire Growth","floor":45,"turns":7},{"damage":42,"enemies":"Nemesis","floor":46,"turns":5},{"damage":2,"enemies":"Giant Head","floor":48,"turns":4},{"damage":38,"enemies":"Awakened One","floor":50,"turns":26},{"damage":17,"enemies":"Shield and Spear","floor":54,"turns":10},{"damage":69,"enemies":"The Heart","floor":55,"turns":14}],"seed_played":"-2133211199848260867","potions_obtained":[{"floor":1,"key":"SteroidPotion"},{"floor":4,"key":"Poison Potion"},{"floor":6,"key":"AttackPotion"},{"floor":11,"key":"SkillPotion"},{"floor":27,"key":"GamblersBrew"},{"floor":28,"key":"Poison Potion"},{"floor":33,"key":"GamblersBrew"},{"floor":42,"key":"EssenceOfSteel"}],"is_trial":false,"path_per_floor":["M","?","T","M","M","E","R","?","T","$","M","M","?","M","R","B",null,"M","?","?","M","M","R","M","?","T","M","M","M","$","M","R","B",null,"M","M","$","?","?","E","R","E","T","R","M","E","R","E","R","B",null,"R","$","E","B"],"character_chosen":"THE_SILENT","items_purchased":["Footwork","Well Laid Plans+1","Well Laid Plans+1","Leg Sweep","SkillPotion"],"campfire_rested":0,"item_purchase_floors":[10,30,53,53,53],"current_hp_per_floor":[59,59,59,59,59,34,34,40,40,40,48,44,44,48,48,50,67,54,60,60,50,47,47,48,31,31,45,41,45,45,50,50,52,72,57,44,44,44,44,44,59,24,24,39,48,20,38,50,68,44,70,78,78,61,0],"gold":72,"neow_bonus":"THREE_ENEMY_KILL","is_prod":false,"is_daily":false,"chose_seed":false,"campfire_upgraded":8,"win_rate":0,"timestamp":1558915230,"path_taken":["M","?","?","?","M","E","R","?","T","$","M","M","?","M","R","BOSS","M","?","?","M","?","R","M","?","T","M","M","M","$","M","R","BOSS","M","M","$","?","?","E","R","E","T","R","M","E","R","E","R","BOSS","R","$","E","BOSS"],"build_version":"2019-01-23","purchased_purges":4,"victory":false,"max_hp_per_floor":[66,66,66,66,66,66,66,72,72,72,72,72,72,72,72,72,72,72,78,78,78,78,78,78,78,78,78,78,78,78,78,78,78,78,78,78,78,78,78,78,78,78,78,78,78,78,78,78,78,78,78,78,78,78,78],"card_choices":[{"not_picked":["Heel Hook","Underhanded Strike","Prepared"],"picked":"SKIP","floor":1},{"not_picked":["Setup","Cloak And Dagger"],"picked":"Catalyst","floor":4},{"not_picked":["Heel Hook","Setup"],"picked":"Flying Knee","floor":5},{"not_picked":["Cloak And Dagger","PiercingWail"],"picked":"Adrenaline","floor":6},{"not_picked":["Dagger Throw","Quick Slash"],"picked":"All Out Attack","floor":11},{"not_picked":["Slice","Deflect"],"picked":"Dodge and Roll","floor":12},{"not_picked":["Bane","Calculated Gamble","Acrobatics"],"picked":"SKIP","floor":14},{"not_picked":["Storm of Steel","Tools of the Trade"],"picked":"Night Terror","floor":16},{"not_picked":["Deflect","Caltrops"],"picked":"Backflip","floor":18},{"not_picked":["PiercingWail","Finisher"],"picked":"Caltrops+1","floor":21},{"not_picked":["Blade Dance","Heel Hook"],"picked":"PiercingWail","floor":22},{"not_picked":["Dodge and Roll","Flechettes"],"picked":"Envenom+1","floor":24},{"not_picked":["Outmaneuver","Slice"],"picked":"Dodge and Roll","floor":27},{"not_picked":["Deflect","Prepared","Slice+1"],"picked":"SKIP","floor":28},{"not_picked":["Outmaneuver","Setup","Deflect"],"picked":"SKIP","floor":29},{"not_picked":["Underhanded Strike","Dagger Spray"],"picked":"Endless Agony","floor":31},{"not_picked":["Die Die Die","Doppelganger"],"picked":"Corpse Explosion","floor":33},{"not_picked":["Bane","Outmaneuver"],"picked":"Deflect+1","floor":35},{"not_picked":["Calculated Gamble","Infinite Blades+1"],"picked":"Backflip+1","floor":36},{"not_picked":["Distraction","Poisoned Stab"],"picked":"Acrobatics+1","floor":40},{"not_picked":["Bouncing Flask","Caltrops+1"],"picked":"Footwork+1","floor":42},{"not_picked":["Backflip","Glass Knife"],"picked":"Calculated Gamble","floor":45},{"not_picked":["Flying Knee","Skewer","Caltrops+1"],"picked":"SKIP","floor":46},{"not_picked":["Terror+1","Dodge and Roll","Dagger Throw"],"picked":"SKIP","floor":48},{"not_picked":["Backflip","Escape Plan","Setup"],"picked":"SKIP","floor":54}],"player_experience":1351177,"relics_obtained":[{"floor":3,"key":"Meat on the Bone"},{"floor":6,"key":"Darkstone Periapt"},{"floor":9,"key":"Whetstone"},{"floor":26,"key":"Bag of Preparation"},{"floor":40,"key":"Bottled Lightning"},{"floor":42,"key":"Lantern"},{"floor":46,"key":"War Paint"},{"floor":54,"key":"Orichalcum"}],"event_choices":[{"cards_removed":["Strike_G"],"damage_healed":0,"gold_gain":0,"player_choice":"Forget","damage_taken":0,"max_hp_gain":0,"max_hp_loss":0,"event_name":"Living Wall","floor":2,"gold_loss":0},{"damage_healed":0,"gold_gain":0,"player_choice":"Box","damage_taken":0,"relics_obtained":["Blood Vial"],"max_hp_gain":0,"max_hp_loss":0,"event_name":"Big Fish","floor":8,"gold_loss":0,"cards_obtained":["Regret"]},{"damage_healed":0,"gold_gain":0,"player_choice":"Leave","damage_taken":0,"max_hp_gain":0,"max_hp_loss":0,"event_name":"The Cleric","floor":13,"gold_loss":0},{"damage_healed":0,"gold_gain":0,"player_choice":"Stole Relic","damage_taken":0,"relics_obtained":["Frozen Egg 2"],"max_hp_gain":0,"max_hp_loss":0,"event_name":"Addict","floor":19,"gold_loss":0,"cards_obtained":["Shame"]},{"damage_healed":0,"gold_gain":0,"player_choice":"0 cards matched","damage_taken":0,"max_hp_gain":0,"max_hp_loss":0,"event_name":"Match and Keep!","floor":20,"gold_loss":0,"cards_obtained":[]},{"damage_healed":0,"gold_gain":0,"player_choice":"Fight","damage_taken":0,"max_hp_gain":0,"max_hp_loss":0,"event_name":"Colosseum","floor":25,"gold_loss":0},{"damage_healed":0,"gold_gain":0,"player_choice":"Fled From Nobs","damage_taken":0,"max_hp_gain":0,"max_hp_loss":0,"event_name":"Colosseum","floor":25,"gold_loss":0},{"damage_healed":0,"gold_gain":0,"player_choice":"Fled From Nobs","damage_taken":0,"max_hp_gain":0,"max_hp_loss":0,"event_name":"Colosseum","floor":25,"gold_loss":0},{"damage_healed":0,"gold_gain":0,"player_choice":"Fled From Nobs","damage_taken":0,"max_hp_gain":0,"max_hp_loss":0,"event_name":"Colosseum","floor":25,"gold_loss":0},{"cards_removed":["Endless Agony"],"damage_healed":0,"gold_gain":0,"player_choice":"Removed Attack","damage_taken":0,"max_hp_gain":0,"max_hp_loss":0,"event_name":"Falling","floor":38,"gold_loss":0},{"damage_healed":0,"gold_gain":50,"player_choice":"Pray","damage_taken":0,"max_hp_gain":0,"max_hp_loss":0,"event_name":"Golden Shrine","floor":39,"gold_loss":0}],"is_beta":false,"boss_relics":[{"not_picked":["Ring of the Serpent","HoveringKite"],"picked":"Coffee Dripper"},{"not_picked":["Snecko Eye","Runic Dome"],"picked":"Eternal Feather"}],"items_purged_floors":[10,30,37,53],"is_endless":false,"potions_floor_spawned":[1,4,6,11,25,27,28,29,33,42,45,46],"killed_by":"The Heart","ascension_level":15}