{"gold_per_floor":[114,114,15,15,15,15,47,59,86,86,99,99,119,154,154,231,231,248,173,192,117,117,117,144,144,190,1,19,19,52,100,100,179,179,191,203,221,166,176,176,207,207,207,217,18,68,68,87,87,87,87],"floor_reached":52,"playtime":3459,"items_purged":["Strike_B","Strike_B","Doubt"],"score":1977,"play_id":"cf25f35d-6f03-466f-9748-4fb9dd4bd9dc","local_time":"20190526171536","is_ascension_mode":true,"campfire_choices":[{"data":"Loop","floor":6.0,"key":"SMITH"},{"data":"Zap","floor":10.0,"key":"SMITH"},{"data":"Blizzard","floor":12.0,"key":"SMITH"},{"data":"Reinforced Body","floor":15.0,"key":"SMITH"},{"data":"Doom and Gloom","floor":23.0,"key":"SMITH"},{"floor":25.0,"key":"REST"},{"data":"Sunder","floor":29.0,"key":"SMITH"},{"floor":32.0,"key":"REST"},{"data":"Biased Cognition","floor":40.0,"key":"SMITH"},{"floor":47.0,"key":"REST"},{"floor":49.0,"key":"REST"}],"neow_cost":"NONE","seed_source_timestamp":514201647123835,"circlet_count":0,"master_deck":["AscendersBane","Defend_B+1","Defend_B","Defend_B","Defend_B+1","Zap+1","Dualcast","Ball Lightning","Loop+1","Glacier","Compile Driver","Blizzard+1","Reinforced Body+1","Core Surge","Echo Form","Chill","Doom and Gloom+1","Rainbow","Capacitor","Sunder+1","Biased Cognition+1","Self Repair+1","Tempest","Stack+1","All For One"],"special_seed":0,"relics":["Cracked Core","NeowsBlessing","Gremlin Horn","Art of War","Blood Vial","Snecko Eye","Ancient Tea Set","War Paint","Potion Belt","Bag of Preparation","Cursed Key","Smiling Mask","Boot","Unceasing Top"],"potions_floor_usage":[50,50,51,51],"damage_taken":[{"damage":0.0,"enemies":"Jaw Worm","floor":1.0,"turns":1.0},{"damage":0.0,"enemies":"Lagavulin","floor":7.0,"turns":1.0},{"damage":0.0,"enemies":"Small Slimes","floor":8.0,"turns":1.0},{"damage":3.0,"enemies":"2 Louse","floor":11.0,"turns":2.0},{"damage":6.0,"enemies":"Exordium Thugs","floor":13.0,"turns":3.0},{"damage":12.0,"enemies":"3 Sentries","floor":14.0,"turns":7.0},{"damage":20.0,"enemies":"The Guardian","floor":16.0,"turns":11.0},{"damage":7.0,"enemies":"Spheric Guardian","floor":18.0,"turns":4.0},{"damage":7.0,"enemies":"3 Byrds","floor":20.0,"turns":4.0},{"damage":34.0,"enemies":"Book of Stabbing","floor":24.0,"turns":5.0},{"damage":2.0,"enemies":"Snecko","floor":28.0,"turns":4.0},{"damage":0.0,"enemies":"Slavers","floor":30.0,"turns":3.0},{"damage":10.0,"enemies":"Collector","floor":33.0,"turns":7.0},{"damage":0.0,"enemies":"3 Shapes","floor":35.0,"turns":3.0},{"damage":4.0,"enemies":"Orb Walker","floor":36.0,"turns":3.0},{"damage":0.0,"enemies":"Maw","floor":37.0,"turns":7.0},{"damage":28.0,"enemies":"Spire Growth","floor":39.0,"turns":4.0},{"damage":9.0,"enemies":"Giant Head","floor":41.0,"turns":7.0},{"damage":0.0,"enemies":"Sphere and 2 Shapes","floor":44.0,"turns":6.0},{"damage":51.0,"enemies":"2 Orb Walkers","floor":46.0,"turns":4.0},{"damage":0.0,"enemies":"Jaw Worm Horde","floor":48.0,"turns":2.0},{"damage":24,"enemies":"Donu and Deca","floor":50,"turns":6},{"damage":22,"enemies":"Awakened One","floor":51,"turns":14}],"seed_played":"6588451139265442578","potions_obtained":[{"floor":11.0,"key":"SpeedPotion"},{"floor":14.0,"key":"FocusPotion"},{"floor":24.0,"key":"PowerPotion"},{"floor":28.0,"key":"Dexterity Potion"},{"floor":30.0,"key":"Energy Potion"},{"floor":35.0,"key":"Dexterity Potion"},{"floor":44.0,"key":"Weak Potion"}],"is_trial":false,"path_per_floor":["M","?","$","?","?","R","E","M","T","R","M","R","M","E","R","B",null,"M","?","M","$","?","R","E","R","T","$","M","R","E","T","R","B",null,"M","M","M","$","M","R","E","?","T","M","$","?","R","M","R","B","B",null],"character_chosen":"DEFECT","items_purchased":["Loop","FearPotion","Capacitor","Explosive Potion","All For One"],"campfire_rested":4,"item_purchase_floors":[3,3,27,38,45],"current_hp_per_floor":[64,57,57,57,57,57,57,57,57,57,54,54,48,36,36,18,58,53,53,48,48,48,48,16,37,37,37,37,37,39,39,60,52,66,68,66,68,68,42,42,45,45,45,57,57,8,29,41,62,60,40],"gold":87,"neow_bonus":"THREE_ENEMY_KILL","is_prod":false,"is_daily":false,"chose_seed":false,"campfire_upgraded":7,"win_rate":0,"timestamp":1558905336,"path_taken":["M","?","$","?","?","R","E","M","T","R","?","R","M","E","R","BOSS","M","?","M","$","?","R","E","R","T","?","M","R","E","?","R","BOSS","M","M","M","$","M","R","E","?","T","M","$","?","R","M","R","BOSS","BOSS"],"build_version":"2019-01-23","purchased_purges":3,"victory":true,"max_hp_per_floor":[71,71,71,71,71,71,71,71,71,71,71,71,71,71,71,71,71,71,71,71,71,71,71,71,71,71,71,71,71,71,71,71,71,71,71,71,71,71,71,71,71,71,71,71,71,71,71,71,71,71,71],"card_choices":[{"not_picked":["Stack","Steam"],"picked":"Ball Lightning","floor":1.0},{"not_picked":["Streamline","Hologram"],"picked":"Glacier","floor":7.0},{"not_picked":["White Noise","Rebound"],"picked":"Compile Driver","floor":8.0},{"not_picked":["Stack","Leap"],"picked":"Blizzard","floor":11.0},{"not_picked":["Streamline","Aggregate"],"picked":"Reinforced Body","floor":13.0},{"not_picked":["Glacier","Loop"],"picked":"Core Surge","floor":14.0},{"not_picked":["All For One","Thunder Strike"],"picked":"Echo Form","floor":16.0},{"not_picked":["Go for the Eyes","Beam Cell"],"picked":"Chill","floor":18.0},{"not_picked":["Sweeping Beam","Go for the Eyes"],"picked":"Streamline+1","floor":20.0},{"not_picked":["Compile Driver","Storm+1"],"picked":"Rainbow","floor":24.0},{"not_picked":["Self Repair","Streamline"],"picked":"Sunder","floor":28.0},{"not_picked":["Steam","Stack","Compile Driver"],"picked":"SKIP","floor":30.0},{"not_picked":["Multi-Cast","Hyperbeam"],"picked":"Biased Cognition","floor":33.0},{"not_picked":["Conserve Battery","Hello World","Scrape"],"picked":"SKIP","floor":35.0},{"not_picked":["Melter","Chill+1","Compile Driver"],"picked":"SKIP","floor":36.0},{"not_picked":["Hello World+1","Chaos","Steam+1"],"picked":"SKIP","floor":37.0},{"not_picked":["Aggregate+1","Coolheaded"],"picked":"Self Repair+1","floor":39.0},{"not_picked":["Go for the Eyes+1","Leap"],"picked":"Tempest","floor":41.0},{"not_picked":["Rebound","Go for the Eyes"],"picked":"Stack+1","floor":44.0},{"not_picked":["Steam Power","Turbo","Rebound"],"picked":"SKIP","floor":48.0}],"player_experience":823139,"relics_obtained":[{"floor":7.0,"key":"Gremlin Horn"},{"floor":9.0,"key":"Art of War"},{"floor":14.0,"key":"Blood Vial"},{"floor":24.0,"key":"Ancient Tea Set"},{"floor":26.0,"key":"War Paint"},{"floor":30.0,"key":"Potion Belt"},{"floor":31.0,"key":"Bag of Preparation"},{"floor":41.0,"key":"Smiling Mask"},{"floor":43.0,"key":"Boot"},{"floor":46.0,"key":"Unceasing Top"}],"event_choices":[{"cards_removed":["Strike_B"],"damage_healed":0.0,"max_hp_gain":0.0,"max_hp_loss":0.0,"gold_gain":0.0,"event_name":"Golden Wing","player_choice":"Card Removal","floor":2.0,"gold_loss":0.0,"damage_taken":7.0},{"damage_healed":0.0,"max_hp_gain":0.0,"max_hp_loss":0.0,"gold_gain":0.0,"event_name":"Liars Game","player_choice":"Ignored","floor":4.0,"gold_loss":0.0,"damage_taken":0.0},{"damage_healed":0.0,"max_hp_gain":0.0,"max_hp_loss":0.0,"gold_gain":0.0,"event_name":"Match and Keep!","player_choice":"0 cards matched","floor":5.0,"gold_loss":0.0,"damage_taken":0.0,"cards_obtained":[]},{"cards_removed":["Strike_B"],"damage_healed":0.0,"max_hp_gain":0.0,"max_hp_loss":0.0,"gold_gain":0.0,"event_name":"Beggar","player_choice":"Gave Gold","floor":19.0,"gold_loss":75.0,"damage_taken":0.0},{"damage_healed":0.0,"max_hp_gain":0.0,"max_hp_loss":0.0,"gold_gain":0.0,"event_name":"The Library","player_choice":"Read","floor":22.0,"gold_loss":0.0,"damage_taken":0.0,"cards_obtained":["Doom and Gloom"]},{"cards_removed":["Streamline"],"damage_healed":0.0,"max_hp_gain":0.0,"max_hp_loss":0.0,"gold_gain":0.0,"event_name":"Falling","player_choice":"Removed Attack","floor":42.0,"gold_loss":0.0,"damage_taken":0.0},{"damage_healed":0.0,"max_hp_gain":0.0,"max_hp_loss":0.0,"gold_gain":0.0,"event_name":"Mysterious Sphere","player_choice":"Fight","floor":46.0,"gold_loss":0.0,"damage_taken":0.0}],"is_beta":false,"boss_relics":[{"not_picked":["Astrolabe","Pandora\u0027s Box"],"picked":"Snecko Eye"},{"not_picked":["Empty Cage","Busted Crown"],"picked":"Cursed Key"}],"items_purged_floors":[21,27,45],"is_endless":false,"potions_floor_spawned":[11,14,16,24,28,30,35,41,44],"ascension_level":20}