{"gold_per_floor":[109,109,127,141,156,156,191,191,266,294,304,315,350,350,350,425,425,435,29,39,39,39,73,85,103,151,151,167,167,200,216,216,293,293,313,313,313,313,45,77,77,77,102,102,115,115,115,30,30,30,30],"floor_reached":51,"playtime":3292,"items_purged":["Strike_B","Writhe"],"score":1616,"play_id":"860261f6-235a-46e9-a069-20df9a6a04e7","local_time":"20190523210035","is_ascension_mode":true,"campfire_choices":[{"floor":6.0,"key":"REST"},{"data":"Buffer","floor":8.0,"key":"SMITH"},{"floor":15.0,"key":"REST"},{"floor":27.0,"key":"REST"},{"data":"Go for the Eyes","floor":29.0,"key":"SMITH"},{"floor":32.0,"key":"REST"},{"data":"Redo","floor":41.0,"key":"SMITH"},{"data":"Redo","floor":44.0,"key":"SMITH"},{"data":"Defragment","floor":46.0,"key":"SMITH"},{"floor":49.0,"key":"REST"}],"neow_cost":"NONE","seed_source_timestamp":267580344960859,"circlet_count":0,"master_deck":["AscendersBane","Strike_B","Strike_B+1","Defend_B","Defend_B","Defend_B+1","Defend_B","Zap+1","Dualcast+1","Lockon+1","Buffer+1","Auto Shields","Doom and Gloom","Compile Driver","Ball Lightning","Seek","Core Surge","Go for the Eyes+1","Coolheaded+1","Echo Form","Redo+1","Redo+1","Defragment+1","All For One","Thinking Ahead"],"special_seed":0,"relics":["Cracked Core","Ice Cream","Ornamental Fan","Regal Pillow","Kunai","War Paint","Philosopher\u0027s Stone","Incense Burner","Du-Vu Doll","Nunchaku","Boot","Whetstone","Runic Dome","DataDisk","Juzu Bracelet","Strawberry"],"potions_floor_usage":[],"damage_taken":[{"damage":0.0,"enemies":"Cultist","floor":1.0,"turns":3.0},{"damage":0.0,"enemies":"2 Louse","floor":3.0,"turns":2.0},{"damage":8.0,"enemies":"Small Slimes","floor":4.0,"turns":3.0},{"damage":31.0,"enemies":"Exordium Wildlife","floor":5.0,"turns":5.0},{"damage":0.0,"enemies":"Gremlin Nob","floor":7.0,"turns":4.0},{"damage":0.0,"enemies":"Lagavulin","floor":10.0,"turns":6.0},{"damage":15.0,"enemies":"3 Louse","floor":11.0,"turns":3.0},{"damage":0.0,"enemies":"2 Fungi Beasts","floor":12.0,"turns":3.0},{"damage":0.0,"enemies":"Gremlin Nob","floor":13.0,"turns":2.0},{"damage":9.0,"enemies":"The Guardian","floor":16.0,"turns":12.0},{"damage":2.0,"enemies":"2 Thieves","floor":18.0,"turns":5.0},{"damage":12.0,"enemies":"Shell Parasite","floor":20.0,"turns":10.0},{"damage":21.0,"enemies":"Book of Stabbing","floor":23.0,"turns":4.0},{"damage":1.0,"enemies":"3 Cultists","floor":24.0,"turns":5.0},{"damage":5.0,"enemies":"Snake Plant","floor":25.0,"turns":6.0},{"damage":17.0,"enemies":"Centurion and Healer","floor":28.0,"turns":6.0},{"damage":0.0,"enemies":"Gremlin Leader","floor":30.0,"turns":5.0},{"damage":27.0,"enemies":"Shelled Parasite and Fungi","floor":31.0,"turns":5.0},{"damage":28.0,"enemies":"Collector","floor":33.0,"turns":12.0},{"damage":7.0,"enemies":"3 Darklings","floor":35.0,"turns":5.0},{"damage":0.0,"enemies":"Nemesis","floor":40.0,"turns":5.0},{"damage":9.0,"enemies":"Orb Walker","floor":45.0,"turns":4.0},{"damage":37.0,"enemies":"Time Eater","floor":50.0,"turns":11.0},{"damage":48,"enemies":"Donu and Deca","floor":51,"turns":8}],"seed_played":"-3166527880007524388","potions_obtained":[{"floor":4.0,"key":"PowerPotion"},{"floor":7.0,"key":"Regen Potion"},{"floor":10.0,"key":"Dexterity Potion"},{"floor":13.0,"key":"Energy Potion"},{"floor":16.0,"key":"Block Potion"},{"floor":18.0,"key":"Strength Potion"},{"floor":25.0,"key":"Fire Potion"},{"floor":28.0,"key":"PowerPotion"}],"is_trial":false,"path_per_floor":["M","?","M","M","M","R","E","R","T","E","M","M","E","?","R","B",null,"M","$","M","?","T","E","M","M","T","R","M","R","E","M","R","B",null,"M","?","?","?","$","E","R","?","T","R","M","R","?","$","R","B","B"],"character_chosen":"DEFECT","items_purchased":["Incense Burner","DataDisk","FocusPotion"],"campfire_rested":5,"item_purchase_floors":[19,39,48],"current_hp_per_floor":[64,57,57,49,18,39,39,39,39,54,39,39,39,21,57,48,65,63,63,51,51,51,30,29,24,24,60,43,43,43,16,52,24,59,52,52,52,66,66,66,66,66,73,73,64,64,64,64,78,41,0],"gold":30,"neow_bonus":"UPGRADE_CARD","is_prod":false,"is_daily":false,"chose_seed":false,"campfire_upgraded":5,"win_rate":0,"timestamp":1558659635,"path_taken":["M","?","M","M","M","R","E","R","T","E","M","M","E","?","R","BOSS","M","$","M","?","?","E","M","M","T","R","M","R","E","M","R","BOSS","M","?","?","?","?","E","R","?","T","R","M","R","?","$","R","BOSS","BOSS"],"build_version":"2019-01-23","purchased_purges":2,"victory":false,"max_hp_per_floor":[71,71,71,71,71,71,71,71,71,71,71,71,71,71,71,71,71,71,71,71,71,71,71,71,71,71,71,71,71,71,71,71,71,71,71,71,71,71,71,71,71,71,78,78,78,78,78,78,78,78,78],"card_choices":[{"not_picked":["Hologram","Chaos","Blizzard"],"picked":"SKIP","floor":1.0},{"not_picked":["Leap","Gash"],"picked":"Lockon","floor":3.0},{"not_picked":["Turbo","Coolheaded"],"picked":"Buffer","floor":4.0},{"not_picked":["Steam","Rip and Tear"],"picked":"Auto Shields","floor":5.0},{"not_picked":["Sunder","Skim","Redo"],"picked":"SKIP","floor":7.0},{"not_picked":["FTL","Beam Cell"],"picked":"Doom and Gloom","floor":10.0},{"not_picked":["Barrage","Streamline"],"picked":"Compile Driver","floor":11.0},{"not_picked":["Streamline","Turbo"],"picked":"Ball Lightning","floor":12.0},{"not_picked":["Cold Snap","Force Field"],"picked":"Seek","floor":13.0},{"not_picked":["Machine Learning","Creative AI"],"picked":"Core Surge","floor":16.0},{"not_picked":["Turbo","Barrage"],"picked":"Go for the Eyes","floor":18.0},{"not_picked":["Barrage","Streamline","Hologram"],"picked":"SKIP","floor":20.0},{"not_picked":["Barrage","Reinforced Body"],"picked":"Coolheaded+1","floor":23.0},{"not_picked":["Scrape","Ball Lightning","Leap"],"picked":"SKIP","floor":24.0},{"not_picked":["Go for the Eyes","Doom and Gloom+1"],"picked":"Echo Form","floor":25.0},{"not_picked":["Go for the Eyes","White Noise"],"picked":"Redo","floor":28.0},{"not_picked":["Gash","Compile Driver+1"],"picked":"Redo","floor":30.0},{"not_picked":["White Noise","Cold Snap"],"picked":"Defragment","floor":31.0},{"not_picked":["Electrodynamics","Biased Cognition"],"picked":"All For One","floor":33.0},{"not_picked":["Sweeping Beam","Rebound","Tempest"],"picked":"SKIP","floor":35.0},{"not_picked":["Dramatic Entrance","Flash of Steel"],"picked":"Thinking Ahead","floor":37.0},{"not_picked":["Sweeping Beam","Hello World"],"picked":"Static Discharge","floor":40.0},{"not_picked":["Steam","Go for the Eyes","Barrage"],"picked":"SKIP","floor":45.0}],"player_experience":778812,"relics_obtained":[{"floor":7.0,"key":"Ice Cream"},{"floor":9.0,"key":"Ornamental Fan"},{"floor":10.0,"key":"Regal Pillow"},{"floor":13.0,"key":"Kunai"},{"floor":22.0,"key":"Du-Vu Doll"},{"floor":23.0,"key":"Nunchaku"},{"floor":26.0,"key":"Boot"},{"floor":30.0,"key":"Whetstone"},{"floor":40.0,"key":"Juzu Bracelet"},{"floor":43.0,"key":"Strawberry"}],"event_choices":[{"cards_removed":["Strike_B"],"damage_healed":0.0,"max_hp_gain":0.0,"max_hp_loss":0.0,"gold_gain":0.0,"event_name":"Golden Wing","player_choice":"Card Removal","floor":2.0,"gold_loss":0.0,"damage_taken":7.0},{"damage_healed":0.0,"max_hp_gain":0.0,"max_hp_loss":0.0,"gold_gain":0.0,"event_name":"Scrap Ooze","player_choice":"Success","floor":14.0,"gold_loss":0.0,"damage_taken":18.0,"relics_obtained":["War Paint"]},{"damage_healed":0.0,"max_hp_gain":0.0,"max_hp_loss":0.0,"gold_gain":0.0,"event_name":"Tomb of Lord Red Mask","player_choice":"Ignored","floor":36.0,"gold_loss":0.0,"damage_taken":0.0},{"damage_healed":0.0,"max_hp_gain":0.0,"max_hp_loss":0.0,"gold_gain":0.0,"event_name":"SensoryStone","player_choice":"Memory 1","floor":37.0,"gold_loss":0.0,"damage_taken":0.0},{"damage_healed":14.0,"max_hp_gain":0.0,"max_hp_loss":0.0,"gold_gain":0.0,"event_name":"Winding Halls","player_choice":"Writhe","floor":38.0,"gold_loss":0.0,"damage_taken":0.0,"cards_obtained":["Writhe"]},{"cards_removed":["Static Discharge"],"damage_healed":0.0,"max_hp_gain":0.0,"max_hp_loss":0.0,"gold_gain":0.0,"event_name":"Falling","player_choice":"Removed Power","floor":42.0,"gold_loss":0.0,"damage_taken":0.0},{"damage_healed":0.0,"max_hp_gain":0.0,"max_hp_loss":0.0,"gold_gain":0.0,"event_name":"Mysterious Sphere","player_choice":"Ignored","floor":47.0,"gold_loss":0.0,"damage_taken":0.0}],"is_beta":false,"boss_relics":[{"not_picked":["Calling Bell","Snecko Eye"],"picked":"Philosopher\u0027s Stone"},{"not_picked":["Astrolabe","FrozenCore"],"picked":"Runic Dome"}],"items_purged_floors":[19,39],"is_endless":false,"potions_floor_spawned":[4,7,10,13,16,18,20,25,28],"killed_by":"Donu and Deca","ascension_level":20}