{"gold_per_floor":[119,129,139,151,151,151,183,183,183,108,120,120,145,155,155,231,231,248,248,261,45,57,57],"floor_reached":23,"playtime":1251,"items_purged":["Strike_B"],"score":406,"play_id":"c43f7f27-6c78-4df3-959e-d5dac5e10ba4","local_time":"20190514223940","is_ascension_mode":true,"campfire_choices":[{"floor":6.0,"key":"REST"},{"data":"Ball Lightning","floor":8.0,"key":"SMITH"},{"data":"Defragment","floor":12.0,"key":"SMITH"},{"data":"Consume","floor":15.0,"key":"SMITH"}],"neow_cost":"NONE","seed_source_timestamp":28451619141065,"circlet_count":0,"master_deck":["AscendersBane","Strike_B","Strike_B","Strike_B","Defend_B","Defend_B","Defend_B","Defend_B","Zap+1","Dualcast","Defragment+1","Coolheaded","Ball Lightning+1","All For One","Coolheaded","Core Surge","Consume+1","Biased Cognition","Go for the Eyes","FTL","Loop","Doom and Gloom+1"],"special_seed":0,"relics":["Cracked Core","Lantern","Gremlin Horn","Happy Flower","Symbiotic Virus","Velvet Choker","Regal Pillow"],"potions_floor_usage":[],"damage_taken":[{"damage":0.0,"enemies":"Cultist","floor":1.0,"turns":3.0},{"damage":19.0,"enemies":"Jaw Worm","floor":2.0,"turns":4.0},{"damage":0.0,"enemies":"2 Louse","floor":3.0,"turns":3.0},{"damage":3.0,"enemies":"Looter","floor":4.0,"turns":3.0},{"damage":8.0,"enemies":"Gremlin Nob","floor":7.0,"turns":3.0},{"damage":8.0,"enemies":"Blue Slaver","floor":11.0,"turns":2.0},{"damage":1.0,"enemies":"3 Sentries","floor":13.0,"turns":4.0},{"damage":11.0,"enemies":"Exordium Wildlife","floor":14.0,"turns":3.0},{"damage":4.0,"enemies":"Hexaghost","floor":16.0,"turns":9.0},{"damage":10.0,"enemies":"2 Thieves","floor":18.0,"turns":4.0},{"damage":20,"enemies":"Shell Parasite","floor":20,"turns":3},{"damage":8,"enemies":"Centurion and Healer","floor":22,"turns":9},{"damage":28,"enemies":"Book of Stabbing","floor":23,"turns":2}],"seed_played":"-7205111733062991103","potions_obtained":[{"floor":2.0,"key":"PowerPotion"},{"floor":3.0,"key":"Fire Potion"},{"floor":11.0,"key":"FearPotion"},{"floor":13.0,"key":"Weak Potion"},{"floor":20,"key":"Explosive Potion"}],"is_trial":false,"path_per_floor":["M","M","M","M","?","R","E","R","T","$","M","R","E","M","R","B",null,"M","?","M","$","M","E"],"character_chosen":"DEFECT","items_purchased":["Loop","Regal Pillow"],"campfire_rested":1,"item_purchase_floors":[21,21],"current_hp_per_floor":[64,45,45,42,37,58,50,50,50,50,42,42,41,30,30,26,60,50,50,30,30,22,0],"gold":57,"neow_bonus":"UPGRADE_CARD","is_prod":false,"is_daily":false,"chose_seed":false,"campfire_upgraded":3,"win_rate":0,"timestamp":1557887980,"path_taken":["M","?","M","M","?","R","E","R","T","$","M","R","E","M","R","BOSS","M","?","M","$","M","E"],"build_version":"2019-01-23","purchased_purges":1,"victory":false,"max_hp_per_floor":[71,71,71,71,71,71,71,71,71,71,71,71,71,71,71,71,71,71,71,71,71,71,71],"card_choices":[{"not_picked":["Steam","White Noise"],"picked":"Defragment","floor":1.0},{"not_picked":["Leap","Scrape"],"picked":"Coolheaded","floor":2.0},{"not_picked":["Reinforced Body","Steam"],"picked":"Ball Lightning","floor":3.0},{"not_picked":["Barrage","Steam Power","Undo"],"picked":"SKIP","floor":4.0},{"not_picked":["FTL","Lockon"],"picked":"All For One","floor":7.0},{"not_picked":["Ball Lightning","Barrage"],"picked":"Coolheaded","floor":11.0},{"not_picked":["Tempest","Compile Driver"],"picked":"Core Surge","floor":13.0},{"not_picked":["Steam Power","Redo"],"picked":"Consume","floor":14.0},{"not_picked":["Echo Form","Hyperbeam"],"picked":"Biased Cognition","floor":16.0},{"not_picked":["Chaos","Skim"],"picked":"Go for the Eyes","floor":18.0},{"not_picked":["Coolheaded","Sweeping Beam"],"picked":"FTL","floor":20},{"not_picked":["Barrage","Leap"],"picked":"Doom and Gloom+1","floor":22}],"player_experience":632203,"relics_obtained":[{"floor":7.0,"key":"Gremlin Horn"},{"floor":9.0,"key":"Happy Flower"},{"floor":13.0,"key":"Symbiotic Virus"}],"event_choices":[{"damage_healed":0.0,"max_hp_gain":0.0,"max_hp_loss":0.0,"gold_gain":0.0,"event_name":"Scrap Ooze","player_choice":"Success","floor":5.0,"gold_loss":0.0,"damage_taken":5.0,"relics_obtained":["Lantern"]}],"is_beta":false,"boss_relics":[{"not_picked":["Calling Bell","Fusion Hammer"],"picked":"Velvet Choker"}],"items_purged_floors":[10],"is_endless":false,"potions_floor_spawned":[2,3,11,13,14,20],"killed_by":"Book of Stabbing","ascension_level":20}