{"gold_per_floor":[109,124,49,49,49,49,68,88,142,42,42,42,42,65,65,193,193,213,88,88,113,136,136],"floor_reached":23,"playtime":919,"items_purged":["Defend_R","Strike_R","Defend_R"],"score":181,"play_id":"9a54b07b-7af7-4683-8650-efb5e0236821","local_time":"20190514164655","is_ascension_mode":false,"campfire_choices":[{"data":"Shrug It Off","floor":6.0,"key":"SMITH"},{"data":"Strike_R","floor":11.0,"key":"SMITH"},{"data":"1","floor":15.0,"key":"LIFT"}],"neow_cost":"NONE","seed_source_timestamp":499471442234637,"circlet_count":0,"master_deck":["Strike_R","Strike_R","Strike_R+1","Defend_R","Defend_R","Bash+1","Shrug It Off+1"],"special_seed":0,"relics":["Black Blood","Golden Idol","Tiny Chest","Girya"],"potions_floor_usage":[22,22,23],"damage_taken":[{"damage":6.0,"enemies":"Jaw Worm","floor":1.0,"turns":3.0},{"damage":0.0,"enemies":"Small Slimes","floor":2.0,"turns":3.0},{"damage":0.0,"enemies":"Cultist","floor":7.0,"turns":3.0},{"damage":2.0,"enemies":"Red Slaver","floor":8.0,"turns":4.0},{"damage":6.0,"enemies":"Exordium Wildlife","floor":14.0,"turns":3.0},{"damage":57.0,"enemies":"Slime Boss","floor":16.0,"turns":13.0},{"damage":45.0,"enemies":"Spheric Guardian","floor":18.0,"turns":7.0},{"damage":19.0,"enemies":"2 Thieves","floor":21.0,"turns":5.0},{"damage":19,"enemies":"Snake Plant","floor":22,"turns":4},{"damage":23,"enemies":"Book of Stabbing","floor":23,"turns":3}],"seed_played":"-3116471766824863599","potions_obtained":[{"floor":2.0,"key":"SteroidPotion"},{"floor":7.0,"key":"LiquidBronze"},{"floor":14.0,"key":"EssenceOfSteel"},{"floor":16.0,"key":"Strength Potion"},{"floor":22,"key":"Explosive Potion"}],"is_trial":false,"path_per_floor":["M","M","$","?","?","R","M","M","T","$","R","$","T","M","R","B",null,"M","$","?","M","M","E"],"character_chosen":"IRONCLAD","items_purchased":[],"campfire_rested":0,"item_purchase_floors":[],"current_hp_per_floor":[80,80,80,74,74,74,74,74,74,74,74,74,74,74,74,23,74,39,39,39,30,21,0],"gold":136,"neow_bonus":"REMOVE_CARD","is_prod":false,"is_daily":false,"chose_seed":false,"campfire_upgraded":2,"win_rate":0,"timestamp":1557866815,"path_taken":["M","M","$","?","?","R","M","?","T","?","R","$","?","?","R","BOSS","M","$","?","?","M","E"],"build_version":"2019-01-23","purchased_purges":3,"victory":false,"max_hp_per_floor":[80,80,80,74,74,74,74,74,74,74,74,74,74,74,74,74,74,74,74,74,74,74,74],"card_choices":[{"not_picked":["Seeing Red","Body Slam"],"picked":"Shrug It Off","floor":1.0},{"not_picked":["Shrug It Off","Sever Soul","Infernal Blade"],"picked":"SKIP","floor":2.0},{"not_picked":["Feel No Pain","Armaments","Battle Trance"],"picked":"SKIP","floor":7.0},{"not_picked":["Thunderclap","Iron Wave","Sentinel"],"picked":"SKIP","floor":8.0},{"not_picked":["Armaments","Perfected Strike","Wild Strike"],"picked":"SKIP","floor":14.0},{"not_picked":["Anger","Combust","Whirlwind+1"],"picked":"SKIP","floor":18.0},{"not_picked":["Flex","Thunderclap+1","Pommel Strike"],"picked":"SKIP","floor":21.0},{"not_picked":["Corruption","Anger","Thunderclap"],"picked":"SKIP","floor":22}],"player_experience":271463,"relics_obtained":[{"floor":9.0,"key":"Tiny Chest"},{"floor":13.0,"key":"Girya"}],"event_choices":[{"damage_healed":0.0,"max_hp_gain":0.0,"max_hp_loss":6.0,"gold_gain":0.0,"event_name":"Golden Idol","player_choice":"Lose Max HP","floor":4.0,"gold_loss":0.0,"damage_taken":0.0,"relics_obtained":["Golden Idol"]},{"damage_healed":0.0,"max_hp_gain":0.0,"max_hp_loss":0.0,"gold_gain":0.0,"event_name":"Accursed Blacksmith","player_choice":"Forge","floor":5.0,"gold_loss":0.0,"damage_taken":0.0,"cards_upgraded":["Bash"]},{"damage_healed":0.0,"max_hp_gain":0.0,"max_hp_loss":0.0,"gold_gain":0.0,"event_name":"The Woman in Blue","player_choice":"Bought 0 Potions","floor":20.0,"gold_loss":0.0,"damage_taken":0.0}],"is_beta":false,"boss_relics":[{"not_picked":["Fusion Hammer","Black Star"],"picked":"Black Blood"}],"items_purged_floors":[3,10,19],"is_endless":false,"potions_floor_spawned":[2,7,14,16,22],"killed_by":"Book of Stabbing","ascension_level":0}