{"gold_per_floor":[369,369,19,34,34,72,72,111,138,51,66,141,141,157,157,256,256,270,290,290,304,83,83,123,123,150,150,175,175,189,229,229,319,319,343,172,505,522,522,522,552,563,636,636,636,13,33,133,133,133,133,133,13,41,41],"floor_reached":56,"playtime":3539,"items_purged":["Strike_R","Strike_R","Strike_R","Strike_R"],"score":1981,"play_id":"06952770-e1f6-41b1-9db7-46a4503de4cf","local_time":"20190525175350","is_ascension_mode":true,"campfire_choices":[{"data":"Inflame","floor":13,"key":"SMITH"},{"data":"Bash","floor":15,"key":"SMITH"},{"data":"Fiend Fire","floor":23,"key":"SMITH"},{"data":"Armaments","floor":25,"key":"SMITH"},{"data":"Limit Break","floor":29,"key":"SMITH"},{"data":"Uppercut","floor":32,"key":"SMITH"},{"floor":40,"key":"RECALL"}],"neow_cost":"TEN_PERCENT_HP_LOSS","seed_source_timestamp":490984561144947,"circlet_count":0,"master_deck":["AscendersBane","Strike_R+1","Defend_R","Defend_R","Defend_R","Defend_R","Bash+1","Shrug It Off","Reaper","Headbutt+1","Twin Strike","Offering+1","Uppercut+1","Inflame+1","Armaments+1","Fiend Fire+1","Corruption","Shrug It Off","Limit Break+1","Shrug It Off","Burning Pact+1","Offering","True Grit","Shrug It Off","True Grit+1","Reaper","Evolve","Finesse"],"relics":["Burning Blood","Anchor","Blood Vial","PreservedInsect","Red Skull","Coffee Dripper","Tiny Chest","Mercury Hourglass","Whetstone","Oddly Smooth Stone","Fusion Hammer","The Courier","Orichalcum","Incense Burner","Frozen Eye","StoneCalendar","Lantern"],"potions_floor_usage":[8,21,31,33,55,55],"damage_taken":[{"damage":7,"enemies":"2 Louse","floor":1,"turns":2},{"damage":1,"enemies":"Small Slimes","floor":4,"turns":5},{"damage":48,"enemies":"Lagavulin","floor":6,"turns":6},{"damage":22,"enemies":"Gremlin Nob","floor":8,"turns":3},{"damage":6,"enemies":"Jaw Worm","floor":11,"turns":3},{"damage":1,"enemies":"3 Louse","floor":14,"turns":3},{"damage":60,"enemies":"Hexaghost","floor":16,"turns":12},{"damage":6,"enemies":"2 Thieves","floor":18,"turns":4},{"damage":6,"enemies":"Chosen","floor":19,"turns":2},{"damage":13,"enemies":"Snecko","floor":21,"turns":3},{"damage":49,"enemies":"Gremlin Leader","floor":24,"turns":10},{"damage":35,"enemies":"Sentry and Sphere","floor":28,"turns":6},{"damage":12,"enemies":"Centurion and Healer","floor":30,"turns":7},{"damage":6,"enemies":"Slavers","floor":31,"turns":2},{"damage":87,"enemies":"Collector","floor":33,"turns":10},{"damage":14,"enemies":"3 Shapes","floor":35,"turns":5},{"damage":12,"enemies":"Orb Walker","floor":38,"turns":3},{"damage":13,"enemies":"Reptomancer","floor":41,"turns":5},{"damage":6,"enemies":"Sphere and 2 Shapes","floor":42,"turns":5},{"damage":12,"enemies":"Maw","floor":47,"turns":10},{"damage":1,"enemies":"Mind Bloom Boss Battle","floor":48,"turns":7},{"damage":49,"enemies":"Donu and Deca","floor":50,"turns":8},{"damage":44,"enemies":"Shield and Spear","floor":54,"turns":8},{"damage":86,"enemies":"The Heart","floor":55,"turns":8}],"seed_played":"5164204645753945384","potions_obtained":[{"floor":4,"key":"Fire Potion"},{"floor":8,"key":"SteroidPotion"},{"floor":11,"key":"GamblersBrew"},{"floor":24,"key":"FearPotion"},{"floor":33,"key":"LiquidBronze"},{"floor":35,"key":"SkillPotion"},{"floor":38,"key":"Ancient Potion"},{"floor":48,"key":"SteroidPotion"}],"is_trial":false,"path_per_floor":["M","?","$","M","?","E","?","E","T","$","M","?","R","M","R","B",null,"M","M","?","M","$","R","E","R","T","?","M","R","M","E","R","B",null,"M","$","?","M","T","R","E","M","T","R","?","$","M","?","R","B",null,"R","$","E","B",null],"character_chosen":"IRONCLAD","items_purchased":["Reaper","Anchor","Headbutt","Inflame","Armaments","Tiny Chest","True Grit","Incense Burner","Frozen Eye","Reaper","Evolve","Finesse"],"campfire_rested":0,"item_purchase_floors":[3,3,3,10,10,22,36,46,46,46,46,46],"current_hp_per_floor":[67,44,44,57,57,21,21,13,13,13,25,14,14,45,45,9,53,67,68,68,61,61,61,44,44,44,44,17,17,52,68,68,17,55,68,68,68,68,68,68,68,68,68,68,65,65,65,65,65,65,65,65,65,65,65],"gold":41,"neow_bonus":"TWO_FIFTY_GOLD","is_prod":false,"is_daily":false,"chose_seed":false,"campfire_upgraded":6,"win_rate":0,"timestamp":1558821230,"path_taken":["M","?","$","M","?","E","?","E","T","?","M","?","R","?","R","BOSS","M","M","?","M","$","R","E","R","T","?","M","R","?","E","R","BOSS","M","$","?","M","?","R","E","?","T","R","?","$","M","?","R","BOSS","R","$","E","BOSS"],"build_version":"2019-01-23","purchased_purges":4,"victory":true,"max_hp_per_floor":[68,68,68,68,68,68,68,68,68,68,68,68,68,68,68,68,68,68,68,68,68,68,68,68,68,68,68,68,68,68,68,68,68,68,68,68,68,68,68,68,68,68,68,68,65,65,65,65,65,65,65,65,65,65,65],"card_choices":[{"not_picked":["Infernal Blade","Burning Pact"],"picked":"Shrug It Off","floor":1},{"not_picked":["Clash","Havoc"],"picked":"Twin Strike","floor":4},{"not_picked":["Flex","Evolve"],"picked":"Offering","floor":6},{"not_picked":["Entrench","Iron Wave"],"picked":"Uppercut","floor":8},{"not_picked":["Warcry","Power Through","Perfected Strike"],"picked":"SKIP","floor":11},{"not_picked":["Thunderclap","Rampage","Twin Strike"],"picked":"SKIP","floor":14},{"not_picked":["Berserk","Brutality"],"picked":"Fiend Fire","floor":16},{"not_picked":["Wild Strike","True Grit","Flex"],"picked":"SKIP","floor":18},{"not_picked":["Headbutt+1","Bloodletting+1"],"picked":"Corruption","floor":19},{"not_picked":["Dual Wield","Pommel Strike"],"picked":"Shrug It Off","floor":21},{"not_picked":["Headbutt","Dual Wield","Corruption"],"picked":"SKIP","floor":24},{"not_picked":["Sword Boomerang","Shockwave"],"picked":"Limit Break","floor":28},{"not_picked":["Iron Wave","Reckless Charge"],"picked":"Shrug It Off","floor":30},{"not_picked":["Searing Blow","Anger"],"picked":"Burning Pact+1","floor":31},{"not_picked":["Fiend Fire","Berserk"],"picked":"Offering","floor":33},{"not_picked":["Havoc","Iron Wave","Perfected Strike"],"picked":"SKIP","floor":35},{"not_picked":["Havoc","Anger","Body Slam"],"picked":"SKIP","floor":38},{"not_picked":["Anger+1","Heavy Blade"],"picked":"Shrug It Off","floor":41},{"not_picked":["Brutality","Perfected Strike+1"],"picked":"True Grit+1","floor":42},{"not_picked":["Heavy Blade","Warcry","Clothesline"],"picked":"SKIP","floor":47},{"not_picked":["Brutality","Pommel Strike","Rampage"],"picked":"SKIP","floor":54}],"player_experience":1333623,"relics_obtained":[{"floor":6,"key":"Blood Vial"},{"floor":8,"key":"PreservedInsect"},{"floor":9,"key":"Red Skull"},{"floor":24,"key":"Mercury Hourglass"},{"floor":26,"key":"Whetstone"},{"floor":31,"key":"Oddly Smooth Stone"},{"floor":39,"key":"The Courier"},{"floor":41,"key":"Orichalcum"},{"floor":48,"key":"StoneCalendar"},{"floor":54,"key":"Lantern"}],"event_choices":[{"damage_healed":0,"gold_gain":0,"player_choice":"Take Damage","damage_taken":23,"relics_obtained":["Golden Idol"],"max_hp_gain":0,"max_hp_loss":0,"event_name":"Golden Idol","floor":2,"gold_loss":0},{"damage_healed":0,"gold_gain":0,"player_choice":"Ignored","damage_taken":0,"max_hp_gain":0,"max_hp_loss":0,"event_name":"Liars Game","floor":5,"gold_loss":0},{"damage_healed":0,"gold_gain":0,"player_choice":"Ignored","damage_taken":0,"max_hp_gain":0,"max_hp_loss":0,"event_name":"Shining Light","floor":7,"gold_loss":0},{"damage_healed":0,"gold_gain":75,"player_choice":"Gather Gold","damage_taken":11,"max_hp_gain":0,"max_hp_loss":0,"event_name":"World of Goop","floor":12,"gold_loss":0},{"damage_healed":0,"gold_gain":0,"player_choice":"Ignored","damage_taken":0,"max_hp_gain":0,"max_hp_loss":0,"event_name":"Ghosts","floor":20,"gold_loss":0},{"damage_healed":0,"gold_gain":0,"player_choice":"Upgraded","damage_taken":0,"max_hp_gain":0,"max_hp_loss":0,"event_name":"Upgrade Shrine","floor":27,"gold_loss":0,"cards_upgraded":["Offering"]},{"damage_healed":0,"gold_gain":333,"player_choice":"Gave Idol","damage_taken":0,"max_hp_gain":0,"max_hp_loss":0,"event_name":"The Moai Head","floor":37,"relics_lost":["Golden Idol"],"gold_loss":0},{"damage_healed":0,"gold_gain":0,"player_choice":"Max HP","damage_taken":0,"max_hp_gain":0,"max_hp_loss":3,"event_name":"Winding Halls","floor":45,"gold_loss":0},{"damage_healed":0,"gold_gain":0,"player_choice":"Fight","damage_taken":0,"max_hp_gain":0,"max_hp_loss":0,"event_name":"MindBloom","floor":48,"gold_loss":0}],"is_beta":false,"boss_relics":[{"not_picked":["Tiny House","Philosopher\u0027s Stone"],"picked":"Coffee Dripper"},{"not_picked":["Busted Crown","Black Star"],"picked":"Fusion Hammer"}],"items_purged_floors":[3,22,36,53],"is_endless":false,"potions_floor_spawned":[4,8,11,16,19,24,28,33,35,38,48],"ascension_level":15}