{"gold_per_floor":[111,111,111,36,36,36,67,67,67,98,117,131,206,225,225,320,320,333,32,39,63,79,79,79],"floor_reached":24,"playtime":1381,"items_purged":["Regret","Strike_G"],"score":512,"play_id":"6516a6ac-4c25-4969-a1dc-a72fdb55a57c","local_time":"20190506192403","is_ascension_mode":true,"campfire_choices":[{"data":"Survivor","floor":6.0,"key":"SMITH"},{"data":"Crippling Poison","floor":8.0,"key":"SMITH"},{"data":"Footwork","floor":15.0,"key":"SMITH"},{"floor":23,"key":"REST"}],"neow_cost":"NONE","seed_source_timestamp":177424978324095,"circlet_count":0,"master_deck":["AscendersBane","Defend_G","Defend_G","Defend_G","Defend_G","Defend_G","Strike_G","Strike_G","Strike_G","Strike_G","Survivor+1","Neutralize+1","Crippling Poison+1","Injury","Backstab","Malaise","Footwork+1","Quick Slash","Backstab","Glass Knife","Backflip","Bandage Up","Endless Agony","Deflect","Cloak And Dagger","Blur","Terror"],"special_seed":0,"relics":["Ring of the Serpent","NeowsBlessing","Lantern","Golden Idol","Ginger","Paper Crane","Sundial"],"potions_floor_usage":[22],"damage_taken":[{"damage":0.0,"enemies":"2 Louse","floor":1.0,"turns":1.0},{"damage":0.0,"enemies":"Gremlin Nob","floor":7.0,"turns":1.0},{"damage":0.0,"enemies":"Lagavulin","floor":10.0,"turns":1.0},{"damage":0.0,"enemies":"Small Slimes","floor":11.0,"turns":4.0},{"damage":0.0,"enemies":"Jaw Worm","floor":12.0,"turns":5.0},{"damage":2.0,"enemies":"3 Louse","floor":14.0,"turns":4.0},{"damage":9.0,"enemies":"The Guardian","floor":16.0,"turns":18.0},{"damage":11.0,"enemies":"Chosen","floor":18.0,"turns":7.0},{"damage":12.0,"enemies":"2 Thieves","floor":20.0,"turns":5.0},{"damage":23,"enemies":"Snecko","floor":21,"turns":8},{"damage":9,"enemies":"Snake Plant","floor":22,"turns":7},{"damage":35,"enemies":"Slavers","floor":24,"turns":2}],"seed_played":"7130429176605235516","potions_obtained":[{"floor":1.0,"key":"FearPotion"},{"floor":10.0,"key":"FearPotion"},{"floor":11.0,"key":"PowerPotion"},{"floor":21,"key":"Weak Potion"}],"is_trial":false,"path_per_floor":["M","?","?","$","?","R","E","R","T","E","M","M","?","M","R","B",null,"M","$","M","M","M","R","E"],"character_chosen":"THE_SILENT","items_purchased":["Bandage Up","Endless Agony","Deflect"],"campfire_rested":1,"item_purchase_floors":[19,19,19],"current_hp_per_floor":[59,59,59,59,59,59,59,59,59,59,59,59,48,46,46,37,59,48,48,40,17,12,31,0],"gold":79,"neow_bonus":"THREE_ENEMY_KILL","is_prod":false,"is_daily":false,"chose_seed":false,"campfire_upgraded":3,"win_rate":0,"timestamp":1557185043,"path_taken":["M","?","?","$","?","R","E","R","T","E","M","M","?","M","R","BOSS","M","$","M","M","M","R","E"],"build_version":"2019-01-23","purchased_purges":2,"victory":false,"max_hp_per_floor":[66,66,66,66,66,66,66,66,66,66,66,66,66,66,66,66,66,66,66,66,66,66,66,66],"card_choices":[{"not_picked":["Outmaneuver","Dodge and Roll"],"picked":"Crippling Poison","floor":1.0},{"not_picked":["Acrobatics","Skewer"],"picked":"Backstab","floor":7.0},{"not_picked":["Outmaneuver","Blade Dance"],"picked":"Malaise","floor":10.0},{"not_picked":["Flying Knee","Dagger Throw"],"picked":"Footwork","floor":11.0},{"not_picked":["Eviscerate","Setup"],"picked":"Quick Slash","floor":12.0},{"not_picked":["Poisoned Stab","Blade Dance"],"picked":"Backstab","floor":14.0},{"not_picked":["Grand Finale","Bullet Time"],"picked":"Glass Knife","floor":16.0},{"not_picked":["Underhanded Strike","Dagger Spray"],"picked":"Backflip","floor":18.0},{"not_picked":["Backstab","Dagger Throw"],"picked":"Cloak And Dagger","floor":20.0},{"not_picked":["Catalyst","Blade Dance"],"picked":"Blur","floor":21},{"not_picked":["Poisoned Stab","All Out Attack"],"picked":"Terror","floor":22}],"player_experience":383944,"relics_obtained":[{"floor":7.0,"key":"Ginger"},{"floor":9.0,"key":"Paper Crane"},{"floor":10.0,"key":"Sundial"}],"event_choices":[{"damage_healed":0.0,"max_hp_gain":0.0,"max_hp_loss":0.0,"gold_gain":0.0,"event_name":"Living Wall","player_choice":"Grow","floor":2.0,"gold_loss":0.0,"damage_taken":0.0,"cards_upgraded":["Neutralize"]},{"damage_healed":0.0,"max_hp_gain":0.0,"max_hp_loss":0.0,"gold_gain":0.0,"event_name":"Big Fish","player_choice":"Box","floor":3.0,"gold_loss":0.0,"damage_taken":0.0,"relics_obtained":["Lantern"],"cards_obtained":["Regret"]},{"damage_healed":0.0,"max_hp_gain":0.0,"max_hp_loss":0.0,"gold_gain":0.0,"event_name":"Golden Idol","player_choice":"Take Wound","floor":5.0,"gold_loss":0.0,"damage_taken":0.0,"relics_obtained":["Golden Idol"],"cards_obtained":["Injury"]},{"damage_healed":0.0,"max_hp_gain":0.0,"max_hp_loss":0.0,"gold_gain":75.0,"event_name":"World of Goop","player_choice":"Gather Gold","floor":13.0,"gold_loss":0.0,"damage_taken":11.0}],"is_beta":false,"boss_relics":[{"not_picked":["Coffee Dripper","Snecko Eye"],"picked":"Ring of the Serpent"}],"items_purged_floors":[4,19],"is_endless":false,"potions_floor_spawned":[1,10,11,14,21],"killed_by":"Slavers","ascension_level":20}