{"gold_per_floor":[219,236,34,45,45,45,56,66,66,94,22,22,36,70,70,167,167,187,205,205,205,205],"floor_reached":22,"playtime":1128,"items_purged":[],"score":221,"play_id":"ed3d0031-7e8f-4ba7-8099-9cd2ed8a6ed0","local_time":"20190516214428","is_ascension_mode":false,"campfire_choices":[{"data":"Zap","floor":6.0,"key":"SMITH"},{"data":"Static Discharge","floor":12.0,"key":"SMITH"},{"data":"Consume","floor":15.0,"key":"SMITH"}],"neow_cost":"NONE","seed_source_timestamp":197900606255508,"circlet_count":0,"master_deck":["Strike_B+1","Strike_B+1","Strike_B","Strike_B","Defend_B","Defend_B","Defend_B","Defend_B","Zap+1","Dualcast","Compile Driver","Glacier","Coolheaded","Static Discharge+1","Defragment","Consume+1","Echo Form","Genetic Algorithm","Ball Lightning+1","RitualDagger"],"special_seed":0,"relics":["Cracked Core","Runic Capacitor","Calipers","Mummified Hand","Ginger","Inserter"],"potions_floor_usage":[22],"damage_taken":[{"damage":1.0,"enemies":"Cultist","floor":1.0,"turns":3.0},{"damage":0.0,"enemies":"Small Slimes","floor":2.0,"turns":2.0},{"damage":3.0,"enemies":"Jaw Worm","floor":4.0,"turns":4.0},{"damage":0.0,"enemies":"2 Fungi Beasts","floor":7.0,"turns":3.0},{"damage":0.0,"enemies":"Exordium Wildlife","floor":8.0,"turns":5.0},{"damage":1.0,"enemies":"Gremlin Nob","floor":10.0,"turns":3.0},{"damage":4.0,"enemies":"Lots of Slimes","floor":13.0,"turns":4.0},{"damage":0.0,"enemies":"Lagavulin","floor":14.0,"turns":8.0},{"damage":10.0,"enemies":"Hexaghost","floor":16.0,"turns":6.0},{"damage":5.0,"enemies":"Spheric Guardian","floor":18.0,"turns":18.0},{"damage":20.0,"enemies":"2 Thieves","floor":19.0,"turns":3.0},{"damage":25.0,"enemies":"Colosseum Slavers","floor":20.0,"turns":6.0},{"damage":8,"enemies":"Shelled Parasite and Fungi","floor":22,"turns":2}],"seed_played":"-5469969441961582560","potions_obtained":[{"floor":2.0,"key":"AttackPotion"},{"floor":8.0,"key":"SkillPotion"},{"floor":18.0,"key":"Dexterity Potion"}],"is_trial":false,"path_per_floor":["M","M","$","M","?","R","M","M","T","E","$","R","M","E","R","B",null,"M","M","?","?","M"],"character_chosen":"DEFECT","items_purchased":["Runic Capacitor","Static Discharge"],"campfire_rested":0,"item_purchase_floors":[3,11],"current_hp_per_floor":[74,74,74,71,56,56,56,56,56,55,55,55,51,51,51,41,75,70,50,25,19,11],"gold":205,"neow_bonus":"HUNDRED_GOLD","is_prod":false,"is_daily":false,"chose_seed":false,"campfire_upgraded":3,"win_rate":0,"timestamp":1558057468,"path_taken":["M","M","?","?","?","R","M","M","T","E","$","R","M","E","R","BOSS","M","M","?","?","M"],"build_version":"2019-01-23","purchased_purges":0,"victory":false,"max_hp_per_floor":[75,75,75,75,75,75,75,75,75,75,75,75,75,75,75,75,75,75,75,75,75,75],"card_choices":[{"not_picked":["Go for the Eyes","Conserve Battery"],"picked":"Compile Driver","floor":1.0},{"not_picked":["Cold Snap","Gash"],"picked":"Glacier","floor":2.0},{"not_picked":["Conserve Battery","Stack","Skim"],"picked":"SKIP","floor":4.0},{"not_picked":["Leap","Steam","Rebound"],"picked":"SKIP","floor":7.0},{"not_picked":["Leap","Chaos","Skim"],"picked":"SKIP","floor":8.0},{"not_picked":["Hologram","Reprogram"],"picked":"Coolheaded","floor":10.0},{"not_picked":["Conserve Battery","Stack"],"picked":"Defragment","floor":13.0},{"not_picked":["Leap","Buffer"],"picked":"Consume","floor":14.0},{"not_picked":["Biased Cognition","Hyperbeam"],"picked":"Echo Form","floor":16.0},{"not_picked":["Stack","Coolheaded"],"picked":"Genetic Algorithm","floor":18.0},{"not_picked":["Self Repair","Coolheaded"],"picked":"Ball Lightning+1","floor":19.0}],"player_experience":687120,"relics_obtained":[{"floor":9.0,"key":"Calipers"},{"floor":10.0,"key":"Mummified Hand"},{"floor":14.0,"key":"Ginger"}],"event_choices":[{"damage_healed":0.0,"max_hp_gain":0.0,"max_hp_loss":0.0,"gold_gain":0.0,"event_name":"Shining Light","player_choice":"Entered Light","floor":5.0,"gold_loss":0.0,"damage_taken":15.0,"cards_upgraded":["Strike_B","Strike_B"]},{"damage_healed":0.0,"max_hp_gain":0.0,"max_hp_loss":0.0,"gold_gain":0.0,"event_name":"Colosseum","player_choice":"Fight","floor":20.0,"gold_loss":0.0,"damage_taken":0.0},{"damage_healed":0.0,"max_hp_gain":0.0,"max_hp_loss":0.0,"gold_gain":0.0,"event_name":"Colosseum","player_choice":"Fled From Nobs","floor":20.0,"gold_loss":0.0,"damage_taken":0.0},{"damage_healed":0.0,"max_hp_gain":0.0,"max_hp_loss":0.0,"gold_gain":0.0,"event_name":"Nest","player_choice":"Joined the Cult","floor":21.0,"gold_loss":0.0,"damage_taken":6.0,"cards_obtained":["RitualDagger"]}],"is_beta":false,"boss_relics":[{"not_picked":["Empty Cage","Astrolabe"],"picked":"Inserter"}],"items_purged_floors":[],"is_endless":false,"potions_floor_spawned":[2,8,18,20],"killed_by":"Shelled Parasite and Fungi","ascension_level":0}