{"gold_per_floor":[110,127,141,141,164,164,185,185,185,216,232,271,291,7,7,132,132,147,272,197,112,127,127,152,192,192,207,223,223],"floor_reached":29,"playtime":4951,"items_purged":[],"score":259,"play_id":"fb94c1f6-2d62-4093-9ec5-d5d0fac425c4","local_time":"20190407131126","is_ascension_mode":false,"campfire_choices":[{"data":"Clothesline","floor":6.0,"key":"SMITH"},{"data":"Shrug It Off","floor":8.0,"key":"SMITH"},{"floor":15.0,"key":"REST"},{"floor":23,"key":"REST"}],"neow_cost":"","seed_source_timestamp":0,"circlet_count":0,"master_deck":["Strike_R","Strike_R","Strike_R","Strike_R","Strike_R","Defend_R","Defend_R","Defend_R","Bash","Clothesline+1","Dropkick","Shrug It Off+1","Perfected Strike","Shrug It Off","Demon Form","Perfected Strike","Armaments","Thunderclap","Double Tap","Metallicize","Swift Strike","Bludgeon","Pommel Strike+1","Inflame","Flame Barrier","Sword Boomerang+1","Ghostly Armor+1","Whirlwind","Entrench"],"special_seed":0,"relics":["Burning Blood","Golden Idol","Mummified Hand","Juzu Bracelet","Unceasing Top","Velvet Choker","Champion Belt","Pantograph","Letter Opener","Bottled Flame","Vajra"],"potions_floor_usage":[19],"damage_taken":[{"damage":8.0,"enemies":"Cultist","floor":1.0,"turns":6.0},{"damage":8.0,"enemies":"Jaw Worm","floor":2.0,"turns":4.0},{"damage":1.0,"enemies":"2 Louse","floor":3.0,"turns":3.0},{"damage":3.0,"enemies":"2 Fungi Beasts","floor":5.0,"turns":4.0},{"damage":10.0,"enemies":"Looter","floor":7.0,"turns":2.0},{"damage":18.0,"enemies":"Lagavulin","floor":10.0,"turns":8.0},{"damage":14.0,"enemies":"Exordium Wildlife","floor":11.0,"turns":4.0},{"damage":18.0,"enemies":"3 Sentries","floor":12.0,"turns":7.0},{"damage":11.0,"enemies":"Blue Slaver","floor":13.0,"turns":4.0},{"damage":20.0,"enemies":"The Guardian","floor":16.0,"turns":15.0},{"damage":23.0,"enemies":"2 Thieves","floor":18.0,"turns":4.0},{"damage":14,"enemies":"Colosseum Slavers","floor":19,"turns":7},{"damage":26,"enemies":"Colosseum Nobs","floor":19,"turns":5},{"damage":4,"enemies":"3 Byrds","floor":22,"turns":5},{"damage":11,"enemies":"3 Cultists","floor":24,"turns":5},{"damage":43,"enemies":"Slavers","floor":25,"turns":6},{"damage":9,"enemies":"Centurion and Healer","floor":27,"turns":5},{"damage":13,"enemies":"Shelled Parasite and Fungi","floor":28,"turns":5},{"damage":9,"enemies":"Snake Plant","floor":29,"turns":2}],"seed_played":"7855205685189708509","potions_obtained":[{"floor":1.0,"key":"SkillPotion"},{"floor":2.0,"key":"EssenceOfSteel"},{"floor":5.0,"key":"SkillPotion"},{"floor":16.0,"key":"Poison Potion"},{"floor":19,"key":"Explosive Potion"},{"floor":27,"key":"SteroidPotion"},{"floor":28,"key":"EssenceOfSteel"}],"is_trial":false,"path_per_floor":["M","M","M","?","M","R","M","R","T","E","M","E","M","$","R","B",null,"M","?","?","?","M","R","M","E","T","M","M","M"],"character_chosen":"IRONCLAD","items_purchased":["Double Tap","Metallicize","Swift Strike"],"campfire_rested":2,"item_purchase_floors":[14,14,14],"current_hp_per_floor":[78,76,80,60,63,63,59,59,59,47,39,27,22,22,46,32,80,63,35,35,35,37,61,56,19,19,16,9,0],"gold":223,"neow_bonus":"","is_prod":false,"is_daily":false,"chose_seed":false,"campfire_upgraded":2,"win_rate":0.0,"timestamp":1554657086,"path_taken":["M","?","?","?","M","R","M","R","T","E","M","E","M","$","R","BOSS","M","?","?","?","M","R","M","E","T","M","M","M"],"build_version":"2019-01-23","purchased_purges":0,"victory":false,"max_hp_per_floor":[80,80,80,80,80,80,80,80,80,80,80,80,80,80,80,80,80,80,80,80,80,80,80,80,80,80,80,80,80],"card_choices":[{"not_picked":["Blood for Blood","Flex"],"picked":"Clothesline","floor":1.0},{"not_picked":["Carnage","Cleave"],"picked":"Dropkick","floor":2.0},{"not_picked":["Reckless Charge","Flex"],"picked":"Shrug It Off","floor":3.0},{"not_picked":["Shrug It Off","Shockwave"],"picked":"Perfected Strike","floor":5.0},{"not_picked":["Warcry","Disarm"],"picked":"Shrug It Off","floor":7.0},{"not_picked":["Pommel Strike","Clash"],"picked":"Demon Form","floor":10.0},{"not_picked":["True Grit","Shrug It Off"],"picked":"Perfected Strike","floor":11.0},{"not_picked":["Sword Boomerang","Flex"],"picked":"Armaments","floor":12.0},{"not_picked":["Seeing Red","Second Wind"],"picked":"Thunderclap","floor":13.0},{"not_picked":["Reaper","Offering"],"picked":"Bludgeon","floor":16.0},{"not_picked":["Thunderclap","Flex"],"picked":"Pommel Strike+1","floor":18.0},{"not_picked":["Pummel","Warcry+1"],"picked":"Inflame","floor":19},{"not_picked":["Reckless Charge+1","Blood for Blood"],"picked":"Flame Barrier","floor":22},{"not_picked":["Pummel","Metallicize"],"picked":"Sword Boomerang+1","floor":24},{"not_picked":["Warcry","Headbutt"],"picked":"Ghostly Armor+1","floor":25},{"not_picked":["Demon Form","Shrug It Off"],"picked":"Whirlwind","floor":27},{"not_picked":["Feel No Pain","Cleave"],"picked":"Entrench","floor":28}],"player_experience":0,"relics_obtained":[{"floor":9.0,"key":"Mummified Hand"},{"floor":10.0,"key":"Juzu Bracelet"},{"floor":12.0,"key":"Unceasing Top"},{"floor":19,"key":"Champion Belt"},{"floor":19,"key":"Pantograph"},{"floor":25,"key":"Bottled Flame"},{"floor":26,"key":"Vajra"}],"event_choices":[{"damage_healed":0.0,"max_hp_gain":0.0,"max_hp_loss":0.0,"gold_gain":0.0,"event_name":"Golden Idol","player_choice":"Take Damage","floor":4.0,"gold_loss":0.0,"damage_taken":20.0,"relics_obtained":["Golden Idol"]},{"damage_healed":0,"gold_gain":0,"player_choice":"Fight","damage_taken":0,"max_hp_gain":0,"max_hp_loss":0,"event_name":"Colosseum","floor":19,"gold_loss":0},{"damage_healed":0,"gold_gain":0,"player_choice":"Fought Nobs","damage_taken":0,"max_hp_gain":0,"max_hp_loss":0,"event_name":"Colosseum","floor":19,"gold_loss":0},{"cards_removed":["Defend_R"],"damage_healed":0,"gold_gain":0,"player_choice":"Gave Gold","damage_taken":0,"max_hp_gain":0,"max_hp_loss":0,"event_name":"Beggar","floor":20,"gold_loss":75},{"damage_healed":0,"gold_gain":0,"player_choice":"Obtained Relic","damage_taken":0,"relics_obtained":["Letter Opener"],"max_hp_gain":0,"max_hp_loss":0,"event_name":"Addict","floor":21,"gold_loss":85}],"is_beta":false,"boss_relics":[{"not_picked":["Orrery","Black Blood"],"picked":"Velvet Choker"}],"items_purged_floors":[],"is_endless":false,"potions_floor_spawned":[1,2,5,16,19,19,27,28],"killed_by":"Snake Plant","ascension_level":0}