{"gold_per_floor":[19,34,50,125,125,125,125,158,158,192,212,212,224,399,399,494,494,507,520,128,128,142,142,176,26,50,82,96,96,115,145,145,242,242,257,257,273,319,334,334,346,346,370,770,273,287,8,18,18,18],"floor_reached":51,"playtime":5037,"items_purged":["Strike_B","Strike_B","Strike_B"],"score":1186,"play_id":"217176d0-81ed-4656-9736-0e51daf8d87f","local_time":"20190513155843","is_ascension_mode":true,"campfire_choices":[{"data":"Zap","floor":6.0,"key":"SMITH"},{"data":"Consume","floor":7.0,"key":"SMITH"},{"floor":12.0,"key":"REST"},{"data":"Doubt","floor":15.0,"key":"PURGE"},{"data":"Buffer","floor":23.0,"key":"SMITH"},{"floor":29.0,"key":"REST"},{"data":"Fission","floor":32.0,"key":"SMITH"},{"data":"Hologram","floor":40.0,"key":"SMITH"},{"data":"Loop","floor":42.0,"key":"SMITH"},{"data":"Echo Form","floor":49.0,"key":"SMITH"}],"neow_cost":"NO_GOLD","seed_source_timestamp":766211763043762,"circlet_count":0,"master_deck":["AscendersBane","Defend_B","Defend_B","Defend_B","Zap+1","Dualcast+1","Conserve Battery","Hologram+1","Consume+1","Cold Snap","Buffer+1","Double Energy+1","Coolheaded","Electrodynamics","FTL","Ball Lightning","Loop+1","Glacier","Force Field+1","Doom and Gloom","Conserve Battery+1","Capacitor","Fission+1","Echo Form+1","Go for the Eyes+1","Reinforced Body","Cold Snap+1","Recycle+1","Chaos+1","Loop","Reinforced Body+1","Defragment","Stack","Hologram","Flash of Steel","Chrysalis","Capacitor+1"],"special_seed":0,"relics":["Cracked Core","WingedGreaves","Blood Vial","Peace Pipe","Bottled Lightning","Sozu","Cables","Pantograph","Singing Bowl","Strawberry","Omamori","Blue Candle","Oddly Smooth Stone","Inserter","Mango","Orichalcum","Old Coin","Membership Card","War Paint","Bottled Flame"],"potions_floor_usage":[],"damage_taken":[{"damage":4.0,"enemies":"Jaw Worm","floor":1.0,"turns":4.0},{"damage":0.0,"enemies":"Small Slimes","floor":2.0,"turns":3.0},{"damage":0.0,"enemies":"2 Louse","floor":3.0,"turns":3.0},{"damage":25.0,"enemies":"3 Sentries","floor":8.0,"turns":7.0},{"damage":11.0,"enemies":"Gremlin Nob","floor":10.0,"turns":3.0},{"damage":0.0,"enemies":"Large Slime","floor":11.0,"turns":7.0},{"damage":1.0,"enemies":"Blue Slaver","floor":13.0,"turns":4.0},{"damage":19.0,"enemies":"The Guardian","floor":16.0,"turns":16.0},{"damage":1.0,"enemies":"3 Byrds","floor":18.0,"turns":2.0},{"damage":0.0,"enemies":"Chosen","floor":19.0,"turns":5.0},{"damage":11.0,"enemies":"Sentry and Sphere","floor":22.0,"turns":4.0},{"damage":20.0,"enemies":"Slavers","floor":24.0,"turns":4.0},{"damage":14.0,"enemies":"Gremlin Leader","floor":27.0,"turns":6.0},{"damage":0.0,"enemies":"Snecko","floor":28.0,"turns":6.0},{"damage":15.0,"enemies":"Shelled Parasite and Fungi","floor":30.0,"turns":6.0},{"damage":0.0,"enemies":"Book of Stabbing","floor":31.0,"turns":7.0},{"damage":6.0,"enemies":"Champ","floor":33.0,"turns":11.0},{"damage":11.0,"enemies":"3 Darklings","floor":35.0,"turns":3.0},{"damage":0.0,"enemies":"Orb Walker","floor":37.0,"turns":5.0},{"damage":12.0,"enemies":"2 Orb Walkers","floor":38.0,"turns":5.0},{"damage":0.0,"enemies":"Transient","floor":39.0,"turns":5.0},{"damage":22.0,"enemies":"3 Darklings","floor":41.0,"turns":2.0},{"damage":0.0,"enemies":"Mind Bloom Boss Battle","floor":44.0,"turns":5.0},{"damage":7.0,"enemies":"4 Shapes","floor":46.0,"turns":12.0},{"damage":0.0,"enemies":"Jaw Worm Horde","floor":48.0,"turns":5.0},{"damage":56,"enemies":"Time Eater","floor":50,"turns":15}],"seed_played":"-4578423712905062168","potions_obtained":[{"floor":8.0,"key":"AttackPotion"},{"floor":11.0,"key":"Strength Potion"},{"floor":13.0,"key":"Strength Potion"},{"floor":16.0,"key":"Explosive Potion"}],"is_trial":false,"path_per_floor":["M","M","M","?","?","R","R","E","T","E","M","R","M","?","R","B",null,"M","M","$","?","M","R","E","$","T","E","M","R","M","E","R","B",null,"M","?","M","?","M","R","M","R","T","?","$","M","$","M","R","B",null],"character_chosen":"DEFECT","items_purchased":["Cables","Loop","Strawberry","Membership Card","War Paint","Loop","Bottled Flame","Defragment","Stack","Hologram","Flash of Steel","Chrysalis"],"campfire_rested":2,"item_purchase_floors":[20,20,25,45,45,45,45,47,47,47,47,47],"current_hp_per_floor":[64,64,64,53,50,50,50,25,25,16,18,40,41,41,41,24,62,63,65,65,65,56,56,38,45,45,33,35,59,46,48,48,69,79,72,72,74,78,80,80,60,60,60,87,87,82,82,84,84,42],"gold":18,"neow_bonus":"REMOVE_TWO","is_prod":false,"is_daily":false,"chose_seed":false,"campfire_upgraded":7,"win_rate":0,"timestamp":1557777523,"path_taken":["M","M","M","?","?","R","R","E","T","E","M","R","M","?","R","BOSS","M","M","$","?","M","R","E","$","T","E","M","R","M","E","R","BOSS","M","?","M","?","M","R","M","R","T","?","?","M","$","?","R","BOSS"],"build_version":"2019-01-23","purchased_purges":3,"victory":true,"max_hp_per_floor":[75,75,75,75,75,75,75,75,75,75,75,75,75,75,75,75,75,75,75,75,75,75,75,75,82,82,82,82,82,82,82,82,82,82,84,84,84,98,98,98,98,98,98,98,98,98,98,98,98,98],"card_choices":[{"not_picked":["Redo","Stack"],"picked":"Conserve Battery","floor":1.0},{"not_picked":["White Noise","Steam"],"picked":"Hologram","floor":2.0},{"not_picked":["Chaos","Gash"],"picked":"Consume","floor":3.0},{"not_picked":["Gash","Stack"],"picked":"Cold Snap","floor":8.0},{"not_picked":["Auto Shields","Go for the Eyes"],"picked":"Buffer","floor":10.0},{"not_picked":["Lockon","Scrape"],"picked":"Double Energy","floor":11.0},{"not_picked":["Beam Cell","Conserve Battery"],"picked":"Coolheaded","floor":13.0},{"not_picked":["Hyperbeam","Seek"],"picked":"Electrodynamics","floor":16.0},{"not_picked":["Compile Driver","Coolheaded"],"picked":"FTL","floor":18.0},{"not_picked":["Turbo","Tempest"],"picked":"Ball Lightning","floor":19.0},{"not_picked":["Turbo+1","Steam"],"picked":"Glacier","floor":22.0},{"not_picked":["Consume","Fusion"],"picked":"Force Field+1","floor":24.0},{"not_picked":["Conserve Battery","Steam"],"picked":"Doom and Gloom","floor":27.0},{"not_picked":["Cold Snap","Stack"],"picked":"Conserve Battery+1","floor":28.0},{"not_picked":["Chaos","Defragment"],"picked":"Capacitor","floor":30.0},{"not_picked":["Streamline","Hello World"],"picked":"Fission","floor":31.0},{"not_picked":["Thunder Strike","Rainbow"],"picked":"Echo Form","floor":33.0},{"not_picked":["Melter+1","Conserve Battery+1","Darkness"],"picked":"Singing Bowl","floor":35.0},{"not_picked":["Blizzard","Leap+1"],"picked":"Go for the Eyes+1","floor":37.0},{"not_picked":["Turbo","Redo"],"picked":"Reinforced Body","floor":38.0},{"not_picked":["Hologram","Hello World"],"picked":"Cold Snap+1","floor":39.0},{"not_picked":["Rip and Tear+1","Reboot"],"picked":"Recycle+1","floor":41.0},{"not_picked":["Ball Lightning","Steam"],"picked":"Chaos+1","floor":44.0},{"not_picked":["FTL+1","Darkness"],"picked":"Reinforced Body+1","floor":46.0},{"not_picked":["Steam+1","Gash+1"],"picked":"Capacitor+1","floor":48.0}],"player_experience":583554,"relics_obtained":[{"floor":8.0,"key":"Blood Vial"},{"floor":9.0,"key":"Peace Pipe"},{"floor":10.0,"key":"Bottled Lightning"},{"floor":24.0,"key":"Singing Bowl"},{"floor":26.0,"key":"Omamori"},{"floor":27.0,"key":"Blue Candle"},{"floor":31.0,"key":"Oddly Smooth Stone"},{"floor":38.0,"key":"Mango"},{"floor":43.0,"key":"Orichalcum"},{"floor":44.0,"key":"Old Coin"}],"event_choices":[{"damage_healed":0.0,"max_hp_gain":0.0,"max_hp_loss":0.0,"gold_gain":75.0,"event_name":"World of Goop","player_choice":"Gather Gold","floor":4.0,"gold_loss":0.0,"damage_taken":11.0},{"damage_healed":0.0,"max_hp_gain":0.0,"max_hp_loss":0.0,"gold_gain":0.0,"event_name":"Scrap Ooze","player_choice":"Success","floor":5.0,"gold_loss":0.0,"damage_taken":3.0,"relics_obtained":["WingedGreaves"]},{"damage_healed":0.0,"max_hp_gain":0.0,"max_hp_loss":0.0,"gold_gain":175.0,"event_name":"Liars Game","player_choice":"AGREE","floor":14.0,"gold_loss":0.0,"damage_taken":0.0,"cards_obtained":["Doubt"]},{"damage_healed":0.0,"max_hp_gain":0.0,"max_hp_loss":0.0,"gold_gain":0.0,"event_name":"The Mausoleum","player_choice":"Opened","floor":21.0,"gold_loss":0.0,"damage_taken":0.0,"relics_obtained":["Pantograph"]},{"damage_healed":0.0,"max_hp_gain":0.0,"max_hp_loss":0.0,"gold_gain":0.0,"event_name":"Tomb of Lord Red Mask","player_choice":"Ignored","floor":36.0,"gold_loss":0.0,"damage_taken":0.0},{"damage_healed":0.0,"max_hp_gain":0.0,"max_hp_loss":0.0,"gold_gain":0.0,"event_name":"Mysterious Sphere","player_choice":"Fight","floor":38.0,"gold_loss":0.0,"damage_taken":0.0},{"damage_healed":0.0,"max_hp_gain":0.0,"max_hp_loss":0.0,"gold_gain":0.0,"event_name":"MindBloom","player_choice":"Fight","floor":44.0,"gold_loss":0.0,"damage_taken":0.0}],"is_beta":false,"boss_relics":[{"not_picked":["Nuclear Battery","Empty Cage"],"picked":"Sozu"},{"not_picked":["Fusion Hammer","Philosopher\u0027s Stone"],"picked":"Inserter"}],"items_purged_floors":[20,45,47],"is_endless":false,"potions_floor_spawned":[8,11,13,16,18,22,24,28,33,35,41,44],"ascension_level":11}