{"gold_per_floor":[367,517,414,432,450,450,450,484,566,566,196,196,196,215,215,306,306,327,327,341,341],"floor_reached":21,"playtime":863,"items_purged":["Doubt","Injury"],"score":354,"play_id":"78f2ae30-2cc7-419d-9084-36a05bba55c1","local_time":"20190522221851","is_ascension_mode":true,"campfire_choices":[{"data":"Sweeping Beam","floor":7.0,"key":"SMITH"},{"data":"Zap","floor":10.0,"key":"SMITH"},{"data":"Rebound","floor":15.0,"key":"SMITH"}],"neow_cost":"TEN_PERCENT_HP_LOSS","seed_source_timestamp":189541335721652,"circlet_count":0,"master_deck":["AscendersBane","Strike_B","Strike_B","Strike_B","Strike_B","Defend_B","Defend_B","Defend_B","Defend_B","Zap+1","Dualcast","Defragment","Sweeping Beam+1","Genetic Algorithm","Rebound+1","FTL","Buffer","Coolheaded"],"special_seed":0,"relics":["Cracked Core","Golden Idol","Oddly Smooth Stone","Sundial","Meat on the Bone","Matryoshka","Black Star"],"potions_floor_usage":[16],"damage_taken":[{"damage":0.0,"enemies":"2 Louse","floor":1.0,"turns":3.0},{"damage":4.0,"enemies":"Small Slimes","floor":4.0,"turns":4.0},{"damage":1.0,"enemies":"Cultist","floor":5.0,"turns":3.0},{"damage":30.0,"enemies":"Lagavulin","floor":8.0,"turns":7.0},{"damage":0.0,"enemies":"2 Fungi Beasts","floor":14.0,"turns":2.0},{"damage":26,"enemies":"The Guardian","floor":16,"turns":12},{"damage":18,"enemies":"Spheric Guardian","floor":18,"turns":5},{"damage":41,"enemies":"Shell Parasite","floor":20,"turns":7},{"damage":16,"enemies":"Snake Plant","floor":21,"turns":2}],"seed_played":"-5610337762463189381","potions_obtained":[{"floor":14.0,"key":"EssenceOfSteel"},{"floor":19,"key":"Ancient Potion"},{"floor":19,"key":"EssenceOfSteel"}],"is_trial":false,"path_per_floor":["M","?","$","M","M","?","R","E","T","R","$","?","T","M","R","B",null,"M","?","M","M"],"character_chosen":"DEFECT","items_purchased":["Sweeping Beam","Meat on the Bone"],"campfire_rested":0,"item_purchase_floors":[3,11],"current_hp_per_floor":[64,64,64,60,59,59,59,29,29,29,29,34,34,46,46,32,60,42,42,13,0],"gold":341,"neow_bonus":"TWO_FIFTY_GOLD","is_prod":false,"is_daily":false,"chose_seed":false,"campfire_upgraded":3,"win_rate":0,"timestamp":1558577931,"path_taken":["M","?","$","M","M","?","R","E","T","R","$","?","?","M","R","BOSS","M","?","?","M"],"build_version":"2019-01-23","purchased_purges":2,"victory":false,"max_hp_per_floor":[64,64,64,64,64,64,64,64,64,64,64,69,69,69,69,69,69,69,69,69,69],"card_choices":[{"not_picked":["Coolheaded","Cold Snap"],"picked":"Defragment","floor":1.0},{"not_picked":["Stack","Streamline","Aggregate"],"picked":"SKIP","floor":4.0},{"not_picked":["Force Field","Coolheaded"],"picked":"Genetic Algorithm","floor":5.0},{"not_picked":["Gash","BootSequence"],"picked":"Rebound","floor":8.0},{"not_picked":["Steam Power","Streamline"],"picked":"FTL","floor":14.0},{"not_picked":["Multi-Cast","Rainbow"],"picked":"Buffer","floor":16},{"not_picked":["Turbo","Defragment","Skim"],"picked":"SKIP","floor":18},{"not_picked":["Hologram","Beam Cell"],"picked":"Coolheaded","floor":20}],"player_experience":750316,"relics_obtained":[{"floor":8.0,"key":"Oddly Smooth Stone"},{"floor":9.0,"key":"Sundial"},{"floor":13.0,"key":"Matryoshka"}],"event_choices":[{"damage_healed":0.0,"max_hp_gain":0.0,"max_hp_loss":0.0,"gold_gain":150.0,"event_name":"Liars Game","player_choice":"AGREE","floor":2.0,"gold_loss":0.0,"damage_taken":0.0,"cards_obtained":["Doubt"]},{"damage_healed":0.0,"max_hp_gain":0.0,"max_hp_loss":0.0,"gold_gain":0.0,"event_name":"Golden Idol","player_choice":"Take Wound","floor":6.0,"gold_loss":0.0,"damage_taken":0.0,"relics_obtained":["Golden Idol"],"cards_obtained":["Injury"]},{"damage_healed":0.0,"max_hp_gain":5.0,"max_hp_loss":0.0,"gold_gain":0.0,"event_name":"Big Fish","player_choice":"Donut","floor":12.0,"gold_loss":0.0,"damage_taken":0.0},{"damage_healed":0,"gold_gain":0,"player_choice":"Got Potions","damage_taken":0,"max_hp_gain":0,"max_hp_loss":0,"event_name":"Lab","floor":19,"gold_loss":0}],"is_beta":false,"boss_relics":[{"not_picked":["Tiny House","Lizard Tail"],"picked":"Black Star"}],"items_purged_floors":[3,11],"is_endless":false,"potions_floor_spawned":[14,20],"killed_by":"Snake Plant","ascension_level":20}