{"gold_per_floor":[112,132,132,146,96,125,125,152,226,261,261,281,308,308],"floor_reached":14,"playtime":916,"items_purged":[],"score":159,"play_id":"0911a739-2923-4fda-8d2c-1a4eb3a6c1d6","local_time":"20190511213413","is_ascension_mode":true,"campfire_choices":[{"floor":7.0,"key":"REST"},{"floor":11.0,"key":"REST"}],"neow_cost":"NONE","seed_source_timestamp":617695982928347,"circlet_count":0,"master_deck":["Strike_B","Strike_B","Strike_B","Strike_B","Defend_B","Defend_B","Defend_B","Defend_B","Zap+1","Dualcast","White Noise","Consume","Echo Form","Cold Snap","Ball Lightning","FTL","Hologram","Go for the Eyes","Buffer","All For One"],"special_seed":0,"relics":["Cracked Core","Peace Pipe","Dream Catcher","Matryoshka","Question Card","Strawberry"],"potions_floor_usage":[13],"damage_taken":[{"damage":2.0,"enemies":"Jaw Worm","floor":1.0,"turns":3.0},{"damage":1.0,"enemies":"Cultist","floor":2.0,"turns":3.0},{"damage":9.0,"enemies":"2 Louse","floor":4.0,"turns":3.0},{"damage":29.0,"enemies":"Gremlin Nob","floor":6.0,"turns":4.0},{"damage":11.0,"enemies":"3 Sentries","floor":8.0,"turns":7.0},{"damage":19.0,"enemies":"Gremlin Nob","floor":10.0,"turns":4.0},{"damage":3.0,"enemies":"Blue Slaver","floor":12.0,"turns":5.0},{"damage":14,"enemies":"3 Sentries","floor":13,"turns":5},{"damage":32,"enemies":"Exordium Wildlife","floor":14,"turns":3}],"seed_played":"-6175997784345518552","potions_obtained":[{"floor":1.0,"key":"SneckoOil"},{"floor":6.0,"key":"GamblersBrew"},{"floor":8.0,"key":"Dexterity Potion"},{"floor":10.0,"key":"EssenceOfSteel"}],"is_trial":false,"path_per_floor":["M","M","?","M","?","E","R","E","T","E","R","M","E","M"],"character_chosen":"DEFECT","items_purchased":[],"campfire_rested":2,"item_purchase_floors":[],"current_hp_per_floor":[66,65,65,56,56,27,49,38,38,19,41,38,31,0],"gold":308,"neow_bonus":"UPGRADE_CARD","is_prod":false,"is_daily":false,"chose_seed":false,"campfire_upgraded":0,"win_rate":0,"timestamp":1557624853,"path_taken":["M","M","?","?","?","E","R","E","T","E","R","M","E","M"],"build_version":"2019-01-23","purchased_purges":0,"victory":false,"max_hp_per_floor":[75,75,75,75,75,75,75,75,75,75,75,75,82,82],"card_choices":[{"not_picked":["Recycle","Redo"],"picked":"White Noise","floor":1.0},{"not_picked":["Turbo","Skim"],"picked":"Consume","floor":2.0},{"not_picked":["Heatsinks","Rebound"],"picked":"Ball Lightning","floor":4.0},{"not_picked":["Storm","Genetic Algorithm"],"picked":"FTL","floor":6.0},{"not_picked":["Turbo","Glacier"],"picked":"Hologram","floor":8.0},{"not_picked":["Turbo","Self Repair"],"picked":"Go for the Eyes","floor":10.0},{"not_picked":["Barrage","Auto Shields","Stack"],"picked":"Buffer","floor":11.0},{"not_picked":["Hologram","Gash","Aggregate","Scrape"],"picked":"SKIP","floor":12.0},{"not_picked":["Chaos","Heatsinks","Compile Driver"],"picked":"All For One","floor":13}],"player_experience":547762,"relics_obtained":[{"floor":6.0,"key":"Peace Pipe"},{"floor":8.0,"key":"Dream Catcher"},{"floor":9.0,"key":"Matryoshka"},{"floor":10.0,"key":"Question Card"},{"floor":13,"key":"Strawberry"}],"event_choices":[{"damage_healed":0.0,"max_hp_gain":0.0,"max_hp_loss":0.0,"gold_gain":0.0,"event_name":"Match and Keep!","player_choice":"2 cards matched","floor":3.0,"gold_loss":0.0,"damage_taken":0.0,"cards_obtained":["Echo Form","Cold Snap"]},{"damage_healed":0.0,"max_hp_gain":0.0,"max_hp_loss":0.0,"gold_gain":0.0,"event_name":"World of Goop","player_choice":"Left Gold","floor":5.0,"gold_loss":50.0,"damage_taken":0.0}],"is_beta":false,"boss_relics":[],"items_purged_floors":[],"is_endless":false,"potions_floor_spawned":[1,6,8,10],"killed_by":"Exordium Wildlife","ascension_level":7}