{"gold_per_floor":[116,135,8,22,41,41,66,66,93,93,127,127,155,174,174,251,251,269,280,86,86,97,97],"floor_reached":23,"playtime":1294,"items_purged":["Strike_R"],"score":384,"play_id":"a649b5d4-3a0d-44b0-b4a0-84672e816e2a","local_time":"20190508213725","is_ascension_mode":true,"campfire_choices":[{"data":"Armaments","floor":6,"key":"SMITH"},{"data":"Demon Form","floor":8,"key":"SMITH"},{"data":"Juggernaut","floor":10,"key":"SMITH"},{"data":"Bash","floor":12,"key":"SMITH"},{"data":"Cleave","floor":15,"key":"SMITH"}],"neow_cost":"PERCENT_DAMAGE","seed_source_timestamp":358399219162599,"circlet_count":0,"master_deck":["AscendersBane","Strike_R","Strike_R","Strike_R","Strike_R","Defend_R+1","Defend_R","Defend_R","Defend_R+1","Bash+1","Demon Form+1","Spot Weakness","Headbutt","Armaments+1","Dropkick","Pommel Strike","Juggernaut+1","Cleave+1","Pummel","Rupture","Reaper","Metallicize","Inflame","Heavy Blade","Writhe","Flame Barrier"],"relics":["Burning Blood","Regal Pillow","War Paint","Boot","Mango","Runic Cube","Strawberry","Centennial Puzzle"],"potions_floor_usage":[2,11,13,23],"damage_taken":[{"damage":1,"enemies":"Cultist","floor":1,"turns":3},{"damage":14,"enemies":"Small Slimes","floor":2,"turns":5},{"damage":3,"enemies":"2 Louse","floor":4,"turns":3},{"damage":4,"enemies":"2 Fungi Beasts","floor":5,"turns":5},{"damage":14,"enemies":"Lagavulin","floor":7,"turns":7},{"damage":8,"enemies":"Gremlin Nob","floor":11,"turns":3},{"damage":15,"enemies":"Lagavulin","floor":13,"turns":5},{"damage":6,"enemies":"Looter","floor":14,"turns":2},{"damage":35,"enemies":"Hexaghost","floor":16,"turns":9},{"damage":17,"enemies":"3 Byrds","floor":18,"turns":6},{"damage":29,"enemies":"Chosen","floor":19,"turns":6},{"damage":41,"enemies":"Centurion and Healer","floor":22,"turns":7},{"damage":31,"enemies":"Book of Stabbing","floor":23,"turns":4}],"seed_played":"-3025526803389655125","potions_obtained":[{"floor":1,"key":"Energy Potion"},{"floor":2,"key":"Fire Potion"},{"floor":7,"key":"SteroidPotion"},{"floor":22,"key":"LiquidBronze"}],"is_trial":false,"path_per_floor":["M","M","$","M","M","R","E","R","T","R","E","R","E","M","R","B",null,"M","M","$","?","M","E"],"character_chosen":"IRONCLAD","items_purchased":["Armaments","Heavy Blade","Strawberry"],"campfire_rested":0,"item_purchase_floors":[3,20,20],"current_hp_per_floor":[55,47,47,50,52,52,44,44,44,44,42,42,47,47,47,18,71,65,47,54,54,26,0],"gold":97,"neow_bonus":"THREE_RARE_CARDS","is_prod":false,"is_daily":false,"chose_seed":false,"campfire_upgraded":5,"win_rate":0,"timestamp":1557365845,"path_taken":["M","M","$","M","?","R","E","R","T","R","E","R","E","M","R","BOSS","M","?","$","?","M","E"],"build_version":"2019-01-23","purchased_purges":1,"victory":false,"max_hp_per_floor":[75,75,75,75,75,75,75,75,75,75,75,75,89,89,89,89,89,89,89,96,96,96,96],"card_choices":[{"not_picked":["Offering","Dark Embrace"],"picked":"Demon Form","floor":0},{"not_picked":["Carnage","Flame Barrier"],"picked":"Spot Weakness","floor":1},{"not_picked":["Iron Wave","Corruption"],"picked":"Headbutt","floor":2},{"not_picked":["Battle Trance","Combust"],"picked":"Dropkick","floor":4},{"not_picked":["Rage","Warcry"],"picked":"Pommel Strike","floor":5},{"not_picked":["Body Slam","Iron Wave"],"picked":"Juggernaut","floor":7},{"not_picked":["Body Slam","Flex"],"picked":"Cleave","floor":11},{"not_picked":["Armaments","Clash"],"picked":"Pummel","floor":13},{"not_picked":["Perfected Strike","Infernal Blade"],"picked":"Rupture","floor":14},{"not_picked":["Berserk","Feed"],"picked":"Reaper","floor":16},{"not_picked":["Twin Strike","Clash"],"picked":"Metallicize","floor":18},{"not_picked":["Warcry","Havoc"],"picked":"Inflame","floor":19},{"not_picked":["Armaments","Heavy Blade"],"picked":"Flame Barrier","floor":22}],"player_experience":433945,"relics_obtained":[{"floor":7,"key":"Regal Pillow"},{"floor":9,"key":"War Paint"},{"floor":11,"key":"Boot"},{"floor":13,"key":"Mango"}],"event_choices":[{"damage_healed":0,"gold_gain":0,"player_choice":"Opened","damage_taken":0,"relics_obtained":["Centennial Puzzle"],"max_hp_gain":0,"max_hp_loss":0,"event_name":"The Mausoleum","floor":21,"gold_loss":0,"cards_obtained":["Writhe"]}],"is_beta":false,"boss_relics":[{"not_picked":["Coffee Dripper","Empty Cage"],"picked":"Runic Cube"}],"items_purged_floors":[3],"is_endless":false,"potions_floor_spawned":[1,2,7,22],"killed_by":"Book of Stabbing","ascension_level":14}