{"gold_per_floor":[110,127,58,108,119,119,149,149,149,164,191,38,38],"floor_reached":13,"playtime":671,"items_purged":[],"score":163,"play_id":"dde4abd9-d54b-4422-a112-b3b0f78375be","local_time":"20190524084302","is_ascension_mode":true,"campfire_choices":[{"data":"Whirlwind","floor":6,"key":"SMITH"},{"data":"Bash","floor":8,"key":"SMITH"}],"neow_cost":"NONE","seed_source_timestamp":374433290340658,"circlet_count":0,"master_deck":["AscendersBane","Strike_R","Strike_R","Strike_R","Strike_R","Strike_R","Defend_R","Defend_R","Defend_R","Defend_R","Bash+1","Shrug It Off","Perfected Strike","Whirlwind+1","Battle Trance","True Grit"],"relics":["Burning Blood","Oddly Smooth Stone","Pantograph","Question Card","PreservedInsect"],"potions_floor_usage":[13,13],"damage_taken":[{"damage":14,"enemies":"2 Louse","floor":1,"turns":3},{"damage":5,"enemies":"Cultist","floor":2,"turns":4},{"damage":4,"enemies":"Small Slimes","floor":5,"turns":4},{"damage":14,"enemies":"3 Sentries","floor":7,"turns":5},{"damage":32,"enemies":"Exordium Thugs","floor":10,"turns":4},{"damage":32,"enemies":"Gremlin Nob","floor":11,"turns":4},{"damage":11,"enemies":"Large Slime","floor":13,"turns":5}],"seed_played":"-3971434230773047039","potions_obtained":[{"floor":5,"key":"Weak Potion"},{"floor":7,"key":"Weak Potion"},{"floor":11,"key":"PowerPotion"}],"is_trial":false,"path_per_floor":["M","M","$","?","M","R","E","R","T","M","E","$","M"],"character_chosen":"IRONCLAD","items_purchased":["Whirlwind","PreservedInsect"],"campfire_rested":0,"item_purchase_floors":[3,12],"current_hp_per_floor":[67,68,68,68,70,70,62,62,62,36,10,10,0],"gold":38,"neow_bonus":"TEN_PERCENT_HP_BONUS","is_prod":false,"is_daily":false,"chose_seed":false,"campfire_upgraded":2,"win_rate":0,"timestamp":1558701782,"path_taken":["M","M","$","?","?","R","E","R","T","M","E","$","M"],"build_version":"2019-01-23","purchased_purges":0,"victory":false,"max_hp_per_floor":[82,82,82,82,82,82,82,82,82,82,82,82,82],"card_choices":[{"not_picked":["Heavy Blade","Clash"],"picked":"Shrug It Off","floor":1},{"not_picked":["True Grit","Warcry"],"picked":"Perfected Strike","floor":2},{"not_picked":["Hemokinesis","Thunderclap"],"picked":"Battle Trance","floor":5},{"not_picked":["Havoc","Clash","Brutality"],"picked":"SKIP","floor":7},{"not_picked":["Havoc","Clash","Brutality"],"picked":"SKIP","floor":7},{"not_picked":["Searing Blow","Warcry"],"picked":"True Grit","floor":10},{"not_picked":["Sentinel","Corruption","Seeing Red"],"picked":"SKIP","floor":11},{"not_picked":["Sentinel","Corruption","Seeing Red"],"picked":"SKIP","floor":11}],"player_experience":1289038,"relics_obtained":[{"floor":7,"key":"Oddly Smooth Stone"},{"floor":9,"key":"Pantograph"},{"floor":11,"key":"Question Card"}],"event_choices":[{"damage_healed":0,"gold_gain":50,"player_choice":"Pray","damage_taken":0,"max_hp_gain":0,"max_hp_loss":0,"event_name":"Golden Shrine","floor":4,"gold_loss":0}],"is_beta":false,"boss_relics":[],"items_purged_floors":[],"is_endless":false,"potions_floor_spawned":[5,7,11],"killed_by":"Large Slime","ascension_level":15}