{"gold_per_floor":[116,116,116,141,66,102,102,125,125,125,141,214,245,50,50,180,180,200,221,234,257,257,257],"floor_reached":23,"playtime":954,"items_purged":["Strike_R"],"score":271,"play_id":"c8170c14-b508-4f40-9478-28fd593764d3","local_time":"20190504123513","is_ascension_mode":true,"campfire_choices":[{"data":"Blood for Blood","floor":7,"key":"SMITH"},{"data":"Hemokinesis","floor":10,"key":"SMITH"},{"data":"Rupture","floor":15,"key":"SMITH"}],"neow_cost":"NONE","seed_source_timestamp":0,"circlet_count":0,"master_deck":["Strike_R","Strike_R","Strike_R","Strike_R","Defend_R","Defend_R","Defend_R","Defend_R","Bash","Rupture+1","Blood for Blood+1","Hemokinesis+1","Combust","Hemokinesis","Rage"],"special_seed":0,"relics":["Burning Blood","NeowsBlessing","Golden Idol","Pantograph","Ornamental Fan","Strawberry","Oddly Smooth Stone","Orrery"],"potions_floor_usage":[21,23],"damage_taken":[{"damage":0.0,"enemies":"Jaw Worm","floor":1.0,"turns":1.0},{"damage":0,"enemies":"Small Slimes","floor":4,"turns":1},{"damage":0,"enemies":"Lagavulin","floor":6,"turns":1},{"damage":6,"enemies":"2 Louse","floor":8,"turns":5},{"damage":11,"enemies":"2 Fungi Beasts","floor":11,"turns":2},{"damage":16,"enemies":"3 Sentries","floor":13,"turns":8},{"damage":62,"enemies":"The Guardian","floor":16,"turns":8},{"damage":5,"enemies":"Chosen","floor":18,"turns":4},{"damage":20,"enemies":"Spheric Guardian","floor":19,"turns":4},{"damage":18,"enemies":"3 Cultists","floor":20,"turns":4},{"damage":35,"enemies":"Snake Plant","floor":21,"turns":5},{"damage":37,"enemies":"Slavers","floor":23,"turns":2}],"seed_played":"5748697595487759228","potions_obtained":[{"floor":1,"key":"FearPotion"},{"floor":6,"key":"Poison Potion"},{"floor":16,"key":"SteroidPotion"},{"floor":19,"key":"SkillPotion"}],"is_trial":false,"path_per_floor":["M","?","?","M","$","E","R","M","T","R","M","?","E","$","R","B",null,"M","M","M","M","$","E"],"character_chosen":"IRONCLAD","items_purchased":["Combust","Oddly Smooth Stone"],"campfire_rested":0,"item_purchase_floors":[14,14],"current_hp_per_floor":[80,60,65,71,71,77,77,77,77,77,72,72,69,69,69,36,92,92,78,66,37,37,0],"gold":257,"neow_bonus":"THREE_ENEMY_KILL","is_prod":false,"is_daily":false,"chose_seed":false,"campfire_upgraded":3,"win_rate":0,"timestamp":1556991313,"path_taken":["M","?","?","M","?","E","R","M","T","R","M","?","E","$","R","BOSS","M","M","M","M","$","E"],"build_version":"2019-01-23","purchased_purges":1,"victory":false,"max_hp_per_floor":[80,80,85,85,85,85,85,85,85,85,85,85,92,92,92,92,92,92,92,92,92,92,92],"card_choices":[{"not_picked":["Entrench","Bloodletting"],"picked":"Rupture","floor":1},{"not_picked":["Pommel Strike","Perfected Strike"],"picked":"Blood for Blood","floor":4},{"not_picked":["Ghostly Armor","Twin Strike","Feel No Pain"],"picked":"SKIP","floor":6},{"not_picked":["Flex","Anger"],"picked":"Hemokinesis","floor":8},{"not_picked":["Thunderclap","Iron Wave","Shockwave"],"picked":"SKIP","floor":11},{"not_picked":["Rampage","Wild Strike","Sever Soul"],"picked":"SKIP","floor":13},{"not_picked":["Clash","Flex"],"picked":"Hemokinesis","floor":17},{"not_picked":["Heavy Blade","Perfected Strike"],"picked":"Rage","floor":17},{"not_picked":["Immolate","Inflame+1","Sentinel"],"picked":"SKIP","floor":18},{"not_picked":["Entrench","Carnage+1","Anger"],"picked":"SKIP","floor":19},{"not_picked":["Pommel Strike","Searing Blow","Cleave"],"picked":"SKIP","floor":20},{"not_picked":["Wild Strike","Flex","Warcry"],"picked":"SKIP","floor":21}],"player_experience":194734,"relics_obtained":[{"floor":6,"key":"Pantograph"},{"floor":9,"key":"Ornamental Fan"},{"floor":13,"key":"Strawberry"}],"event_choices":[{"damage_healed":0,"gold_gain":0,"player_choice":"Take Damage","damage_taken":20,"relics_obtained":["Golden Idol"],"max_hp_gain":0,"max_hp_loss":0,"event_name":"Golden Idol","floor":2,"gold_loss":0},{"damage_healed":0,"gold_gain":0,"player_choice":"Donut","damage_taken":0,"max_hp_gain":5,"max_hp_loss":0,"event_name":"Big Fish","floor":3,"gold_loss":0},{"damage_healed":0,"gold_gain":73,"player_choice":"Gained Gold","damage_taken":0,"max_hp_gain":0,"max_hp_loss":0,"event_name":"Golden Wing","floor":12,"gold_loss":0}],"is_beta":false,"boss_relics":[{"not_picked":["Snecko Eye","Cursed Key"],"picked":"Orrery"}],"items_purged_floors":[5],"is_endless":false,"potions_floor_spawned":[1,6,16,19],"killed_by":"Slavers","ascension_level":4}