{"gold_per_floor":[110,60,70,85,85,85,161,187,187,187,204,81,30,62,62,166,166,178,178,32,32,132,157,157,167,241,7,7,32,32,45,45,140,140,155,155,167,267,267,267,302,302,302,330,340,340,340,48,48,48,48,48,48,82,82],"floor_reached":55,"playtime":3319,"items_purged":["Strike_R"],"score":840,"play_id":"cdca0458-e04f-4803-ae00-eb8c8ddff291","local_time":"20190428223227","is_ascension_mode":false,"campfire_choices":[{"data":"Cleave","floor":6.0,"key":"SMITH"},{"data":"Barricade","floor":10.0,"key":"SMITH"},{"data":"Flame Barrier","floor":15.0,"key":"SMITH"},{"floor":24.0,"key":"REST"},{"data":"J.A.X.","floor":30.0,"key":"SMITH"},{"floor":32.0,"key":"REST"},{"floor":40.0,"key":"RECALL"},{"data":"Limit Break","floor":42.0,"key":"SMITH"},{"floor":49.0,"key":"REST"},{"data":"Limit Break","floor":52.0,"key":"SMITH"}],"neow_cost":"NONE","seed_source_timestamp":20569030188837,"circlet_count":0,"master_deck":["Strike_R+1","Strike_R+1","Defend_R+1","Defend_R+1","Bash","Barricade+1","Cleave+1","Pommel Strike+1","Flame Barrier+1","Uppercut","Shrug It Off","Immolate","Feed+1","Shrug It Off","J.A.X.+1","Feel No Pain+1","Heavy Blade+1","Corruption","Whirlwind+1","Pummel+1","Infernal Blade+1","Limit Break+1","Headbutt+1","Limit Break+1","Sword Boomerang+1","Body Slam+1","Entrench+1"],"special_seed":0,"relics":["Burning Blood","Bottled Tornado","Bottled Flame","Empty Cage","Red Skull","Ice Cream","Kunai","Molten Egg 2","Bottled Lightning","Tiny Chest","Lantern","Sozu","Bird Faced Urn","Happy Flower","Gremlin Horn","Question Card","Singing Bowl","Oddly Smooth Stone","Strawberry","Torii"],"potions_floor_usage":[55,55],"damage_taken":[{"damage":5.0,"enemies":"Small Slimes","floor":1.0,"turns":5.0},{"damage":2.0,"enemies":"2 Louse","floor":3.0,"turns":3.0},{"damage":11.0,"enemies":"Jaw Worm","floor":4.0,"turns":4.0},{"damage":32.0,"enemies":"3 Sentries","floor":8.0,"turns":8.0},{"damage":1.0,"enemies":"Red Slaver","floor":11.0,"turns":4.0},{"damage":11.0,"enemies":"Gremlin Nob","floor":14.0,"turns":4.0},{"damage":18.0,"enemies":"Hexaghost","floor":16.0,"turns":14.0},{"damage":20.0,"enemies":"Spheric Guardian","floor":18.0,"turns":4.0},{"damage":20.0,"enemies":"Colosseum Slavers","floor":22.0,"turns":2.0},{"damage":29.0,"enemies":"Colosseum Nobs","floor":22.0,"turns":5.0},{"damage":31.0,"enemies":"Slavers","floor":23.0,"turns":4.0},{"damage":1.0,"enemies":"3 Byrds","floor":25.0,"turns":3.0},{"damage":3.0,"enemies":"Gremlin Leader","floor":29.0,"turns":5.0},{"damage":12.0,"enemies":"Centurion and Healer","floor":31.0,"turns":8.0},{"damage":66.0,"enemies":"Collector","floor":33.0,"turns":14.0},{"damage":6.0,"enemies":"3 Shapes","floor":35.0,"turns":3.0},{"damage":16.0,"enemies":"3 Darklings","floor":37.0,"turns":2.0},{"damage":27.0,"enemies":"Mind Bloom Boss Battle","floor":38.0,"turns":5.0},{"damage":18.0,"enemies":"Reptomancer","floor":41.0,"turns":6.0},{"damage":20.0,"enemies":"Nemesis","floor":44.0,"turns":5.0},{"damage":23.0,"enemies":"Spire Growth","floor":45.0,"turns":3.0},{"damage":74.0,"enemies":"Donu and Deca","floor":50.0,"turns":7.0},{"damage":78.0,"enemies":"Shield and Spear","floor":54.0,"turns":5.0},{"damage":82,"enemies":"The Heart","floor":55,"turns":6}],"seed_played":"-15110085354644580","potions_obtained":[{"floor":3.0,"key":"Poison Potion"},{"floor":14.0,"key":"EntropicBrew"},{"floor":18.0,"key":"Dexterity Potion"},{"floor":22.0,"key":"Dexterity Potion"},{"floor":29.0,"key":"EssenceOfSteel"}],"is_trial":false,"path_per_floor":["M","?","M","M","?","R","?","E","T","R","M","$","$","E","R","B",null,"M","?","$","?","?","E","R","M","T","$","?","E","R","M","R","B",null,"M","?","M","?","T","R","E","R","T","E","M","?","?","$","R","B",null,"R","$","E","B"],"character_chosen":"IRONCLAD","items_purchased":["Shrug It Off","PowerPotion","Red Skull","Tiny Chest","Corruption","Whirlwind+1","Oddly Smooth Stone","Strawberry"],"campfire_rested":3,"item_purchase_floors":[12,13,20,27,27,27,48,48],"current_hp_per_floor":[80,80,80,75,59,59,59,33,33,33,38,38,38,33,33,21,80,66,66,66,66,37,16,43,52,52,52,52,55,55,53,83,27,104,108,108,98,81,81,81,79,79,79,69,56,56,56,63,99,39,127,127,127,65,0],"gold":82,"neow_bonus":"ONE_RANDOM_RARE_CARD","is_prod":false,"is_daily":false,"chose_seed":false,"campfire_upgraded":6,"win_rate":0,"timestamp":1556505147,"path_taken":["M","?","M","M","?","R","?","E","T","R","?","?","$","E","R","BOSS","M","?","?","?","?","E","R","M","T","$","?","E","R","?","R","BOSS","M","?","M","?","?","R","E","R","T","E","?","?","?","$","R","BOSS","R","$","E","BOSS"],"build_version":"2019-01-23","purchased_purges":1,"victory":false,"max_hp_per_floor":[80,80,80,80,80,80,80,80,80,80,80,80,80,80,80,80,80,80,80,80,80,88,92,92,96,96,96,96,96,96,100,100,104,104,108,108,108,112,112,112,116,116,116,116,116,116,116,123,123,127,127,127,127,133,133],"card_choices":[{"not_picked":["Warcry","Second Wind","Havoc"],"picked":"SKIP","floor":1.0},{"not_picked":["Sword Boomerang","Anger"],"picked":"Cleave","floor":3.0},{"not_picked":["Infernal Blade","Armaments"],"picked":"Pommel Strike","floor":4.0},{"not_picked":["Anger","Second Wind"],"picked":"Flame Barrier","floor":8.0},{"not_picked":["Clash","Flex"],"picked":"Uppercut","floor":11.0},{"not_picked":["Disarm","Heavy Blade"],"picked":"Immolate","floor":14.0},{"not_picked":["Barricade","Exhume"],"picked":"Feed","floor":16.0},{"not_picked":["Flex","Clash"],"picked":"Shrug It Off","floor":18.0},{"not_picked":["Burning Pact+1","Searing Blow+1"],"picked":"Feel No Pain+1","floor":22.0},{"not_picked":["Disarm","Brutality","Headbutt"],"picked":"SKIP","floor":23.0},{"not_picked":["Perfected Strike+1","Wild Strike+1"],"picked":"Heavy Blade+1","floor":25.0},{"not_picked":["Dropkick+1","Rage"],"picked":"Pummel+1","floor":29.0},{"not_picked":["Power Through","Battle Trance"],"picked":"Infernal Blade+1","floor":31.0},{"not_picked":["Double Tap","Feed+1"],"picked":"Limit Break","floor":33.0},{"not_picked":["Clash+1","Havoc"],"picked":"Headbutt+1","floor":35.0},{"not_picked":["Cleave+1","Shrug It Off+1"],"picked":"Limit Break","floor":37.0},{"not_picked":["Pommel Strike+1","Uppercut+1"],"picked":"Sword Boomerang+1","floor":41.0},{"not_picked":["Dual Wield+1","Anger+1","Clash+1"],"picked":"Body Slam+1","floor":44.0},{"not_picked":["Havoc","Exhume","Sword Boomerang+1"],"picked":"Entrench","floor":45.0},{"not_picked":["Seeing Red","Headbutt+1","Flex","Infernal Blade+1"],"picked":"Singing Bowl","floor":54.0}],"player_experience":238414,"relics_obtained":[{"floor":8.0,"key":"Bottled Tornado"},{"floor":14.0,"key":"Bottled Flame"},{"floor":22.0,"key":"Ice Cream"},{"floor":22.0,"key":"Kunai"},{"floor":23.0,"key":"Molten Egg 2"},{"floor":26.0,"key":"Bottled Lightning"},{"floor":29.0,"key":"Lantern"},{"floor":38.0,"key":"Bird Faced Urn"},{"floor":39.0,"key":"Happy Flower"},{"floor":41.0,"key":"Gremlin Horn"},{"floor":43.0,"key":"Question Card"},{"floor":44.0,"key":"Singing Bowl"},{"floor":54.0,"key":"Torii"}],"event_choices":[{"cards_removed":["Strike_R"],"damage_healed":0.0,"max_hp_gain":0.0,"max_hp_loss":0.0,"gold_gain":0.0,"event_name":"The Cleric","player_choice":"Card Removal","floor":2.0,"gold_loss":50.0,"damage_taken":0.0},{"damage_healed":0.0,"max_hp_gain":0.0,"max_hp_loss":0.0,"gold_gain":0.0,"event_name":"Shining Light","player_choice":"Entered Light","floor":5.0,"gold_loss":0.0,"damage_taken":16.0,"cards_upgraded":["Pommel Strike","Defend_R"]},{"damage_healed":0.0,"max_hp_gain":0.0,"max_hp_loss":0.0,"gold_gain":76.0,"event_name":"Golden Wing","player_choice":"Gained Gold","floor":7.0,"gold_loss":0.0,"damage_taken":0.0},{"damage_healed":0.0,"max_hp_gain":0.0,"max_hp_loss":0.0,"gold_gain":0.0,"event_name":"Upgrade Shrine","player_choice":"Upgraded","floor":19.0,"gold_loss":0.0,"damage_taken":0.0,"cards_upgraded":["Feed"]},{"damage_healed":0.0,"max_hp_gain":0.0,"max_hp_loss":0.0,"gold_gain":0.0,"event_name":"Drug Dealer","player_choice":"Obtain J.A.X.","floor":21.0,"gold_loss":0.0,"damage_taken":0.0,"cards_obtained":["J.A.X."]},{"damage_healed":0.0,"max_hp_gain":0.0,"max_hp_loss":0.0,"gold_gain":0.0,"event_name":"Colosseum","player_choice":"Fight","floor":22.0,"gold_loss":0.0,"damage_taken":0.0},{"damage_healed":0.0,"max_hp_gain":0.0,"max_hp_loss":0.0,"gold_gain":0.0,"event_name":"Colosseum","player_choice":"Fought Nobs","floor":22.0,"gold_loss":0.0,"damage_taken":0.0},{"damage_healed":0.0,"max_hp_gain":0.0,"max_hp_loss":0.0,"gold_gain":0.0,"event_name":"Back to Basics","player_choice":"Simplicity","floor":28.0,"gold_loss":0.0,"damage_taken":0.0,"cards_upgraded":["Strike_R","Strike_R","Defend_R","Defend_R"]},{"cards_removed":["Defend_R"],"damage_healed":0.0,"max_hp_gain":0.0,"max_hp_loss":0.0,"gold_gain":0.0,"event_name":"Falling","player_choice":"Removed Skill","floor":36.0,"gold_loss":0.0,"damage_taken":0.0},{"damage_healed":0.0,"max_hp_gain":0.0,"max_hp_loss":0.0,"gold_gain":0.0,"event_name":"MindBloom","player_choice":"Fight","floor":38.0,"gold_loss":0.0,"damage_taken":0.0},{"damage_healed":0.0,"max_hp_gain":0.0,"max_hp_loss":0.0,"gold_gain":0.0,"event_name":"Tomb of Lord Red Mask","player_choice":"Ignored","floor":46.0,"gold_loss":0.0,"damage_taken":0.0},{"damage_healed":0.0,"max_hp_gain":0.0,"max_hp_loss":0.0,"gold_gain":0.0,"event_name":"Upgrade Shrine","player_choice":"Upgraded","floor":47.0,"gold_loss":0.0,"damage_taken":0.0,"cards_upgraded":["Entrench"]}],"is_beta":false,"boss_relics":[{"not_picked":["Runic Cube","Mark of Pain"],"picked":"Empty Cage"},{"not_picked":["Calling Bell","Coffee Dripper"],"picked":"Sozu"}],"items_purged_floors":[12],"is_endless":false,"potions_floor_spawned":[3,14,18,22,29,31,35,44,45,54],"killed_by":"The Heart","ascension_level":0}