{"gold_per_floor":[218,230,40,115,133,133,150,150,150,163,91,154,154,119,119,216,216,185,185,197,213,63,63,63,63,63,80,80,97,97,115,115,211,211,221,221,221,71,86,86,102,102,151,2,20,39,58,75,75,75],"floor_reached":50,"playtime":5481,"items_purged":["Strike_G","Strike_G"],"score":723,"play_id":"ecbd545c-0e6c-45ef-8cfc-5600e3c3aa9b","local_time":"20190504015521","is_ascension_mode":true,"campfire_choices":[{"data":"Dash","floor":6,"key":"SMITH"},{"data":"Neutralize","floor":8,"key":"SMITH"},{"data":"Leg Sweep","floor":13,"key":"SMITH"},{"data":"Backflip","floor":15,"key":"SMITH"},{"data":"Well Laid Plans","floor":23,"key":"SMITH"},{"floor":25,"key":"REST"},{"floor":28,"key":"REST"},{"floor":32,"key":"REST"},{"floor":42,"key":"REST"},{"floor":49,"key":"REST"}],"neow_cost":"NONE","seed_source_timestamp":5139099559126352,"circlet_count":0,"master_deck":["AscendersBane","Defend_G","Defend_G","Defend_G","Defend_G","Defend_G","Strike_G","Strike_G+1","Survivor","Neutralize+1","Bouncing Flask","Poisoned Stab+1","Dash+1","Noxious Fumes","Crippling Poison","Escape Plan","Backflip+1","Caltrops","Leg Sweep+1","Malaise+1","Deadly Poison","Well Laid Plans+1","Acrobatics","Sucker Punch+1","Bane","Adrenaline","Cloak And Dagger+1","Backstab","Dagger Spray+1","Parasite","Leg Sweep+1","Quick Slash+1","Sucker Punch+1"],"relics":["Ring of the Snake","Anchor","Darkstone Periapt","Philosopher\u0027s Stone","Bottled Lightning","Sozu","Pear","Bronze Scales","Potion Belt","Whetstone"],"potions_floor_usage":[12,12,16,33,33],"damage_taken":[{"damage":1,"enemies":"2 Louse","floor":1,"turns":3},{"damage":1,"enemies":"Small Slimes","floor":2,"turns":4},{"damage":0,"enemies":"Cultist","floor":5,"turns":3},{"damage":8,"enemies":"Large Slime","floor":7,"turns":5},{"damage":0,"enemies":"3 Louse","floor":10,"turns":3},{"damage":3,"enemies":"Lagavulin Event","floor":12,"turns":5},{"damage":11,"enemies":"The Guardian","floor":16,"turns":12},{"damage":20,"enemies":"2 Thieves","floor":18,"turns":5},{"damage":3,"enemies":"Spheric Guardian","floor":20,"turns":5},{"damage":6,"enemies":"Centurion and Healer","floor":21,"turns":8},{"damage":20,"enemies":"Snecko","floor":27,"turns":6},{"damage":3,"enemies":"Shelled Parasite and Fungi","floor":29,"turns":8},{"damage":5,"enemies":"Snake Plant","floor":31,"turns":5},{"damage":34,"enemies":"Automaton","floor":33,"turns":12},{"damage":0,"enemies":"Orb Walker","floor":35,"turns":4},{"damage":5,"enemies":"3 Shapes","floor":39,"turns":6},{"damage":40,"enemies":"Transient","floor":41,"turns":5},{"damage":0,"enemies":"4 Shapes","floor":45,"turns":6},{"damage":0,"enemies":"Writhing Mass","floor":46,"turns":9},{"damage":0,"enemies":"Maw","floor":47,"turns":9},{"damage":17,"enemies":"Sphere and 2 Shapes","floor":48,"turns":7},{"damage":69,"enemies":"Time Eater","floor":50,"turns":15}],"seed_played":"-5481011682369806263","potions_obtained":[{"floor":5,"key":"Energy Potion"},{"floor":7,"key":"EssenceOfSteel"},{"floor":12,"key":"Block Potion"},{"floor":16,"key":"FearPotion"},{"floor":21,"key":"FearPotion"},{"floor":27,"key":"Swift Potion"},{"floor":31,"key":"Energy Potion"}],"is_trial":false,"path_per_floor":["M","M","$","?","M","R","M","R","T","M","$","?","R","?","R","B",null,"M","?","M","M","$","R","?","R","T","M","R","M","?","M","R","B",null,"M","?","?","$","M","?","M","R","T","$","M","M","M","M","R","B"],"character_chosen":"THE_SILENT","items_purchased":["Dash","Noxious Fumes","Caltrops","Acrobatics","Bronze Scales","Whetstone"],"campfire_rested":5,"item_purchase_floors":[3,3,11,22,38,44],"current_hp_per_floor":[62,61,61,50,50,50,42,42,42,42,42,39,39,56,56,45,64,44,44,41,35,35,35,35,56,56,36,57,54,54,49,70,36,62,62,62,72,72,67,67,27,51,51,51,51,57,57,40,65,0],"gold":75,"neow_bonus":"HUNDRED_GOLD","is_prod":false,"is_daily":false,"chose_seed":false,"campfire_upgraded":5,"win_rate":0,"timestamp":1556949321,"path_taken":["M","M","$","?","M","R","M","R","T","M","$","?","R","?","R","BOSS","M","?","M","M","$","R","?","R","T","M","R","?","?","M","R","BOSS","M","?","?","$","?","?","M","R","T","$","M","M","M","M","R","BOSS"],"build_version":"2019-01-23","purchased_purges":2,"victory":false,"max_hp_per_floor":[70,70,70,70,70,70,70,70,70,70,70,70,70,70,70,70,70,70,70,70,70,70,70,70,70,70,70,70,70,70,70,70,70,70,70,70,80,80,80,80,80,80,80,80,80,86,86,86,86,86],"card_choices":[{"not_picked":["Blade Dance","Acrobatics"],"picked":"Bouncing Flask","floor":1},{"not_picked":["Underhanded Strike","Skewer"],"picked":"Poisoned Stab","floor":2},{"not_picked":["Poisoned Stab","Acrobatics"],"picked":"Crippling Poison","floor":5},{"not_picked":["Sucker Punch","Riddle With Holes"],"picked":"Escape Plan","floor":7},{"not_picked":["Flying Knee","Dodge and Roll"],"picked":"Backflip","floor":10},{"not_picked":["Skewer","Sucker Punch"],"picked":"Leg Sweep","floor":12},{"not_picked":["Glass Knife","Grand Finale"],"picked":"Malaise","floor":16},{"not_picked":["Setup","Dodge and Roll","Acrobatics"],"picked":"SKIP","floor":18},{"not_picked":["Dagger Spray","Eviscerate"],"picked":"Deadly Poison","floor":20},{"not_picked":["Dagger Throw+1","Deflect"],"picked":"Well Laid Plans","floor":21},{"not_picked":["Deadly Poison","Prepared"],"picked":"Sucker Punch+1","floor":27},{"not_picked":["Acrobatics","Underhanded Strike"],"picked":"Bane","floor":29},{"not_picked":["Deadly Poison","A Thousand Cuts"],"picked":"Escape Plan","floor":31},{"not_picked":["Envenom","Bullet Time"],"picked":"Adrenaline","floor":33},{"not_picked":["Prepared","Deadly Poison+1"],"picked":"Cloak And Dagger+1","floor":35},{"not_picked":["Heel Hook","Quick Slash"],"picked":"Backstab","floor":39},{"not_picked":["Quick Slash","Cloak And Dagger"],"picked":"Dagger Spray+1","floor":41},{"not_picked":["Blade Dance","Sucker Punch","Dodge and Roll"],"picked":"SKIP","floor":45},{"not_picked":["Skewer","Dagger Spray+1"],"picked":"Leg Sweep+1","floor":46},{"not_picked":["PiercingWail","Well Laid Plans"],"picked":"Quick Slash+1","floor":47},{"not_picked":["Tactician+1","Grand Finale"],"picked":"Sucker Punch+1","floor":48}],"player_experience":292564,"relics_obtained":[{"floor":9,"key":"Anchor"},{"floor":12,"key":"Darkstone Periapt"},{"floor":26,"key":"Bottled Lightning"},{"floor":43,"key":"Potion Belt"}],"event_choices":[{"damage_healed":0,"gold_gain":75,"player_choice":"Gather Gold","damage_taken":11,"max_hp_gain":0,"max_hp_loss":0,"event_name":"World of Goop","floor":4,"gold_loss":0},{"damage_healed":0,"gold_gain":30,"player_choice":"Searched \u00272\u0027 times","damage_taken":0,"max_hp_gain":0,"max_hp_loss":0,"event_name":"Dead Adventurer","floor":12,"gold_loss":0},{"damage_healed":17,"gold_gain":0,"player_choice":"Healed","damage_taken":0,"max_hp_gain":0,"max_hp_loss":0,"event_name":"The Cleric","floor":14,"gold_loss":35},{"damage_healed":0,"gold_gain":0,"player_choice":"Ignored","damage_taken":0,"max_hp_gain":0,"max_hp_loss":0,"event_name":"Cursed Tome","floor":19,"gold_loss":0},{"damage_healed":0,"gold_gain":0,"player_choice":"Upgraded","damage_taken":0,"max_hp_gain":0,"max_hp_loss":0,"event_name":"Upgrade Shrine","floor":24,"gold_loss":0,"cards_upgraded":["Malaise"]},{"damage_healed":0,"gold_gain":0,"player_choice":"Ignored","damage_taken":0,"max_hp_gain":0,"max_hp_loss":0,"event_name":"Vampires","floor":30,"gold_loss":0},{"damage_healed":0,"gold_gain":0,"player_choice":"Ignored","damage_taken":0,"max_hp_gain":0,"max_hp_loss":0,"event_name":"Mysterious Sphere","floor":36,"gold_loss":0},{"cards_removed":["Escape Plan"],"damage_healed":0,"gold_gain":0,"player_choice":"Gave Card","damage_taken":0,"relics_obtained":["Pear"],"max_hp_gain":0,"max_hp_loss":0,"event_name":"WeMeetAgain","floor":37,"gold_loss":0},{"cards_removed":["Strike_G"],"damage_healed":0,"gold_gain":0,"player_choice":"Offered Basic","damage_taken":0,"max_hp_gain":0,"max_hp_loss":0,"event_name":"Bonfire Elementals","floor":40,"gold_loss":0}],"is_beta":false,"boss_relics":[{"not_picked":["Tiny House","Runic Pyramid"],"picked":"Philosopher\u0027s Stone"},{"not_picked":["Busted Crown","White Beast Statue"],"picked":"Sozu"}],"items_purged_floors":[3,22],"is_endless":false,"potions_floor_spawned":[5,7,12,16,21,27,29,31,39,47],"killed_by":"Time Eater","ascension_level":12}