{"gold_per_floor":[113,124,52,65,65,65,65,65,65,30,99,117,141,216,216,216],"floor_reached":16,"playtime":875,"items_purged":[],"score":149,"play_id":"a00a8e59-c200-4526-9112-bfed15be83f9","local_time":"20190504160339","is_ascension_mode":true,"campfire_choices":[{"data":"Neutralize","floor":6.0,"key":"SMITH"},{"data":"Infinite Blades","floor":8.0,"key":"SMITH"},{"floor":15,"key":"REST"}],"neow_cost":"NONE","seed_source_timestamp":0,"circlet_count":0,"master_deck":["AscendersBane","Defend_G","Defend_G","Defend_G","Defend_G","Defend_G","Strike_G","Strike_G","Strike_G","Strike_G","Strike_G","Survivor","Neutralize+1","Finesse","Finisher","Caltrops","Infinite Blades+1","Noxious Fumes","All Out Attack","Glass Knife","Blade Dance"],"special_seed":0,"relics":["Ring of the Snake","Golden Idol","Matryoshka","Juzu Bracelet"],"potions_floor_usage":[12,16],"damage_taken":[{"damage":0.0,"enemies":"Small Slimes","floor":1.0,"turns":4.0},{"damage":0.0,"enemies":"2 Louse","floor":2.0,"turns":2.0},{"damage":1.0,"enemies":"Jaw Worm","floor":4.0,"turns":5.0},{"damage":27.0,"enemies":"3 Sentries","floor":11.0,"turns":7.0},{"damage":4,"enemies":"2 Fungi Beasts","floor":12,"turns":3},{"damage":4,"enemies":"Lots of Slimes","floor":13,"turns":4},{"damage":48,"enemies":"Slime Boss","floor":16,"turns":7}],"seed_played":"-2961558402053444554","potions_obtained":[{"floor":1.0,"key":"FearPotion"},{"floor":12,"key":"PowerPotion"}],"is_trial":false,"path_per_floor":["M","M","$","M","$","R","?","R","T","?","?","M","M","?","R","B"],"character_chosen":"THE_SILENT","items_purchased":["Infinite Blades"],"campfire_rested":1,"item_purchase_floors":[3],"current_hp_per_floor":[63,63,63,62,62,62,45,45,45,62,35,31,27,16,37,0],"gold":216,"neow_bonus":"RANDOM_COLORLESS","is_prod":false,"is_daily":false,"chose_seed":false,"campfire_upgraded":2,"win_rate":0,"timestamp":1557000219,"path_taken":["M","M","$","M","$","R","?","R","T","?","?","M","M","?","R","BOSS"],"build_version":"2019-01-23","purchased_purges":0,"victory":false,"max_hp_per_floor":[70,70,70,70,70,70,70,70,70,70,70,70,70,70,70,70],"card_choices":[{"not_picked":["Quick Slash","All Out Attack"],"picked":"Finisher","floor":1.0},{"not_picked":["Endless Agony","Dagger Spray"],"picked":"Caltrops","floor":2.0},{"not_picked":["Poisoned Stab","Bane"],"picked":"Noxious Fumes","floor":4.0},{"not_picked":["Flying Knee","Heel Hook"],"picked":"All Out Attack","floor":11.0},{"not_picked":["Acrobatics","Masterful Stab"],"picked":"Glass Knife","floor":12},{"not_picked":["Prepared","Sucker Punch"],"picked":"Blade Dance","floor":13}],"player_experience":308325,"relics_obtained":[{"floor":9.0,"key":"Matryoshka"},{"floor":11.0,"key":"Juzu Bracelet"}],"event_choices":[{"damage_healed":0.0,"max_hp_gain":0.0,"max_hp_loss":0.0,"gold_gain":0.0,"event_name":"Golden Idol","player_choice":"Take Damage","floor":7.0,"gold_loss":0.0,"damage_taken":17.0,"relics_obtained":["Golden Idol"]},{"damage_healed":17.0,"max_hp_gain":0.0,"max_hp_loss":0.0,"gold_gain":0.0,"event_name":"The Cleric","player_choice":"Healed","floor":10.0,"gold_loss":35.0,"damage_taken":0.0},{"damage_healed":0.0,"max_hp_gain":0.0,"max_hp_loss":0.0,"gold_gain":0.0,"event_name":"Dead Adventurer","player_choice":"Searched \u00271\u0027 times","floor":11.0,"gold_loss":0.0,"damage_taken":0.0},{"damage_healed":0,"gold_gain":75,"player_choice":"Gather Gold","damage_taken":11,"max_hp_gain":0,"max_hp_loss":0,"event_name":"World of Goop","floor":14,"gold_loss":0}],"is_beta":false,"boss_relics":[],"items_purged_floors":[],"is_endless":false,"potions_floor_spawned":[1,12],"killed_by":"Slime Boss","ascension_level":13}