{"gold_per_floor":[115,133,147,72,72,103,3,3,3,3,23,40,56,66,66,170,170,186,147,159,174,188,188,202,150,203,203,203,203,223,242,242,242],"floor_reached":33,"playtime":2059,"items_purged":["Normality","Regret"],"score":253,"play_id":"73710fe7-807f-4868-bf7b-ae9db3bab36d","local_time":"20190305231913","is_ascension_mode":false,"campfire_choices":[{"floor":8,"key":"REST"},{"data":"Dualcast","floor":10,"key":"SMITH"},{"floor":15,"key":"REST"},{"floor":23,"key":"REST"},{"floor":27,"key":"REST"},{"floor":29,"key":"DIG"},{"floor":32,"key":"REST"}],"neow_cost":"CURSE","seed_source_timestamp":1464006771041900,"circlet_count":0,"master_deck":["Strike_B","Strike_B","Strike_B","Strike_B","Defend_B","Defend_B","Defend_B","Defend_B","Zap","Dualcast+1","All For One","Beam Cell","Turbo","Turbo","Ball Lightning","Undo","Ball Lightning","Go for the Eyes","Sweeping Beam","Thunder Strike","Beam Cell","Scrape","Redo+1","Conserve Battery+1","Fusion+1","Rebound","Gash","Hologram","Consume"],"relics":["Cracked Core","StoneCalendar","Shovel","WingedGreaves","Inserter","Anchor","Pear"],"potions_floor_usage":[21,31,33,33],"damage_taken":[{"damage":8,"enemies":"Jaw Worm","floor":1,"turns":3},{"damage":0,"enemies":"2 Louse","floor":2,"turns":3},{"damage":0,"enemies":"Cultist","floor":3,"turns":2},{"damage":35,"enemies":"3 Sentries","floor":6,"turns":7},{"damage":2,"enemies":"2 Fungi Beasts","floor":11,"turns":2},{"damage":13,"enemies":"Lots of Slimes","floor":12,"turns":3},{"damage":8,"enemies":"3 Louse","floor":13,"turns":3},{"damage":4,"enemies":"Gremlin Gang","floor":14,"turns":4},{"damage":25,"enemies":"Hexaghost","floor":16,"turns":7},{"damage":8,"enemies":"3 Byrds","floor":18,"turns":4},{"damage":20,"enemies":"2 Thieves","floor":20,"turns":4},{"damage":26,"enemies":"3 Cultists","floor":21,"turns":4},{"damage":10,"enemies":"Snake Plant","floor":22,"turns":4},{"damage":14,"enemies":"Centurion and Healer","floor":24,"turns":6},{"damage":1,"enemies":"Cultist and Chosen","floor":30,"turns":4},{"damage":32,"enemies":"Snake Plant","floor":31,"turns":5},{"damage":55,"enemies":"Automaton","floor":33,"turns":6}],"seed_played":"-5292737889270186903","potions_obtained":[{"floor":1,"key":"Strength Potion"},{"floor":12,"key":"GamblersBrew"},{"floor":13,"key":"Regen Potion"},{"floor":30,"key":"Dexterity Potion"},{"floor":31,"key":"SkillPotion"}],"is_trial":false,"path_per_floor":["M","M","M","$","?","E","$","R","T","R","M","M","M","M","R","B",null,"M","$","M","M","M","R","M","$","T","R","?","R","M","M","R","B"],"character_chosen":"DEFECT","items_purchased":["Scrape","Rebound"],"campfire_rested":5,"item_purchase_floors":[19,25],"current_hp_per_floor":[67,67,67,67,67,32,32,54,54,54,52,39,31,27,49,24,75,67,67,47,30,20,42,28,28,28,50,50,60,59,27,52,0],"gold":242,"neow_bonus":"THREE_RARE_CARDS","is_prod":false,"is_daily":false,"chose_seed":false,"campfire_upgraded":1,"win_rate":0,"timestamp":1551849553,"path_taken":["M","M","M","$","?","E","$","R","T","R","M","M","M","M","R","BOSS","M","$","M","M","M","R","M","$","T","R","?","R","M","M","R","BOSS"],"build_version":"2019-01-23","purchased_purges":2,"victory":false,"max_hp_per_floor":[75,75,75,75,75,75,75,75,75,75,75,75,75,75,75,75,75,75,75,75,75,75,75,75,75,75,75,75,85,85,85,85,85],"card_choices":[{"not_picked":["Biased Cognition","Electrodynamics"],"picked":"All For One","floor":0},{"not_picked":["Go for the Eyes","Rip and Tear"],"picked":"Beam Cell","floor":1},{"not_picked":["Hologram","Redo"],"picked":"Turbo","floor":2},{"not_picked":["Rebound","Steam"],"picked":"Turbo","floor":3},{"not_picked":["Creative AI","Leap"],"picked":"Ball Lightning","floor":6},{"not_picked":["Fusion","Coolheaded"],"picked":"Undo","floor":11},{"not_picked":["Coolheaded","Cold Snap"],"picked":"Ball Lightning","floor":12},{"not_picked":["Sunder","Cold Snap"],"picked":"Go for the Eyes","floor":13},{"not_picked":["Heatsinks","Ball Lightning"],"picked":"Sweeping Beam","floor":14},{"not_picked":["Multi-Cast","Buffer"],"picked":"Thunder Strike","floor":16},{"not_picked":["Compile Driver","Steam"],"picked":"Beam Cell","floor":18},{"not_picked":["Cold Snap","Stack"],"picked":"Redo+1","floor":20},{"not_picked":["Streamline","Coolheaded"],"picked":"Conserve Battery+1","floor":21},{"not_picked":["Static Discharge","Leap","Thunder Strike"],"picked":"SKIP","floor":22},{"not_picked":["Rip and Tear","Storm"],"picked":"Fusion+1","floor":24},{"not_picked":["Hello World","Leap"],"picked":"Hologram","floor":30},{"not_picked":["Leap","Double Energy"],"picked":"Consume","floor":31}],"player_experience":97648,"relics_obtained":[{"floor":6,"key":"Shovel"},{"floor":9,"key":"WingedGreaves"},{"floor":26,"key":"Anchor"},{"floor":29,"key":"Pear"}],"event_choices":[{"damage_healed":0,"gold_gain":0,"player_choice":"Box","damage_taken":0,"relics_obtained":["StoneCalendar"],"max_hp_gain":0,"max_hp_loss":0,"event_name":"Big Fish","floor":5,"gold_loss":0,"cards_obtained":["Regret"]},{"damage_healed":0,"gold_gain":0,"player_choice":"Read","damage_taken":0,"max_hp_gain":0,"max_hp_loss":0,"event_name":"The Library","floor":28,"gold_loss":0,"cards_obtained":["Gash"]}],"is_beta":false,"boss_relics":[{"not_picked":["Calling Bell","Snecko Eye"],"picked":"Inserter"}],"items_purged_floors":[4,7],"is_endless":false,"potions_floor_spawned":[1,12,13,14,30,31],"killed_by":"Automaton","ascension_level":0}