{"gold_per_floor":[116,116,116,116,130,130,157,232,232,252,271,115,115,135,135,238,238,251,251,266,293,91,91,105,105,105,124,155,167,167,178,178,283,313,330,342,361,361,377,377,393,410,410,42,42,57,279,293,293,293],"floor_reached":51,"playtime":4752,"items_purged":["Parasite"],"score":793,"play_id":"88671ad9-aecf-4f1a-97b2-0ec6d6e375ca","local_time":"20190503191558","is_ascension_mode":true,"campfire_choices":[{"data":"Bash","floor":6.0,"key":"SMITH"},{"data":"Armaments","floor":15.0,"key":"SMITH"},{"data":"Shrug It Off","floor":23.0,"key":"SMITH"},{"data":"Sword Boomerang","floor":32.0,"key":"SMITH"},{"data":"Heavy Blade","floor":40.0,"key":"SMITH"},{"data":"Bite","floor":49.0,"key":"SMITH"}],"neow_cost":"NONE","seed_source_timestamp":67957281193100,"circlet_count":0,"master_deck":["Defend_R","Defend_R+1","Defend_R","Bash+1","Shrug It Off+1","Cleave","Headbutt","Armaments+1","Shrug It Off","Body Slam+1","Sword Boomerang+1","Bite","Bite","Bite","Bite","Bite+1","Feed","Heavy Blade+1","Sword Boomerang+1","Discovery","Warcry+1"],"special_seed":0,"relics":["Burning Blood","NeowsBlessing","FossilizedHelix","Shuriken","Omamori","Lantern","Mark of Pain","Red Mask","Brimstone","MutagenicStrength","Mercury Hourglass","Question Card","Calling Bell","Tiny Chest","Blue Candle","Turnip","MawBank","Torii"],"potions_floor_usage":[50,50,50],"damage_taken":[{"damage":0.0,"enemies":"2 Louse","floor":1.0,"turns":1.0},{"damage":0.0,"enemies":"Small Slimes","floor":5.0,"turns":1.0},{"damage":0.0,"enemies":"Lagavulin","floor":7.0,"turns":1.0},{"damage":0.0,"enemies":"Jaw Worm","floor":10.0,"turns":2.0},{"damage":0.0,"enemies":"Red Slaver","floor":11.0,"turns":2.0},{"damage":0.0,"enemies":"Looter","floor":14.0,"turns":2.0},{"damage":57.0,"enemies":"Hexaghost","floor":16.0,"turns":11.0},{"damage":0.0,"enemies":"Chosen","floor":18.0,"turns":5.0},{"damage":8.0,"enemies":"Spheric Guardian","floor":20.0,"turns":5.0},{"damage":0.0,"enemies":"Masked Bandits","floor":21.0,"turns":3.0},{"damage":0.0,"enemies":"3 Cultists","floor":24.0,"turns":3.0},{"damage":20.0,"enemies":"Snake Plant","floor":27.0,"turns":3.0},{"damage":0.0,"enemies":"Slavers","floor":28.0,"turns":3.0},{"damage":0.0,"enemies":"Cultist and Chosen","floor":29.0,"turns":3.0},{"damage":0.0,"enemies":"Centurion and Healer","floor":31.0,"turns":3.0},{"damage":51.0,"enemies":"Champ","floor":33.0,"turns":6.0},{"damage":15.0,"enemies":"3 Shapes","floor":35.0,"turns":3.0},{"damage":0.0,"enemies":"Orb Walker","floor":36.0,"turns":2.0},{"damage":24.0,"enemies":"Maw","floor":37.0,"turns":6.0},{"damage":0.0,"enemies":"Spire Growth","floor":39.0,"turns":3.0},{"damage":0.0,"enemies":"Transient","floor":41.0,"turns":5.0},{"damage":10.0,"enemies":"Sphere and 2 Shapes","floor":42.0,"turns":3.0},{"damage":0.0,"enemies":"4 Shapes","floor":46.0,"turns":4.0},{"damage":0.0,"enemies":"3 Darklings","floor":48.0,"turns":3.0},{"damage":75,"enemies":"Awakened One","floor":50,"turns":7}],"seed_played":"330904086143388397","potions_obtained":[{"floor":1.0,"key":"Fruit Juice"},{"floor":5.0,"key":"Ancient Potion"},{"floor":7.0,"key":"Fire Potion"},{"floor":21.0,"key":"Energy Potion"},{"floor":28.0,"key":"Dexterity Potion"},{"floor":29.0,"key":"FearPotion"},{"floor":42.0,"key":"Energy Potion"},{"floor":46.0,"key":"Regen Potion"}],"is_trial":false,"path_per_floor":["M","?","?","$","M","R","E","?","T","M","M","$","T","M","R","B",null,"M","$","M","?","$","R","M","?","T","M","E","M","?","M","R","B",null,"M","M","M","?","M","R","M","M","T","$","?","M","?","M","R","B",null],"character_chosen":"IRONCLAD","items_purchased":["Omamori","Brimstone","Torii"],"campfire_rested":0,"item_purchase_floors":[12,22,44],"current_hp_per_floor":[80,64,64,64,70,70,76,65,65,71,77,77,77,80,80,34,85,85,85,83,85,85,85,85,85,85,71,77,83,59,59,59,22,59,58,63,51,51,63,63,63,62,62,62,62,63,63,63,63,15],"gold":293,"neow_bonus":"THREE_ENEMY_KILL","is_prod":false,"is_daily":false,"chose_seed":false,"campfire_upgraded":6,"win_rate":0,"timestamp":1556928958,"path_taken":["M","?","?","$","M","R","E","?","T","M","M","$","?","M","R","BOSS","M","$","M","?","$","R","M","?","T","M","E","?","?","M","R","BOSS","M","M","M","?","M","R","M","M","T","$","?","M","?","M","R","BOSS"],"build_version":"2019-01-23","purchased_purges":1,"victory":true,"max_hp_per_floor":[80,80,80,80,80,80,80,80,80,80,80,80,80,80,80,85,85,85,85,85,85,85,85,85,85,85,85,85,85,59,59,59,59,59,63,63,63,63,63,63,63,66,66,63,63,63,63,63,63,66],"card_choices":[{"not_picked":["Power Through","Havoc"],"picked":"Shrug It Off","floor":1.0},{"not_picked":["Body Slam","Clash","Sentinel"],"picked":"SKIP","floor":5.0},{"not_picked":["Reckless Charge","Fire Breathing"],"picked":"Cleave","floor":7.0},{"not_picked":["Clothesline","True Grit"],"picked":"Headbutt","floor":10.0},{"not_picked":["Burning Pact","Blood for Blood"],"picked":"Armaments","floor":11.0},{"not_picked":["Reckless Charge","Fire Breathing"],"picked":"Shrug It Off","floor":14.0},{"not_picked":["Flex","Anger","Body Slam"],"picked":"SKIP","floor":18.0},{"not_picked":["Armaments","Body Slam"],"picked":"Cleave+1","floor":20.0},{"not_picked":["Shrug It Off","Thunderclap"],"picked":"Body Slam+1","floor":21.0},{"not_picked":["Sever Soul","Iron Wave","Headbutt"],"picked":"SKIP","floor":24.0},{"not_picked":["Sentinel","Burning Pact+1","Anger"],"picked":"SKIP","floor":27.0},{"not_picked":["Reckless Charge+1","Clothesline","Bloodletting"],"picked":"SKIP","floor":28.0},{"not_picked":["Thunderclap+1","Clash","Disarm"],"picked":"Sword Boomerang","floor":29.0},{"not_picked":["Anger+1","Berserk","Headbutt","Twin Strike"],"picked":"SKIP","floor":31.0},{"not_picked":["Double Tap","Exhume","Barricade"],"picked":"Feed","floor":33.0},{"not_picked":["Anger+1","Bloodletting","Armaments+1"],"picked":"Heavy Blade","floor":35.0},{"not_picked":["Entrench","Rage","Wild Strike"],"picked":"Sword Boomerang+1","floor":36.0},{"not_picked":["Bloodletting+1","Flame Barrier","Fire Breathing+1","Thunderclap"],"picked":"SKIP","floor":37.0},{"not_picked":["Dramatic Entrance","Bandage Up","Impatience"],"picked":"Discovery","floor":38.0},{"not_picked":["Wild Strike","Heavy Blade","Burning Pact+1","Warcry"],"picked":"SKIP","floor":39.0},{"not_picked":["Twin Strike+1","Carnage","Shrug It Off"],"picked":"Warcry+1","floor":41.0},{"not_picked":["Impervious","Warcry","Havoc+1","True Grit"],"picked":"SKIP","floor":42.0},{"not_picked":["Clothesline+1","Thunderclap","Anger+1","Hemokinesis"],"picked":"SKIP","floor":46.0},{"not_picked":["Twin Strike","Pommel Strike+1","Clash+1","Evolve+1"],"picked":"SKIP","floor":48.0}],"player_experience":185811,"relics_obtained":[{"floor":7.0,"key":"FossilizedHelix"},{"floor":9.0,"key":"Shuriken"},{"floor":13.0,"key":"Lantern"},{"floor":21.0,"key":"Red Mask"},{"floor":26.0,"key":"Mercury Hourglass"},{"floor":28.0,"key":"Question Card"},{"floor":34.0,"key":"Tiny Chest"},{"floor":34.0,"key":"Blue Candle"},{"floor":34.0,"key":"Turnip"},{"floor":43.0,"key":"MawBank"}],"event_choices":[{"damage_healed":0.0,"max_hp_gain":0.0,"max_hp_loss":0.0,"gold_gain":0.0,"event_name":"Shining Light","player_choice":"Entered Light","floor":2.0,"gold_loss":0.0,"damage_taken":16.0,"cards_upgraded":["Strike_R","Defend_R"]},{"cards_removed":["Defend_R"],"damage_healed":0.0,"max_hp_gain":0.0,"max_hp_loss":0.0,"gold_gain":0.0,"event_name":"Living Wall","player_choice":"Forget","floor":3.0,"gold_loss":0.0,"damage_taken":0.0},{"damage_healed":0.0,"max_hp_gain":0.0,"max_hp_loss":0.0,"gold_gain":75.0,"event_name":"World of Goop","player_choice":"Gather Gold","floor":8.0,"gold_loss":0.0,"damage_taken":11.0},{"damage_healed":0.0,"max_hp_gain":0.0,"max_hp_loss":0.0,"gold_gain":0.0,"event_name":"Masked Bandits","player_choice":"Fought Bandits","floor":21.0,"gold_loss":0.0,"damage_taken":0.0},{"damage_healed":0.0,"max_hp_gain":0.0,"max_hp_loss":0.0,"gold_gain":0.0,"event_name":"Drug Dealer","player_choice":"Inject Mutagens","floor":25.0,"gold_loss":0.0,"damage_taken":0.0,"relics_obtained":["MutagenicStrength"]},{"damage_healed":0.0,"max_hp_gain":0.0,"max_hp_loss":26.0,"gold_gain":0.0,"event_name":"Vampires","player_choice":"Became a vampire","floor":30.0,"gold_loss":0.0,"damage_taken":0.0,"cards_obtained":["Bite","Bite","Bite","Bite","Bite"]},{"damage_healed":0.0,"max_hp_gain":0.0,"max_hp_loss":0.0,"gold_gain":0.0,"event_name":"SensoryStone","player_choice":"Memory 1","floor":38.0,"gold_loss":0.0,"damage_taken":0.0},{"cards_removed":["Cleave"],"damage_healed":0.0,"max_hp_gain":0.0,"max_hp_loss":0.0,"gold_gain":0.0,"event_name":"Falling","player_choice":"Removed Attack","floor":45.0,"gold_loss":0.0,"damage_taken":0.0},{"damage_healed":0.0,"max_hp_gain":0.0,"max_hp_loss":0.0,"gold_gain":222.0,"event_name":"Tomb of Lord Red Mask","player_choice":"Wore Mask","floor":47.0,"gold_loss":0.0,"damage_taken":0.0}],"is_beta":false,"boss_relics":[{"not_picked":["Orrery","White Beast Statue"],"picked":"Mark of Pain"},{"not_picked":["Tiny House","Lizard Tail"],"picked":"Calling Bell"}],"items_purged_floors":[44],"is_endless":false,"potions_floor_spawned":[1,5,7,21,28,29,33,35,42,46],"ascension_level":2}