{"gold_per_floor":[117,130,130,142,153,181,181,27,52,68,68,85,85,36,36,139,139,153,253,253,269,269,269],"floor_reached":23,"playtime":1239,"items_purged":[],"score":191,"play_id":"30941382-efd5-4457-b9b8-8ee18e775606","local_time":"20190504004048","is_ascension_mode":false,"campfire_choices":[{"data":"Strike_B","floor":7,"key":"PURGE"},{"data":"Ball Lightning","floor":11,"key":"SMITH"},{"data":"Strike_B","floor":15,"key":"PURGE"}],"neow_cost":"TEN_PERCENT_HP_LOSS","seed_source_timestamp":463733433285486,"circlet_count":0,"master_deck":["Strike_B","Defend_B","Defend_B","Defend_B","Zap","Dualcast","Cold Snap","Sunder+1","Ball Lightning","Ball Lightning+1","Conserve Battery","Multi-Cast","Fusion+1","Conserve Battery+1","Turbo","Skim"],"relics":["Cracked Core","Peace Pipe","Boot","Blood Vial","Inserter","Thread and Needle","Bottled Lightning","Nloth\u0027s Gift"],"potions_floor_usage":[19,23,23],"damage_taken":[{"damage":8,"enemies":"Jaw Worm","floor":1,"turns":3},{"damage":0,"enemies":"Cultist","floor":2,"turns":3},{"damage":0,"enemies":"2 Louse","floor":4,"turns":2},{"damage":5,"enemies":"Exordium Thugs","floor":5,"turns":3},{"damage":32,"enemies":"Gremlin Nob","floor":6,"turns":4},{"damage":0,"enemies":"3 Louse","floor":10,"turns":2},{"damage":0,"enemies":"Lots of Slimes","floor":12,"turns":3},{"damage":9,"enemies":"Slime Boss","floor":16,"turns":8},{"damage":15,"enemies":"3 Byrds","floor":18,"turns":3},{"damage":29,"enemies":"Colosseum Slavers","floor":19,"turns":4},{"damage":10,"enemies":"Colosseum Nobs","floor":19,"turns":5},{"damage":0,"enemies":"Chosen","floor":21,"turns":4},{"damage":22,"enemies":"Book of Stabbing","floor":23,"turns":6}],"seed_played":"423655127098532587","potions_obtained":[{"floor":4,"key":"LiquidBronze"},{"floor":5,"key":"Explosive Potion"},{"floor":6,"key":"SkillPotion"},{"floor":10,"key":"Ancient Potion"},{"floor":21,"key":"Weak Potion"}],"is_trial":false,"path_per_floor":["M","M","?","M","M","E","R","$","T","M","R","M","?","$","R","B",null,"M","?","?","M","?","E"],"character_chosen":"DEFECT","items_purchased":["Blood Vial","SkillPotion"],"campfire_rested":0,"item_purchase_floors":[8,14],"current_hp_per_floor":[60,60,60,60,55,23,23,23,23,25,25,27,27,27,27,20,68,53,18,18,20,20,0],"gold":269,"neow_bonus":"ONE_RARE_RELIC","is_prod":false,"is_daily":false,"chose_seed":false,"campfire_upgraded":1,"win_rate":0,"timestamp":1556944848,"path_taken":["M","M","?","?","M","E","R","$","T","M","R","M","?","?","R","BOSS","M","?","?","?","?","E"],"build_version":"2019-01-23","purchased_purges":0,"victory":false,"max_hp_per_floor":[68,68,68,68,68,68,68,68,68,68,68,68,68,68,68,68,68,68,68,68,68,68,68],"card_choices":[{"not_picked":["Skim","Rebound"],"picked":"Cold Snap","floor":1},{"not_picked":["Leap","Consume"],"picked":"Sunder","floor":2},{"not_picked":["Go for the Eyes","Cold Snap"],"picked":"Ball Lightning","floor":4},{"not_picked":["Beam Cell","Hologram"],"picked":"Ball Lightning","floor":5},{"not_picked":["Double Energy","Ball Lightning","Turbo"],"picked":"SKIP","floor":6},{"not_picked":["Chill","Sweeping Beam"],"picked":"Conserve Battery","floor":10},{"not_picked":["BootSequence","Stack","Redo"],"picked":"SKIP","floor":12},{"not_picked":["Core Surge","Fission"],"picked":"Multi-Cast","floor":16},{"not_picked":["Rip and Tear","Go for the Eyes+1"],"picked":"Fusion+1","floor":18},{"not_picked":["Capacitor+1","Heatsinks"],"picked":"Conserve Battery+1","floor":19},{"not_picked":["Streamline","Redo","Turbo"],"picked":"SKIP","floor":21}],"player_experience":260633,"relics_obtained":[{"floor":6,"key":"Boot"},{"floor":19,"key":"Thread and Needle"},{"floor":19,"key":"Bottled Lightning"}],"event_choices":[{"damage_healed":0,"gold_gain":0,"player_choice":"Upgraded","damage_taken":0,"max_hp_gain":0,"max_hp_loss":0,"event_name":"Upgrade Shrine","floor":3,"gold_loss":0,"cards_upgraded":["Sunder"]},{"damage_healed":0,"gold_gain":0,"player_choice":"Gave Potion","damage_taken":0,"relics_obtained":["Pen Nib"],"max_hp_gain":0,"max_hp_loss":0,"event_name":"WeMeetAgain","floor":13,"gold_loss":0},{"damage_healed":0,"gold_gain":0,"player_choice":"Fight","damage_taken":0,"max_hp_gain":0,"max_hp_loss":0,"event_name":"Colosseum","floor":19,"gold_loss":0},{"damage_healed":0,"gold_gain":0,"player_choice":"Fought Nobs","damage_taken":0,"max_hp_gain":0,"max_hp_loss":0,"event_name":"Colosseum","floor":19,"gold_loss":0},{"damage_healed":0,"gold_gain":0,"player_choice":"Traded Relic","damage_taken":0,"relics_obtained":["Nloth\u0027s Gift"],"max_hp_gain":0,"max_hp_loss":0,"event_name":"N\u0027loth","floor":20,"relics_lost":["Pen Nib"],"gold_loss":0},{"damage_healed":0,"gold_gain":0,"cards_transformed":["Defend_B","Strike_B"],"player_choice":"Became Test Subject","damage_taken":0,"max_hp_gain":0,"max_hp_loss":0,"event_name":"Drug Dealer","floor":22,"gold_loss":0,"cards_obtained":["Turbo","Skim"]}],"is_beta":false,"boss_relics":[{"not_picked":["Eternal Feather","Snecko Eye"],"picked":"Inserter"}],"items_purged_floors":[],"is_endless":false,"potions_floor_spawned":[4,5,6,10,16,18,21],"killed_by":"Book of Stabbing","ascension_level":0}