{"path_per_floor":["M","M","M","M","M","E","R","E","T","T","E","R","$","M","R","B",null,"M","M","M","$","?","R","M","R","T","E","?","E","M"],"character_chosen":"DEFECT","items_purchased":["Toxic Egg 2","Blaster"],"gold_per_floor":[118,135,155,167,184,218,218,253,299,299,329,329,15,26,26,126,126,145,158,177,104,104,104,120,120,120,153,153,185,199,199],"floor_reached":31,"campfire_rested":3,"playtime":1415,"current_hp_per_floor":[75,75,75,70,54,31,53,36,36,43,27,27,27,27,51,22,82,70,56,30,30,30,54,45,45,45,30,30,30,22,0],"items_purged":["Strike_B"],"gold":199,"score":322,"play_id":"f01b0658-f919-47bb-9af0-ca9899f80903","local_time":"20180427132118","is_prod":false,"is_daily":false,"chose_seed":false,"is_ascension_mode":false,"campfire_upgraded":2,"timestamp":1524849678,"path_taken":["M","M","M","?","M","E","R","E","T","?","E","R","$","M","R","BOSS","M","M","M","$","?","R","M","R","T","E","?","E","M","?"],"build_version":"2018-04-26v2","seed_source_timestamp":4391896903596903,"purchased_purges":1,"victory":false,"master_deck":["Strike_B+1","Strike_B+1","Strike_B+1","Defend_B+1","Defend_B+1","Defend_B+1","Defend_B+1","Zap+1","Dualcast","Coolheaded","Axe Kick","Static Discharge+1","Blaster","Streamline","Skim","Static Discharge+1","Chaos","Creative AI","Force Field+1","Capacitor","Go for the Eyes+1","Blaster"],"max_hp_per_floor":[75,75,75,75,75,75,75,75,75,82,82,82,82,82,82,82,82,82,82,82,82,82,82,82,82,82,82,82,82,82,82],"relics":["Cracked Core","Mummified Hand","Gremlin Horn","Anchor","Strawberry","Shuriken","Toxic Egg 2","Velvet Choker","Bronze Scales","Bag of Preparation","Gambling Chip"],"card_choices":[{"not_picked":["Hello World","Blizzard"],"picked":"Coolheaded","floor":1},{"not_picked":["Skim","Double Energy"],"picked":"Axe Kick","floor":2},{"not_picked":["Auto Shields","Gash"],"picked":"Static Discharge","floor":3},{"not_picked":["Stack","Ball Lightning"],"picked":"Blaster","floor":4},{"not_picked":["White Noise","Sweeping Beam"],"picked":"Streamline","floor":5},{"not_picked":["Hello World","Amplify"],"picked":"Skim","floor":6},{"not_picked":["Heatsinks","Cold Snap"],"picked":"Static Discharge","floor":8},{"not_picked":["Buffer","Barrage"],"picked":"Chaos","floor":11},{"not_picked":["All For One","Echo Form"],"picked":"Creative AI","floor":16},{"not_picked":["Gash","Ball Lightning"],"picked":"Force Field","floor":18},{"not_picked":["Gash","Stack"],"picked":"Capacitor","floor":19},{"not_picked":["Stack","Glacier"],"picked":"Go for the Eyes","floor":20}],"player_experience":5051,"potions_floor_usage":[11,11,16,24,27,31],"damage_taken":[{"damage":0,"enemies":"Cultist","floor":1,"turns":4},{"damage":0,"enemies":"Jaw Worm","floor":2,"turns":3},{"damage":0,"enemies":"2 Louse","floor":3,"turns":2},{"damage":5,"enemies":"Blue Slaver","floor":4,"turns":3},{"damage":16,"enemies":"Large Slime","floor":5,"turns":7},{"damage":23,"enemies":"3 Sentries","floor":6,"turns":5},{"damage":17,"enemies":"Lagavulin","floor":8,"turns":5},{"damage":16,"enemies":"Gremlin Nob","floor":11,"turns":3},{"damage":0,"enemies":"Gremlin Gang","floor":14,"turns":2},{"damage":29,"enemies":"Slime Boss","floor":16,"turns":7},{"damage":12,"enemies":"2 Thieves","floor":18,"turns":4},{"damage":14,"enemies":"Shell Parasite","floor":19,"turns":5},{"damage":26,"enemies":"3 Cultists","floor":20,"turns":4},{"damage":9,"enemies":"Sentry and Sphere","floor":24,"turns":3},{"damage":24,"enemies":"Slavers","floor":27,"turns":4},{"damage":0,"enemies":"Book of Stabbing","floor":29,"turns":6},{"damage":8,"enemies":"Snake Plant","floor":30,"turns":2},{"damage":24,"enemies":"Cultist and Chosen","floor":31,"turns":3}],"event_choices":[{"event_name":"Ghosts","player_choice":"Ignored","floor":22,"damage_taken":0},{"event_name":"Back to Basics","player_choice":"Simplicity","floor":28,"damage_taken":0}],"boss_relics":[{"not_picked":["Lizard Tail","Philosopher\u0027s Stone"],"picked":"Velvet Choker"}],"potions_floor_spawned":[2,3,8,11,16,18,19,29,30],"seed_played":"-7210597235045154846","killed_by":"Cultist and Chosen","ascension_level":0,"is_trial":false}