{"gold_per_floor":[145,161,161,173,187,187,198,218,218,231,231,231],"floor_reached":12,"playtime":1104,"items_purged":[],"score":118,"play_id":"bc372401-035a-4e8d-832e-e8fcead74db7","local_time":"20190503114903","is_ascension_mode":true,"campfire_choices":[{"floor":6,"key":"REST"},{"data":"Neutralize","floor":11,"key":"SMITH"}],"neow_cost":"NONE","seed_source_timestamp":5092705257465970,"circlet_count":0,"master_deck":["AscendersBane","Defend_G","Defend_G","Defend_G","Defend_G","Defend_G","Strike_G","Strike_G","Strike_G","Strike_G","Strike_G","Survivor","Neutralize+1","Flying Knee","Backflip","Envenom","Leg Sweep"],"relics":["Ring of the Snake","Tiny Chest","Potion Belt","Blood Vial"],"potions_floor_usage":[7,8],"damage_taken":[{"damage":7,"enemies":"Jaw Worm","floor":1,"turns":6},{"damage":3,"enemies":"Small Slimes","floor":2,"turns":5},{"damage":0,"enemies":"Cultist","floor":4,"turns":4},{"damage":2,"enemies":"Looter","floor":5,"turns":4},{"damage":0,"enemies":"3 Louse","floor":7,"turns":1},{"damage":9,"enemies":"Gremlin Gang","floor":8,"turns":9},{"damage":10,"enemies":"Red Slaver","floor":10,"turns":6},{"damage":31,"enemies":"Lagavulin Event","floor":12,"turns":4}],"seed_played":"-6245613096290345278","potions_obtained":[{"floor":1,"key":"Explosive Potion"},{"floor":4,"key":"SteroidPotion"},{"floor":7,"key":"SpeedPotion"},{"floor":8,"key":"Swift Potion"}],"is_trial":false,"path_per_floor":["M","M","?","M","M","R","M","M","T","M","R","?"],"character_chosen":"THE_SILENT","items_purchased":[],"campfire_rested":1,"item_purchase_floors":[],"current_hp_per_floor":[56,53,35,35,33,54,54,45,45,37,37,8],"gold":231,"neow_bonus":"RANDOM_COMMON_RELIC","is_prod":false,"is_daily":false,"chose_seed":false,"campfire_upgraded":1,"win_rate":0,"timestamp":1556898543,"path_taken":["M","M","?","M","M","R","M","M","T","M","R","?"],"build_version":"2019-01-23","purchased_purges":0,"victory":false,"max_hp_per_floor":[70,70,70,70,70,70,70,70,70,70,70,70],"card_choices":[{"not_picked":["Prepared","Predator"],"picked":"Flying Knee","floor":1},{"not_picked":["Skewer","Cloak And Dagger"],"picked":"Backflip","floor":2},{"not_picked":["Deflect","Underhanded Strike","Slice"],"picked":"SKIP","floor":4},{"not_picked":["Setup","Finisher","Quick Slash"],"picked":"SKIP","floor":5},{"not_picked":["Acrobatics","Prepared","Endless Agony"],"picked":"SKIP","floor":7},{"not_picked":["Escape Plan","Masterful Stab"],"picked":"Envenom","floor":8},{"not_picked":["Deflect","Infinite Blades"],"picked":"Leg Sweep","floor":10}],"player_experience":262627,"relics_obtained":[{"floor":9,"key":"Blood Vial"}],"event_choices":[{"damage_healed":0,"gold_gain":0,"player_choice":"Success","damage_taken":18,"relics_obtained":["Potion Belt"],"max_hp_gain":0,"max_hp_loss":0,"event_name":"Scrap Ooze","floor":3,"gold_loss":0},{"damage_healed":0,"gold_gain":0,"player_choice":"Searched \u00271\u0027 times","damage_taken":0,"max_hp_gain":0,"max_hp_loss":0,"event_name":"Dead Adventurer","floor":12,"gold_loss":0}],"is_beta":false,"boss_relics":[],"items_purged_floors":[],"is_endless":false,"potions_floor_spawned":[1,4,7,8],"killed_by":"Lagavulin Event","ascension_level":12}