{"gold_per_floor":[113,131,144,164,40,40,58,92,92,107,107,107,142,155,155,253,253,276,291,32,50,70,108,108,108,135,135,135,179,197,223,223,322,322,338,338,161,161,19,62,62,78,78,103,103,121,145,158,158,158],"floor_reached":51,"playtime":3310,"items_purged":["Strike_R","Shame"],"score":1329,"play_id":"71fb8cff-2df2-4407-8cc9-e903707b6538","local_time":"20190509035335","is_ascension_mode":true,"campfire_choices":[{"data":"Armaments","floor":6.0,"key":"SMITH"},{"data":"1","floor":11.0,"key":"LIFT"},{"floor":15.0,"key":"REST"},{"data":"2","floor":24.0,"key":"LIFT"},{"floor":27.0,"key":"REST"},{"data":"Dark Embrace","floor":32.0,"key":"SMITH"},{"data":"3","floor":41,"key":"LIFT"},{"data":"Havoc","floor":45,"key":"SMITH"},{"floor":49,"key":"REST"}],"neow_cost":"NONE","seed_source_timestamp":378486834334302,"circlet_count":0,"master_deck":["AscendersBane","Strike_R","Strike_R","Strike_R","Strike_R","Defend_R","Defend_R","Defend_R","Defend_R","Bash","Exhume","Clothesline","Seeing Red+1","Spot Weakness+1","Sword Boomerang","Armaments+1","Anger","Headbutt","Carnage","Whirlwind","Flame Barrier","Impervious","Shrug It Off+1","Twin Strike","Rage","Dark Embrace+1","Corruption+1","Shrug It Off","Impervious","Headbutt","Madness","Madness","Flame Barrier","Shockwave","Metallicize","Havoc+1","Body Slam","Uppercut+1"],"special_seed":0,"relics":["Burning Blood","Girya","Strawberry","Golden Idol","Oddly Smooth Stone","Cursed Key","Meat on the Bone","Darkstone Periapt","Omamori","Lantern","Art of War","Busted Crown","War Paint","Bottled Tornado"],"potions_floor_usage":[44,50],"damage_taken":[{"damage":0.0,"enemies":"Small Slimes","floor":1.0,"turns":3.0},{"damage":0.0,"enemies":"2 Louse","floor":2.0,"turns":3.0},{"damage":10.0,"enemies":"Jaw Worm","floor":3.0,"turns":4.0},{"damage":22.0,"enemies":"Large Slime","floor":4.0,"turns":9.0},{"damage":6.0,"enemies":"Exordium Wildlife","floor":7.0,"turns":4.0},{"damage":25.0,"enemies":"3 Sentries","floor":8.0,"turns":6.0},{"damage":14.0,"enemies":"Lots of Slimes","floor":10.0,"turns":5.0},{"damage":15.0,"enemies":"Lagavulin","floor":13.0,"turns":5.0},{"damage":18.0,"enemies":"Large Slime","floor":14.0,"turns":3.0},{"damage":42.0,"enemies":"Hexaghost","floor":16.0,"turns":10.0},{"damage":33.0,"enemies":"2 Thieves","floor":18.0,"turns":3.0},{"damage":8.0,"enemies":"Shell Parasite","floor":19.0,"turns":4.0},{"damage":6.0,"enemies":"Chosen and Byrds","floor":21.0,"turns":7.0},{"damage":26.0,"enemies":"Snecko","floor":22.0,"turns":4.0},{"damage":24.0,"enemies":"Gremlin Leader","floor":23.0,"turns":7.0},{"damage":20.0,"enemies":"Colosseum Slavers","floor":25.0,"turns":4.0},{"damage":4.0,"enemies":"Slavers","floor":29.0,"turns":3.0},{"damage":12.0,"enemies":"Snake Plant","floor":30.0,"turns":3.0},{"damage":24,"enemies":"Champ","floor":33,"turns":9},{"damage":12,"enemies":"3 Darklings","floor":35,"turns":4},{"damage":0,"enemies":"Giant Head","floor":40,"turns":6},{"damage":0,"enemies":"3 Shapes","floor":42,"turns":6},{"damage":35,"enemies":"3 Darklings","floor":44,"turns":4},{"damage":7,"enemies":"Maw","floor":46,"turns":7},{"damage":0,"enemies":"Writhing Mass","floor":47,"turns":5},{"damage":0,"enemies":"Sphere and 2 Shapes","floor":48,"turns":2},{"damage":31,"enemies":"Donu and Deca","floor":50,"turns":6}],"seed_played":"-1728304205722991194","potions_obtained":[{"floor":7.0,"key":"PowerPotion"},{"floor":8.0,"key":"Regen Potion"},{"floor":10.0,"key":"SkillPotion"},{"floor":14.0,"key":"Fire Potion"},{"floor":16.0,"key":"Weak Potion"},{"floor":18.0,"key":"Block Potion"},{"floor":29.0,"key":"Explosive Potion"},{"floor":30.0,"key":"SpeedPotion"},{"floor":44,"key":"Explosive Potion"},{"floor":48,"key":"PowerPotion"}],"is_trial":false,"path_per_floor":["M","M","M","M","$","R","M","E","T","M","R","?","E","M","R","B",null,"M","M","$","M","M","E","R","?","T","R","?","E","M","T","R","B",null,"M","?","$","?","$","E","R","M","T","M","R","M","M","M","R","B",null],"character_chosen":"IRONCLAD","items_purchased":["Armaments","Meat on the Bone","Flame Barrier","Shockwave","Metallicize"],"campfire_rested":3,"item_purchase_floors":[5,20,37,39,39],"current_hp_per_floor":[74,75,71,55,55,55,55,36,43,35,35,35,40,28,50,14,59,32,30,30,42,34,28,28,26,32,56,56,58,52,52,52,46,72,66,52,52,52,52,58,58,64,64,47,47,58,64,70,80,55],"gold":158,"neow_bonus":"ONE_RANDOM_RARE_CARD","is_prod":false,"is_daily":false,"chose_seed":false,"campfire_upgraded":3,"win_rate":0,"timestamp":1557388415,"path_taken":["M","M","M","M","$","R","M","E","T","M","R","?","E","M","R","BOSS","M","M","$","M","M","E","R","?","T","R","?","E","M","?","R","BOSS","M","?","$","?","$","E","R","M","T","M","R","M","?","M","R","BOSS"],"build_version":"2019-01-23","purchased_purges":2,"victory":true,"max_hp_per_floor":[75,75,75,75,75,75,75,75,82,82,82,74,74,74,74,74,74,74,74,74,74,74,74,74,74,80,80,80,80,80,80,80,80,80,80,80,80,80,80,80,80,80,80,80,80,80,80,80,80,80],"card_choices":[{"not_picked":["Havoc","Thunderclap"],"picked":"Clothesline","floor":1.0},{"not_picked":["Wild Strike","Cleave"],"picked":"Seeing Red","floor":2.0},{"not_picked":["Sentinel","Rage"],"picked":"Spot Weakness","floor":3.0},{"not_picked":["Infernal Blade","Berserk"],"picked":"Sword Boomerang","floor":4.0},{"not_picked":["Body Slam","Clash"],"picked":"Anger","floor":7.0},{"not_picked":["Flex","Shockwave"],"picked":"Headbutt","floor":8.0},{"not_picked":["Clothesline","Corruption"],"picked":"Carnage","floor":10.0},{"not_picked":["Havoc","Clash"],"picked":"Whirlwind","floor":13.0},{"not_picked":["Shockwave","Cleave"],"picked":"Flame Barrier","floor":14.0},{"not_picked":["Reaper","Juggernaut"],"picked":"Impervious","floor":16.0},{"not_picked":["True Grit","Perfected Strike"],"picked":"Shrug It Off+1","floor":18.0},{"not_picked":["Pommel Strike","Body Slam"],"picked":"Twin Strike","floor":19.0},{"not_picked":["Warcry","Evolve","Bloodletting"],"picked":"SKIP","floor":21.0},{"not_picked":["Clothesline","Wild Strike"],"picked":"Rage","floor":22.0},{"not_picked":["Second Wind","Searing Blow"],"picked":"Dark Embrace","floor":23.0},{"not_picked":["Rupture","Second Wind"],"picked":"Corruption+1","floor":29.0},{"not_picked":["Havoc","Rupture"],"picked":"Shrug It Off","floor":30.0},{"not_picked":["Barricade","Feed"],"picked":"Impervious","floor":33},{"not_picked":[],"picked":"Headbutt","floor":35},{"not_picked":[],"picked":"Havoc","floor":40},{"not_picked":[],"picked":"Body Slam","floor":42},{"not_picked":[],"picked":"Uppercut+1","floor":44},{"not_picked":["Clash"],"picked":"SKIP","floor":46},{"not_picked":["Twin Strike"],"picked":"SKIP","floor":47},{"not_picked":["Sword Boomerang"],"picked":"SKIP","floor":48}],"player_experience":452059,"relics_obtained":[{"floor":8.0,"key":"Girya"},{"floor":9.0,"key":"Strawberry"},{"floor":13.0,"key":"Oddly Smooth Stone"},{"floor":23.0,"key":"Darkstone Periapt"},{"floor":26.0,"key":"Omamori"},{"floor":29.0,"key":"Lantern"},{"floor":31.0,"key":"Art of War"},{"floor":40,"key":"War Paint"},{"floor":43,"key":"Bottled Tornado"}],"event_choices":[{"damage_healed":0.0,"max_hp_gain":0.0,"max_hp_loss":8.0,"gold_gain":0.0,"event_name":"Golden Idol","player_choice":"Lose Max HP","floor":12.0,"gold_loss":0.0,"damage_taken":0.0,"relics_obtained":["Golden Idol"]},{"damage_healed":0.0,"max_hp_gain":0.0,"max_hp_loss":0.0,"gold_gain":0.0,"event_name":"Colosseum","player_choice":"Fight","floor":25.0,"gold_loss":0.0,"damage_taken":0.0},{"damage_healed":0.0,"max_hp_gain":0.0,"max_hp_loss":0.0,"gold_gain":0.0,"event_name":"Colosseum","player_choice":"Fled From Nobs","floor":25.0,"gold_loss":0.0,"damage_taken":0.0},{"damage_healed":0.0,"max_hp_gain":0.0,"max_hp_loss":0.0,"gold_gain":0.0,"event_name":"The Library","player_choice":"Read","floor":28.0,"gold_loss":0.0,"damage_taken":0.0,"cards_obtained":["Corruption"]},{"damage_healed":0,"gold_gain":0,"player_choice":"Embrace Madness","damage_taken":14,"max_hp_gain":0,"max_hp_loss":0,"event_name":"Winding Halls","floor":36,"gold_loss":0,"cards_obtained":["Madness","Madness"]},{"cards_removed":["Corruption"],"damage_healed":0,"gold_gain":0,"player_choice":"Card Removal","damage_taken":0,"max_hp_gain":0,"max_hp_loss":0,"event_name":"Wheel of Change","floor":38,"gold_loss":0}],"is_beta":false,"boss_relics":[{"not_picked":["Pandora\u0027s Box","Lizard Tail"],"picked":"Cursed Key"},{"not_picked":["Black Star","Velvet Choker"],"picked":"Busted Crown"}],"items_purged_floors":[5,37],"is_endless":false,"potions_floor_spawned":[7,8,10,14,16,18,29,30,40,44,48],"ascension_level":15}