{"gold_per_floor":[113,113,128,141,9,43,55,73,73,73,73,73,87,98,98,175,175,185,85,103,153,153],"floor_reached":22,"playtime":1241,"items_purged":["Regret","Parasite"],"score":376,"play_id":"09a6eea4-3f97-4450-bf30-5482622dbfa5","local_time":"20190506182634","is_ascension_mode":true,"campfire_choices":[{"data":"1","floor":12.0,"key":"LIFT"},{"data":"Phantasmal Killer","floor":15.0,"key":"SMITH"}],"neow_cost":"NONE","seed_source_timestamp":173750927870721,"circlet_count":0,"master_deck":["AscendersBane","Defend_G","Defend_G","Defend_G","Defend_G","Defend_G","Strike_G","Strike_G","Strike_G","Strike_G","Strike_G","Survivor","Neutralize","Choke","Dodge and Roll","Dagger Spray","PiercingWail","Terror","Sucker Punch+1","Well Laid Plans","Phantasmal Killer+1","Flying Knee","A Thousand Cuts","Cloak And Dagger","Infinite Blades"],"special_seed":0,"relics":["Ring of the Snake","Anchor","Centennial Puzzle","Girya","Pear","Cursed Key"],"potions_floor_usage":[22],"damage_taken":[{"damage":0.0,"enemies":"Small Slimes","floor":1.0,"turns":4.0},{"damage":1.0,"enemies":"2 Louse","floor":3.0,"turns":3.0},{"damage":2.0,"enemies":"Jaw Worm","floor":4.0,"turns":5.0},{"damage":51.0,"enemies":"Gremlin Nob","floor":6.0,"turns":6.0},{"damage":4.0,"enemies":"Large Slime","floor":7.0,"turns":5.0},{"damage":0.0,"enemies":"Blue Slaver","floor":8.0,"turns":5.0},{"damage":0.0,"enemies":"Red Slaver","floor":13.0,"turns":3.0},{"damage":0.0,"enemies":"3 Louse","floor":14.0,"turns":2.0},{"damage":7.0,"enemies":"Slime Boss","floor":16.0,"turns":9.0},{"damage":18.0,"enemies":"3 Byrds","floor":18.0,"turns":5.0},{"damage":16,"enemies":"Shell Parasite","floor":20,"turns":5},{"damage":29,"enemies":"Cultist and Chosen","floor":22,"turns":7}],"seed_played":"4741448826626822193","potions_obtained":[{"floor":1.0,"key":"SneckoOil"},{"floor":8.0,"key":"Fire Potion"},{"floor":16.0,"key":"Weak Potion"},{"floor":20,"key":"GamblersBrew"}],"is_trial":false,"path_per_floor":["M","?","M","M","$","E","M","M","T","?","?","R","M","M","R","B",null,"M","$","M","?","M"],"character_chosen":"THE_SILENT","items_purchased":["PiercingWail"],"campfire_rested":0,"item_purchase_floors":[5],"current_hp_per_floor":[59,59,58,56,56,5,1,1,11,11,30,30,30,30,30,23,63,45,45,29,29,0],"gold":153,"neow_bonus":"RANDOM_COMMON_RELIC","is_prod":false,"is_daily":false,"chose_seed":false,"campfire_upgraded":1,"win_rate":0,"timestamp":1557181594,"path_taken":["M","?","M","M","$","E","M","M","T","?","?","R","M","M","R","BOSS","M","$","M","?","M"],"build_version":"2019-01-23","purchased_purges":2,"victory":false,"max_hp_per_floor":[66,66,66,66,66,66,66,66,76,76,76,76,76,76,76,76,76,76,73,73,73,73],"card_choices":[{"not_picked":["Dodge and Roll","Setup"],"picked":"Choke","floor":1.0},{"not_picked":["Calculated Gamble","Concentrate"],"picked":"Dodge and Roll","floor":3.0},{"not_picked":["Dagger Throw","Bane"],"picked":"Dagger Spray","floor":4.0},{"not_picked":["Choke","Flechettes"],"picked":"Terror","floor":6.0},{"not_picked":["Bane","Calculated Gamble"],"picked":"Sucker Punch","floor":7.0},{"not_picked":["Noxious Fumes","Masterful Stab"],"picked":"Well Laid Plans","floor":8.0},{"not_picked":["Outmaneuver","Slice"],"picked":"Phantasmal Killer","floor":13.0},{"not_picked":["Caltrops","Quick Slash"],"picked":"Flying Knee","floor":14.0},{"not_picked":["Phantasmal Killer","Tools of the Trade"],"picked":"A Thousand Cuts","floor":16.0},{"not_picked":["Quick Slash","Deflect"],"picked":"Cloak And Dagger","floor":18.0},{"not_picked":["Deadly Poison","All Out Attack"],"picked":"Infinite Blades","floor":20}],"player_experience":380762,"relics_obtained":[{"floor":6.0,"key":"Girya"},{"floor":9.0,"key":"Pear"}],"event_choices":[{"damage_healed":0.0,"max_hp_gain":0.0,"max_hp_loss":0.0,"gold_gain":0.0,"event_name":"Big Fish","player_choice":"Box","floor":2.0,"gold_loss":0.0,"damage_taken":0.0,"relics_obtained":["Centennial Puzzle"],"cards_obtained":["Regret"]},{"damage_healed":0.0,"max_hp_gain":0.0,"max_hp_loss":0.0,"gold_gain":0.0,"event_name":"Living Wall","player_choice":"Grow","floor":10.0,"gold_loss":0.0,"damage_taken":0.0,"cards_upgraded":["Sucker Punch"]},{"damage_healed":19.0,"max_hp_gain":0.0,"max_hp_loss":0.0,"gold_gain":0.0,"event_name":"Mushrooms","player_choice":"Healed and dodged fight","floor":11.0,"gold_loss":0.0,"damage_taken":0.0,"cards_obtained":["Parasite"]},{"damage_healed":0,"gold_gain":50,"player_choice":"Stole From Cult","damage_taken":0,"max_hp_gain":0,"max_hp_loss":0,"event_name":"Nest","floor":21,"gold_loss":0}],"is_beta":false,"boss_relics":[{"not_picked":["Busted Crown","Runic Dome"],"picked":"Cursed Key"}],"items_purged_floors":[5,19],"is_endless":false,"potions_floor_spawned":[1,8,16,20],"killed_by":"Cultist and Chosen","ascension_level":20}