{"gold_per_floor":[118,129,129,129,145,145,165,177,177,177],"floor_reached":10,"playtime":328,"items_purged":[],"score":120,"play_id":"43d2864c-b4a3-4772-9653-f699f07da454","local_time":"20190522225451","is_ascension_mode":true,"campfire_choices":[{"floor":6,"key":"REST"}],"neow_cost":"NONE","seed_source_timestamp":192409118580119,"circlet_count":0,"master_deck":["AscendersBane","Strike_B+1","Strike_B","Strike_B","Strike_B","Defend_B","Defend_B","Defend_B","Defend_B","Zap","Dualcast","Creative AI","Steam+1","Coolheaded","Darkness","Coolheaded"],"relics":["Cracked Core","Cables"],"potions_floor_usage":[7],"damage_taken":[{"damage":5,"enemies":"Small Slimes","floor":1,"turns":4},{"damage":9,"enemies":"Jaw Worm","floor":2,"turns":5},{"damage":0,"enemies":"2 Louse","floor":5,"turns":1},{"damage":11,"enemies":"Large Slime","floor":7,"turns":5},{"damage":10,"enemies":"Blue Slaver","floor":8,"turns":5},{"damage":32,"enemies":"Gremlin Nob","floor":10,"turns":3}],"seed_played":"-708280137359805346","potions_obtained":[{"floor":2,"key":"Energy Potion"},{"floor":5,"key":"SneckoOil"}],"is_trial":false,"path_per_floor":["M","M","?","?","M","R","M","M","T","E"],"character_chosen":"DEFECT","items_purchased":[],"campfire_rested":1,"item_purchase_floors":[],"current_hp_per_floor":[59,50,50,29,29,50,39,29,29,0],"gold":177,"neow_bonus":"ONE_RANDOM_RARE_CARD","is_prod":false,"is_daily":false,"chose_seed":false,"campfire_upgraded":0,"win_rate":0,"timestamp":1558580091,"path_taken":["M","M","?","?","M","R","M","M","T","E"],"build_version":"2019-01-23","purchased_purges":0,"victory":false,"max_hp_per_floor":[71,71,71,71,71,71,71,71,71,71],"card_choices":[{"not_picked":["Rebound","Leap","Force Field"],"picked":"SKIP","floor":1},{"not_picked":["Stack","Barrage"],"picked":"Steam","floor":2},{"not_picked":["Leap","Consume"],"picked":"Coolheaded","floor":5},{"not_picked":["Loop","Turbo"],"picked":"Darkness","floor":7},{"not_picked":["Thunder Strike","Rebound"],"picked":"Coolheaded","floor":8}],"player_experience":752437,"relics_obtained":[{"floor":9,"key":"Cables"}],"event_choices":[{"damage_healed":0,"gold_gain":0,"player_choice":"Ignored","damage_taken":0,"max_hp_gain":0,"max_hp_loss":0,"event_name":"Liars Game","floor":3,"gold_loss":0},{"damage_healed":0,"gold_gain":0,"player_choice":"Entered Light","damage_taken":21,"max_hp_gain":0,"max_hp_loss":0,"event_name":"Shining Light","floor":4,"gold_loss":0,"cards_upgraded":["Strike_B","Steam"]}],"is_beta":false,"boss_relics":[],"items_purged_floors":[],"is_endless":false,"potions_floor_spawned":[2,5],"killed_by":"Gremlin Nob","ascension_level":20}