{"gold_per_floor":[111,286,113,113,113,139,150,150,177,177,177,192,206,206,206,307,307,324,324,423,435,435,435,450,450,473,473,473,484,502,522,522,626,626,638,261,314,274,285,285,298,298,298,324,338,338,255,268,268,268],"floor_reached":51,"playtime":1434,"items_purged":["Doubt"],"score":885,"play_id":"51abe3e2-814f-4fd6-adca-fe163a07e33e","local_time":"20190504132539","is_ascension_mode":true,"campfire_choices":[{"data":"Searing Blow","floor":8.0,"key":"SMITH"},{"data":"Searing Blow+1","floor":11.0,"key":"SMITH"},{"data":"Searing Blow+2","floor":15.0,"key":"SMITH"},{"data":"Armaments","floor":23.0,"key":"SMITH"},{"data":"Searing Blow+3","floor":25.0,"key":"SMITH"},{"data":"Searing Blow+4","floor":28.0,"key":"SMITH"},{"data":"Searing Blow+5","floor":32.0,"key":"SMITH"},{"data":"Searing Blow+7","floor":40,"key":"SMITH"},{"data":"Searing Blow+8","floor":42,"key":"SMITH"},{"data":"Searing Blow+9","floor":46,"key":"SMITH"},{"data":"Searing Blow+10","floor":49,"key":"SMITH"}],"neow_cost":"NONE","seed_source_timestamp":11951353966100,"circlet_count":0,"master_deck":["Strike_R","Strike_R","Defend_R","Defend_R","Defend_R","Bash+1","Searing Blow+11","Blind","Headbutt+1","Double Tap","Armaments+1","Disarm+1","Cleave+1","Immolate+1","Metallicize","Metallicize+1","Dark Shackles"],"special_seed":0,"relics":["Burning Blood","NeowsBlessing","Mango","Bag of Marbles","Busted Crown","PreservedInsect","MutagenicStrength","Astrolabe","Orichalcum","Blood Vial","Peace Pipe","Kunai","Oddly Smooth Stone"],"potions_floor_usage":[33,33,33,50,50],"damage_taken":[{"damage":0.0,"enemies":"Jaw Worm","floor":1.0,"turns":1.0},{"damage":0.0,"enemies":"3 Sentries","floor":6.0,"turns":1.0},{"damage":0.0,"enemies":"Small Slimes","floor":7.0,"turns":1.0},{"damage":0.0,"enemies":"Cultist","floor":12.0,"turns":2.0},{"damage":8.0,"enemies":"2 Fungi Beasts","floor":13.0,"turns":3.0},{"damage":40.0,"enemies":"The Guardian","floor":16.0,"turns":9.0},{"damage":25.0,"enemies":"2 Thieves","floor":18.0,"turns":4.0},{"damage":7.0,"enemies":"Chosen","floor":21.0,"turns":2.0},{"damage":10.0,"enemies":"3 Cultists","floor":24.0,"turns":5.0},{"damage":5.0,"enemies":"Centurion and Healer","floor":29.0,"turns":3.0},{"damage":23.0,"enemies":"Snake Plant","floor":30.0,"turns":4.0},{"damage":0.0,"enemies":"Snecko","floor":31.0,"turns":2.0},{"damage":57,"enemies":"Automaton","floor":33,"turns":7},{"damage":0,"enemies":"Orb Walker","floor":35,"turns":1},{"damage":13,"enemies":"2 Orb Walkers","floor":37,"turns":4},{"damage":0,"enemies":"3 Shapes","floor":39,"turns":2},{"damage":13,"enemies":"Maw","floor":41,"turns":5},{"damage":3,"enemies":"Reptomancer","floor":44,"turns":3},{"damage":21,"enemies":"Jaw Worm Horde","floor":45,"turns":4},{"damage":0,"enemies":"Transient","floor":48,"turns":5},{"damage":37,"enemies":"Time Eater","floor":50,"turns":6}],"seed_played":"2866134124455309851","potions_obtained":[{"floor":1.0,"key":"FearPotion"},{"floor":6.0,"key":"LiquidBronze"},{"floor":7.0,"key":"Block Potion"},{"floor":31.0,"key":"PowerPotion"},{"floor":33,"key":"PowerPotion"},{"floor":35,"key":"PowerPotion"},{"floor":41,"key":"Strength Potion"}],"is_trial":false,"path_per_floor":["M","?","$","?","$","E","M","R","T","?","R","M","M","?","R","B",null,"M","$","?","M","?","R","M","R","T","?","R","M","M","M","R","B",null,"M","$","?","?","M","R","M","R","T","E","M","R","$","M","R","B",null],"character_chosen":"IRONCLAD","items_purchased":["Blind","Metallicize","Orichalcum","Blood Vial","Dark Shackles"],"campfire_rested":0,"item_purchase_floors":[3,36,36,36,47],"current_hp_per_floor":[80,80,80,87,87,93,94,94,94,94,94,94,92,73,73,39,94,75,75,75,74,74,74,70,70,70,70,70,71,54,60,60,9,94,94,94,87,87,94,94,87,87,87,92,79,79,79,87,87,58],"gold":268,"neow_bonus":"THREE_ENEMY_KILL","is_prod":false,"is_daily":false,"chose_seed":false,"campfire_upgraded":11,"win_rate":0,"timestamp":1556994339,"path_taken":["M","?","$","?","?","E","M","R","T","?","R","M","?","?","R","BOSS","M","$","?","M","?","R","M","R","T","?","R","?","M","M","R","BOSS","M","$","?","?","?","R","?","R","T","E","M","R","$","?","R","BOSS"],"build_version":"2019-01-23","purchased_purges":1,"victory":true,"max_hp_per_floor":[80,80,80,94,94,94,94,94,94,94,94,94,94,94,94,94,94,94,94,94,94,94,94,94,94,94,94,94,94,94,94,94,94,94,94,94,94,94,94,94,94,94,94,94,94,94,94,94,94,94],"card_choices":[{"not_picked":["True Grit","Dual Wield"],"picked":"Searing Blow","floor":1.0},{"not_picked":["Hemokinesis","Cleave","Pummel"],"picked":"SKIP","floor":6.0},{"not_picked":["Rampage","Clothesline","Flex"],"picked":"SKIP","floor":7.0},{"not_picked":["Warcry","Reckless Charge","Power Through"],"picked":"SKIP","floor":12.0},{"not_picked":["Wild Strike","Feel No Pain"],"picked":"Headbutt","floor":13.0},{"not_picked":["Barricade","Reaper"],"picked":"Double Tap","floor":16.0},{"not_picked":["Uppercut"],"picked":"SKIP","floor":18.0},{"not_picked":[],"picked":"Armaments","floor":21.0},{"not_picked":["Thunderclap"],"picked":"SKIP","floor":24.0},{"not_picked":["Perfected Strike"],"picked":"SKIP","floor":29.0},{"not_picked":["Sword Boomerang"],"picked":"SKIP","floor":30.0},{"not_picked":["Cleave"],"picked":"SKIP","floor":31.0},{"not_picked":["Corruption+1"],"picked":"SKIP","floor":35},{"not_picked":["Cleave"],"picked":"SKIP","floor":39},{"not_picked":["Headbutt+1"],"picked":"SKIP","floor":41},{"not_picked":[],"picked":"Metallicize+1","floor":44},{"not_picked":["Hemokinesis"],"picked":"SKIP","floor":45},{"not_picked":["Rage+1"],"picked":"SKIP","floor":48}],"player_experience":196944,"relics_obtained":[{"floor":9.0,"key":"Bag of Marbles"},{"floor":26.0,"key":"PreservedInsect"},{"floor":37,"key":"Peace Pipe"},{"floor":43,"key":"Kunai"},{"floor":44,"key":"Oddly Smooth Stone"}],"event_choices":[{"damage_healed":0.0,"max_hp_gain":0.0,"max_hp_loss":0.0,"gold_gain":175.0,"event_name":"Liars Game","player_choice":"AGREE","floor":2.0,"gold_loss":0.0,"damage_taken":0.0,"cards_obtained":["Doubt"]},{"damage_healed":0.0,"max_hp_gain":0.0,"max_hp_loss":0.0,"gold_gain":0.0,"event_name":"Scrap Ooze","player_choice":"Success","floor":4.0,"gold_loss":0.0,"damage_taken":7.0,"relics_obtained":["Mango"]},{"cards_removed":["Strike_R"],"damage_healed":0.0,"max_hp_gain":0.0,"max_hp_loss":0.0,"gold_gain":0.0,"event_name":"Purifier","player_choice":"Purged","floor":10.0,"gold_loss":0.0,"damage_taken":0.0},{"damage_healed":0.0,"max_hp_gain":0.0,"max_hp_loss":0.0,"gold_gain":0.0,"event_name":"Shining Light","player_choice":"Entered Light","floor":14.0,"gold_loss":0.0,"damage_taken":19.0,"cards_upgraded":["Bash","Headbutt"]},{"damage_healed":0.0,"max_hp_gain":0.0,"max_hp_loss":0.0,"gold_gain":99.0,"event_name":"Nest","player_choice":"Stole From Cult","floor":20.0,"gold_loss":0.0,"damage_taken":0.0},{"damage_healed":0.0,"max_hp_gain":0.0,"max_hp_loss":0.0,"gold_gain":0.0,"event_name":"Ghosts","player_choice":"Ignored","floor":22.0,"gold_loss":0.0,"damage_taken":0.0},{"damage_healed":0.0,"max_hp_gain":0.0,"max_hp_loss":0.0,"gold_gain":0.0,"event_name":"Drug Dealer","player_choice":"Inject Mutagens","floor":27.0,"gold_loss":0.0,"damage_taken":0.0,"relics_obtained":["MutagenicStrength"]},{"damage_healed":0,"gold_gain":0,"player_choice":"Fight","damage_taken":0,"max_hp_gain":0,"max_hp_loss":0,"event_name":"Mysterious Sphere","floor":37,"gold_loss":0},{"damage_healed":0,"gold_gain":0,"player_choice":"Upgrade","damage_taken":0,"max_hp_gain":0,"max_hp_loss":0,"event_name":"Designer","floor":38,"gold_loss":40,"cards_upgraded":["Searing Blow"]}],"is_beta":false,"boss_relics":[{"not_picked":["Philosopher\u0027s Stone","Cursed Key"],"picked":"Busted Crown"},{"not_picked":["Velvet Choker","Eternal Feather"],"picked":"Astrolabe"}],"items_purged_floors":[3],"is_endless":false,"potions_floor_spawned":[1,6,7,21,31,33,35,41],"ascension_level":4}