{"gold_per_floor":[116,116,141,154,170,170,209,209,209,222,262,37,50,94,94,218,218,231,231,231],"floor_reached":20,"playtime":1327,"items_purged":[],"score":219,"play_id":"849f0291-f012-4f2a-a12b-4debf30a7a93","local_time":"20190702015810","is_ascension_mode":false,"campfire_choices":[{"data":"Carnage","floor":6,"key":"SMITH"},{"data":"Metallicize","floor":8,"key":"SMITH"},{"floor":15,"key":"REST"}],"neow_cost":"NONE","seed_source_timestamp":819082673310001,"circlet_count":0,"master_deck":["Strike_R","Strike_R","Strike_R","Strike_R","Strike_R","Defend_R","Defend_R","Defend_R","Defend_R","Bash","Cleave","Inflame","Metallicize+1","Carnage+1","Blood for Blood","Flame Barrier","Iron Wave","Immolate","Limit Break","Seeing Red","Twin Strike","Iron Wave","Barricade","Sword Boomerang","Ghostly","Ghostly","Ghostly","Ghostly","Ghostly"],"relics":["Black Blood","Golden Idol","Blood Vial","Bottled Flame","Shovel","Dream Catcher","Shuriken"],"potions_floor_usage":[5,7,11,14],"damage_taken":[{"damage":10,"enemies":"Jaw Worm","floor":1,"turns":4},{"damage":1,"enemies":"2 Louse","floor":3,"turns":3},{"damage":0,"enemies":"Small Slimes","floor":4,"turns":3},{"damage":14,"enemies":"Exordium Wildlife","floor":5,"turns":4},{"damage":13,"enemies":"Gremlin Nob","floor":7,"turns":4},{"damage":12,"enemies":"Exordium Thugs","floor":10,"turns":4},{"damage":25,"enemies":"Lagavulin","floor":11,"turns":6},{"damage":15,"enemies":"3 Louse","floor":13,"turns":4},{"damage":22,"enemies":"Gremlin Nob","floor":14,"turns":5},{"damage":36,"enemies":"Hexaghost","floor":16,"turns":13},{"damage":22,"enemies":"2 Thieves","floor":18,"turns":5},{"damage":40,"enemies":"Spheric Guardian","floor":20,"turns":7}],"seed_played":"-5627230793606395511","potions_obtained":[{"floor":1,"key":"Weak Potion"},{"floor":3,"key":"FearPotion"},{"floor":5,"key":"FairyPotion"},{"floor":10,"key":"Explosive Potion"},{"floor":13,"key":"SkillPotion"}],"is_trial":false,"path_per_floor":["M","?","M","M","M","R","E","R","T","M","E","$","M","E","R","B",null,"M","?","M"],"character_chosen":"IRONCLAD","items_purchased":["Dream Catcher","Limit Break"],"campfire_rested":1,"item_purchase_floors":[12,12],"current_hp_per_floor":[76,56,61,67,59,59,52,52,52,48,31,31,24,10,34,14,80,68,40,0],"gold":231,"neow_bonus":"THREE_CARDS","is_prod":false,"is_daily":false,"chose_seed":false,"campfire_upgraded":2,"win_rate":0.0,"timestamp":1562057890,"path_taken":["M","?","M","M","M","R","E","R","T","M","E","$","M","E","R","BOSS","M","?","M"],"build_version":"2019-07-01","purchased_purges":0,"victory":false,"max_hp_per_floor":[80,80,80,80,80,80,80,80,80,80,80,80,80,80,80,80,80,80,40,40],"card_choices":[{"not_picked":["Iron Wave","Havoc"],"picked":"Cleave","floor":0},{"not_picked":["Warcry","Rupture"],"picked":"Inflame","floor":1},{"not_picked":["Havoc","Body Slam"],"picked":"Metallicize","floor":3},{"not_picked":["Warcry","Anger"],"picked":"Carnage","floor":4},{"not_picked":["Wild Strike","Rupture"],"picked":"Blood for Blood","floor":5},{"not_picked":["Twin Strike","Warcry"],"picked":"Flame Barrier","floor":7},{"not_picked":["Searing Blow","Entrench"],"picked":"Iron Wave","floor":10},{"not_picked":["Clash","Body Slam"],"picked":"Immolate","floor":11},{"not_picked":["Carnage","Evolve"],"picked":"Seeing Red","floor":13},{"not_picked":["Iron Wave","Warcry"],"picked":"Twin Strike","floor":14},{"not_picked":["Warcry","Entrench"],"picked":"Iron Wave","floor":15},{"not_picked":["Immolate","Berserk"],"picked":"Barricade","floor":16},{"not_picked":["Warcry+1","Thunderclap"],"picked":"Sword Boomerang","floor":18}],"player_experience":73724,"relics_obtained":[{"floor":7,"key":"Blood Vial"},{"floor":9,"key":"Bottled Flame"},{"floor":11,"key":"Shovel"},{"floor":14,"key":"Shuriken"}],"event_choices":[{"damage_healed":0,"gold_gain":0,"player_choice":"Take Damage","damage_taken":20,"relics_obtained":["Golden Idol"],"max_hp_gain":0,"max_hp_loss":0,"event_name":"Golden Idol","floor":2,"gold_loss":0},{"damage_healed":0,"gold_gain":0,"player_choice":"Became a Ghost","damage_taken":0,"max_hp_gain":0,"max_hp_loss":40,"event_name":"Ghosts","floor":19,"gold_loss":0,"cards_obtained":["Ghostly","Ghostly","Ghostly","Ghostly","Ghostly"]}],"is_beta":false,"boss_relics":[{"not_picked":["Empty Cage","Sozu"],"picked":"Black Blood"}],"items_purged_floors":[],"is_endless":false,"potions_floor_spawned":[1,3,5,10,13],"killed_by":"Spheric Guardian","ascension_level":0}