{"gold_per_floor":[361,378,4,24,38,71,84,99,99,99,133,147,159,173,173,173],"floor_reached":16,"playtime":1052,"items_purged":[],"score":118,"play_id":"b804960a-c851-45fe-aca1-b38f82c3a7fa","local_time":"20190703130717","is_ascension_mode":false,"campfire_choices":[{"floor":15,"key":"REST"}],"neow_cost":"CURSE","seed_source_timestamp":945905498692374,"circlet_count":0,"master_deck":["Strike_R","Strike_R","Strike_R","Strike_R","Strike_R","Defend_R","Defend_R","Defend_R","Defend_R","Bash","Pain","Anger","Cleave","Spot Weakness","Heavy Blade","Seeing Red","Pummel","Ghostly Armor","Armaments","Bludgeon","Sword Boomerang","Infernal Blade","Evolve"],"relics":["Burning Blood","Dead Branch","Red Skull","Bottled Lightning","PreservedInsect"],"potions_floor_usage":[11,16,16],"damage_taken":[{"damage":16,"enemies":"Cultist","floor":1,"turns":5},{"damage":3,"enemies":"Small Slimes","floor":2,"turns":3},{"damage":14,"enemies":"Jaw Worm","floor":4,"turns":4},{"damage":7,"enemies":"Gremlin Gang","floor":5,"turns":3},{"damage":35,"enemies":"Gremlin Nob","floor":6,"turns":4},{"damage":2,"enemies":"Large Slime","floor":7,"turns":2},{"damage":3,"enemies":"Exordium Wildlife","floor":8,"turns":2},{"damage":20,"enemies":"3 Sentries","floor":11,"turns":6},{"damage":3,"enemies":"Exordium Thugs","floor":12,"turns":4},{"damage":5,"enemies":"Looter","floor":13,"turns":2},{"damage":4,"enemies":"Gremlin Gang","floor":14,"turns":1},{"damage":78,"enemies":"The Guardian","floor":16,"turns":9}],"seed_played":"-7736132693247410655","potions_obtained":[{"floor":5,"key":"GamblersBrew"},{"floor":11,"key":"SkillPotion"},{"floor":12,"key":"Ancient Potion"},{"floor":13,"key":"Regen Potion"}],"is_trial":false,"path_per_floor":["M","M","$","M","M","E","M","M","T","?","E","M","M","M","R","B"],"character_chosen":"IRONCLAD","items_purchased":["Dead Branch","Spot Weakness"],"campfire_rested":1,"item_purchase_floors":[3,3],"current_hp_per_floor":[70,73,73,65,64,35,39,42,42,42,28,31,32,34,58,0],"gold":173,"neow_bonus":"TWO_FIFTY_GOLD","is_prod":false,"is_daily":false,"chose_seed":false,"campfire_upgraded":0,"win_rate":0.0,"timestamp":1562184437,"path_taken":["M","?","?","?","M","E","M","M","T","?","E","M","?","M","R","BOSS"],"build_version":"2019-07-01","purchased_purges":0,"victory":false,"max_hp_per_floor":[80,80,80,80,80,80,80,80,80,80,80,80,80,80,80,80],"card_choices":[{"not_picked":["Havoc","Warcry"],"picked":"Anger","floor":1},{"not_picked":["Havoc","Twin Strike"],"picked":"Cleave","floor":2},{"not_picked":["Fire Breathing","Armaments"],"picked":"Heavy Blade","floor":4},{"not_picked":["Whirlwind","Perfected Strike"],"picked":"Seeing Red","floor":5},{"not_picked":["Offering","Anger"],"picked":"Pummel","floor":6},{"not_picked":["Body Slam","Entrench"],"picked":"Ghostly Armor","floor":7},{"not_picked":["Battle Trance","Reckless Charge"],"picked":"Armaments","floor":8},{"not_picked":["Heavy Blade","Ghostly Armor"],"picked":"Bludgeon","floor":11},{"not_picked":["Headbutt","Clothesline"],"picked":"Sword Boomerang","floor":12},{"not_picked":["Heavy Blade","Pommel Strike"],"picked":"Infernal Blade","floor":13},{"not_picked":["Iron Wave","Havoc"],"picked":"Evolve","floor":14}],"player_experience":83041,"relics_obtained":[{"floor":6,"key":"Red Skull"},{"floor":9,"key":"Bottled Lightning"},{"floor":11,"key":"PreservedInsect"}],"event_choices":[{"damage_healed":0,"gold_gain":0,"player_choice":"Ignored","damage_taken":0,"max_hp_gain":0,"max_hp_loss":0,"event_name":"NoteForYourself","floor":10,"gold_loss":0}],"is_beta":false,"boss_relics":[],"items_purged_floors":[],"is_endless":false,"potions_floor_spawned":[5,11,12,13],"killed_by":"The Guardian","ascension_level":0}