{"gold_per_floor":[119,132,49,49,49,83,83,101,127,144,157,157,177,252,252,331,331,341,391,309,327,327],"floor_reached":22,"playtime":688,"items_purged":[],"score":380,"play_id":"8fba4bcc-9f13-4d4e-9ce7-7d3dd380cfae","local_time":"20190703200855","is_ascension_mode":true,"campfire_choices":[{"data":"Dualcast","floor":7,"key":"SMITH"},{"data":"Defragment","floor":12,"key":"SMITH"},{"data":"Defragment","floor":15,"key":"SMITH"}],"neow_cost":"NONE","seed_source_timestamp":377193893417828,"circlet_count":0,"master_deck":["AscendersBane","Strike_B","Strike_B","Strike_B","Strike_B","Defend_B","Defend_B","Defend_B","Defend_B","Zap+1","Dualcast+1","Coolheaded","Defragment+1","Defragment+1","Coolheaded","Ball Lightning","Rainbow","White Noise","Echo Form","BootSequence+1","Sweeping Beam"],"relics":["Cracked Core","NeowsBlessing","Kunai","Vajra","Regal Pillow","Philosopher\u0027s Stone","Bag of Marbles"],"potions_floor_usage":[11,13,16],"damage_taken":[{"damage":0,"enemies":"Small Slimes","floor":1,"turns":1},{"damage":0,"enemies":"Jaw Worm","floor":2,"turns":1},{"damage":0,"enemies":"Gremlin Nob","floor":6,"turns":1},{"damage":0,"enemies":"Cultist","floor":8,"turns":3},{"damage":7,"enemies":"Looter","floor":10,"turns":3},{"damage":6,"enemies":"3 Louse","floor":11,"turns":2},{"damage":11,"enemies":"Gremlin Gang","floor":13,"turns":5},{"damage":18,"enemies":"Hexaghost","floor":16,"turns":7},{"damage":37,"enemies":"3 Byrds","floor":18,"turns":4},{"damage":2,"enemies":"Shell Parasite","floor":21,"turns":4},{"damage":25,"enemies":"Snake Plant","floor":22,"turns":4}],"seed_played":"4702902819341060105","potions_obtained":[{"floor":10,"key":"Explosive Potion"},{"floor":11,"key":"Block Potion"},{"floor":13,"key":"Swift Potion"},{"floor":21,"key":"FearPotion"}],"is_trial":false,"path_per_floor":["M","M","$","?","T","E","R","M","T","M","M","R","M","?","R","B",null,"M","?","?","M","M"],"character_chosen":"DEFECT","items_purchased":["Defragment"],"campfire_rested":0,"item_purchase_floors":[3],"current_hp_per_floor":[64,64,64,64,64,64,64,64,64,57,51,51,40,29,29,11,56,19,19,19,17,0],"gold":327,"neow_bonus":"THREE_ENEMY_KILL","is_prod":false,"is_daily":false,"chose_seed":false,"campfire_upgraded":3,"win_rate":0,"timestamp":1562155735,"path_taken":["M","M","$","?","?","E","R","M","T","M","?","R","M","?","R","BOSS","M","?","?","M","M"],"build_version":"2019-07-01","purchased_purges":0,"victory":false,"max_hp_per_floor":[71,71,71,71,71,71,71,71,71,71,71,71,71,71,71,71,71,71,71,71,71,71],"card_choices":[{"not_picked":["Beam Cell","Stack"],"picked":"Coolheaded","floor":1},{"not_picked":["Sweeping Beam","Aggregate"],"picked":"Defragment","floor":2},{"not_picked":["Beam Cell","Storm"],"picked":"Coolheaded","floor":6},{"not_picked":["Redo","Coolheaded","Barrage"],"picked":"SKIP","floor":8},{"not_picked":["Consume","Sweeping Beam"],"picked":"Ball Lightning","floor":10},{"not_picked":["Cold Snap","Conserve Battery"],"picked":"Rainbow","floor":11},{"not_picked":["Coolheaded","Barrage"],"picked":"White Noise","floor":13},{"not_picked":["Creative AI","Rainbow"],"picked":"Echo Form","floor":16},{"not_picked":["Go for the Eyes","Streamline"],"picked":"BootSequence+1","floor":18},{"not_picked":["Gash","Darkness"],"picked":"Sweeping Beam","floor":21}],"player_experience":1159866,"relics_obtained":[{"floor":5,"key":"Kunai"},{"floor":6,"key":"Vajra"},{"floor":9,"key":"Regal Pillow"}],"event_choices":[{"damage_healed":0,"gold_gain":0,"player_choice":"Grow","damage_taken":0,"max_hp_gain":0,"max_hp_loss":0,"event_name":"Living Wall","floor":4,"gold_loss":0,"cards_upgraded":["Zap"]},{"damage_healed":0,"gold_gain":75,"player_choice":"Gather Gold","damage_taken":11,"max_hp_gain":0,"max_hp_loss":0,"event_name":"World of Goop","floor":14,"gold_loss":0},{"damage_healed":0,"gold_gain":50,"player_choice":"Stole From Cult","damage_taken":0,"max_hp_gain":0,"max_hp_loss":0,"event_name":"Nest","floor":19,"gold_loss":0},{"damage_healed":0,"gold_gain":0,"player_choice":"Paid Gold","damage_taken":0,"relics_obtained":["Bag of Marbles"],"max_hp_gain":0,"max_hp_loss":0,"event_name":"WeMeetAgain","floor":20,"gold_loss":82}],"is_beta":false,"boss_relics":[{"not_picked":["Fusion Hammer","White Beast Statue"],"picked":"Philosopher\u0027s Stone"}],"items_purged_floors":[],"is_endless":false,"potions_floor_spawned":[10,11,13,21],"killed_by":"Snake Plant","ascension_level":16}