{"gold_per_floor":[116,191,206,217,197,223,223,254,278,278],"floor_reached":10,"playtime":548,"items_purged":[],"score":137,"play_id":"d6ae2ac9-4389-42b9-bec0-1f802a80c4e2","local_time":"20190703195646","is_ascension_mode":true,"campfire_choices":[{"floor":7,"key":"REST"}],"neow_cost":"NONE","seed_source_timestamp":376598790952688,"circlet_count":0,"master_deck":["AscendersBane","Strike_B","Strike_B","Strike_B","Defend_B","Defend_B","Defend_B","Zap","Dualcast","Doom and Gloom","Coolheaded","Darkness","Coolheaded","Conserve Battery"],"relics":["Empty Cage","Pen Nib","Bag of Marbles","PreservedInsect"],"potions_floor_usage":[6,10],"damage_taken":[{"damage":4,"enemies":"2 Louse","floor":1,"turns":5},{"damage":1,"enemies":"Cultist","floor":3,"turns":3},{"damage":7,"enemies":"Jaw Worm","floor":4,"turns":3},{"damage":35,"enemies":"Gremlin Nob","floor":6,"turns":5},{"damage":36,"enemies":"3 Sentries","floor":8,"turns":6},{"damage":7,"enemies":"3 Louse","floor":10,"turns":2}],"seed_played":"6886697038334860143","potions_obtained":[{"floor":1,"key":"Block Potion"},{"floor":5,"key":"FairyPotion"},{"floor":6,"key":"SteroidPotion"},{"floor":8,"key":"Weak Potion"}],"is_trial":false,"path_per_floor":["M","?","M","M","?","E","R","E","T","M"],"character_chosen":"DEFECT","items_purchased":[],"campfire_rested":1,"item_purchase_floors":[],"current_hp_per_floor":[60,49,48,41,41,6,27,7,7,0],"gold":278,"neow_bonus":"BOSS_RELIC","is_prod":false,"is_daily":false,"chose_seed":false,"campfire_upgraded":0,"win_rate":0,"timestamp":1562155006,"path_taken":["M","?","M","M","?","E","R","E","T","?"],"build_version":"2019-07-01","purchased_purges":0,"victory":false,"max_hp_per_floor":[71,71,71,71,71,71,71,71,71,71],"card_choices":[{"not_picked":["Scrape","Barrage"],"picked":"Doom and Gloom","floor":1},{"not_picked":["Force Field","Barrage"],"picked":"Coolheaded","floor":3},{"not_picked":["Turbo","Sweeping Beam"],"picked":"Darkness","floor":4},{"not_picked":["Conserve Battery","Sweeping Beam"],"picked":"Coolheaded","floor":6},{"not_picked":["Melter","Capacitor"],"picked":"Conserve Battery","floor":8}],"player_experience":1159301,"relics_obtained":[{"floor":6,"key":"Pen Nib"},{"floor":8,"key":"Bag of Marbles"},{"floor":9,"key":"PreservedInsect"}],"event_choices":[{"damage_healed":0,"gold_gain":75,"player_choice":"Gather Gold","damage_taken":11,"max_hp_gain":0,"max_hp_loss":0,"event_name":"World of Goop","floor":2,"gold_loss":0},{"damage_healed":0,"gold_gain":0,"player_choice":"Bought 1 Potion","damage_taken":0,"max_hp_gain":0,"max_hp_loss":0,"event_name":"The Woman in Blue","floor":5,"gold_loss":0}],"is_beta":false,"boss_relics":[],"items_purged_floors":[],"is_endless":false,"potions_floor_spawned":[1,6,8],"killed_by":"3 Louse","ascension_level":16}