{"gold_per_floor":[126,153,183,195,218,230,262,274,335,374,386,422,445,482,494,506],"floor_reached":16,"playtime":780,"items_purged":[],"score":190,"play_id":"f0ea9e60-27c6-4bff-b195-2394e4a94b18","local_time":"20190702132322","is_ascension_mode":true,"campfire_choices":[{"data":"Zap","floor":6,"key":"SMITH"},{"data":"Dualcast","floor":8,"key":"SMITH"},{"data":"White Noise","floor":11,"key":"SMITH"},{"data":"Conserve Battery","floor":15,"key":"SMITH"}],"neow_cost":"NONE","seed_source_timestamp":266360578900958,"circlet_count":0,"master_deck":["AscendersBane","Strike_B","Strike_B","Strike_B","Defend_B","Defend_B","Defend_B","Defend_B","Zap+1","Dualcast+1","Steam","Conserve Battery+1","Cold Snap","Self Repair","White Noise+1","Conserve Battery","BootSequence"],"relics":["Cracked Core","MawBank","Happy Flower","Pear","Odd Mushroom","Bag of Preparation"],"potions_floor_usage":[10,12,14],"damage_taken":[{"damage":1,"enemies":"2 Louse","floor":1,"turns":3},{"damage":0,"enemies":"Small Slimes","floor":2,"turns":3},{"damage":1,"enemies":"Jaw Worm","floor":3,"turns":3},{"damage":4,"enemies":"3 Louse","floor":5,"turns":3},{"damage":8,"enemies":"Exordium Thugs","floor":7,"turns":5},{"damage":21,"enemies":"3 Sentries","floor":10,"turns":8},{"damage":8,"enemies":"The Mushroom Lair","floor":12,"turns":3},{"damage":1,"enemies":"Blue Slaver","floor":13,"turns":4},{"damage":12,"enemies":"Lagavulin","floor":14,"turns":8},{"damage":46,"enemies":"Hexaghost","floor":16,"turns":11}],"seed_played":"-8094598555646439457","potions_obtained":[{"floor":2,"key":"Poison Potion"},{"floor":3,"key":"LiquidBronze"},{"floor":10,"key":"Explosive Potion"},{"floor":14,"key":"Ancient Potion"}],"is_trial":false,"path_per_floor":["M","M","M","?","M","R","M","R","T","E","R","?","M","E","R","B"],"character_chosen":"DEFECT","items_purchased":[],"campfire_rested":0,"item_purchase_floors":[],"current_hp_per_floor":[63,63,62,62,58,58,50,50,50,46,46,45,51,46,46,0],"gold":506,"neow_bonus":"RANDOM_COMMON_RELIC","is_prod":false,"is_daily":false,"chose_seed":false,"campfire_upgraded":4,"win_rate":0,"timestamp":1562045002,"path_taken":["M","M","M","?","M","R","M","R","T","E","R","?","M","E","R","BOSS"],"build_version":"2019-01-23","purchased_purges":0,"victory":false,"max_hp_per_floor":[71,71,71,71,71,71,71,71,71,81,81,81,81,81,81,81],"card_choices":[{"not_picked":["Genetic Algorithm","Turbo"],"picked":"Steam","floor":1},{"not_picked":["Stack","Leap","Gash"],"picked":"SKIP","floor":2},{"not_picked":["Compile Driver","Force Field"],"picked":"Conserve Battery","floor":3},{"not_picked":["Turbo","Recycle"],"picked":"Cold Snap","floor":5},{"not_picked":["Consume","Barrage"],"picked":"Self Repair","floor":7},{"not_picked":["Seek","FTL"],"picked":"White Noise","floor":10},{"not_picked":["Steam","Tempest"],"picked":"Conserve Battery","floor":12},{"not_picked":["Steam","Barrage"],"picked":"BootSequence","floor":13},{"not_picked":["Heatsinks","Gash","Hello World"],"picked":"SKIP","floor":14}],"player_experience":1134414,"relics_obtained":[{"floor":9,"key":"Happy Flower"},{"floor":10,"key":"Pear"},{"floor":12,"key":"Odd Mushroom"},{"floor":14,"key":"Bag of Preparation"}],"event_choices":[{"cards_removed":["Strike_B"],"damage_healed":0,"gold_gain":0,"player_choice":"Forget","damage_taken":0,"max_hp_gain":0,"max_hp_loss":0,"event_name":"Living Wall","floor":4,"gold_loss":0},{"damage_healed":0,"gold_gain":0,"player_choice":"Fought Mushrooms","damage_taken":0,"max_hp_gain":0,"max_hp_loss":0,"event_name":"Mushrooms","floor":12,"gold_loss":0}],"is_beta":false,"boss_relics":[],"items_purged_floors":[],"is_endless":false,"potions_floor_spawned":[2,3,5,10,14],"killed_by":"Hexaghost","ascension_level":14}