{"gold_per_floor":[112,112,126,126,136,168,168,19,43,43,59,59,59,72,72,170,220,235,249,249,260,260,290,290],"floor_reached":24,"playtime":1516,"items_purged":[],"score":241,"play_id":"0cc8b583-a2b9-4b31-87ab-893a792799d5","local_time":"20190705065402","is_ascension_mode":false,"campfire_choices":[{"data":"Neutralize","floor":7,"key":"SMITH"},{"data":"Survivor","floor":10,"key":"SMITH"},{"data":"Distraction","floor":15,"key":"SMITH"}],"neow_cost":"NONE","seed_source_timestamp":136694962633251,"circlet_count":0,"master_deck":["Strike_G","Strike_G","Strike_G","Strike_G","Strike_G","Defend_G","Defend_G","Defend_G","Defend_G","Defend_G+1","Survivor+1","Neutralize+1","Riddle With Holes","Leg Sweep+1","Prepared+1","Dagger Spray","Dagger Spray","Distraction+1","Burst","Flying Knee","Catalyst","Sucker Punch+1","Blur+1","Endless Agony+1"],"relics":["Ring of the Snake","Boot","Blood Vial","Lantern","War Paint","Nloth\u0027s Gift","Pantograph"],"potions_floor_usage":[16,16,23],"damage_taken":[{"damage":0,"enemies":"Jaw Worm","floor":1,"turns":6},{"damage":0,"enemies":"2 Louse","floor":3,"turns":2},{"damage":0,"enemies":"Cultist","floor":5,"turns":3},{"damage":16,"enemies":"Gremlin Nob","floor":6,"turns":4},{"damage":0,"enemies":"Exordium Wildlife","floor":11,"turns":2},{"damage":0,"enemies":"2 Fungi Beasts","floor":14,"turns":2},{"damage":15,"enemies":"Slime Boss","floor":16,"turns":11},{"damage":8,"enemies":"Shell Parasite","floor":18,"turns":4},{"damage":0,"enemies":"3 Byrds","floor":19,"turns":4},{"damage":8,"enemies":"Centurion and Healer","floor":21,"turns":5},{"damage":71,"enemies":"Gremlin Leader","floor":23,"turns":10}],"seed_played":"5244800898987693954","potions_obtained":[{"floor":3,"key":"SteroidPotion"},{"floor":5,"key":"Regen Potion"},{"floor":6,"key":"Fire Potion"},{"floor":17,"key":"Ancient Potion"},{"floor":18,"key":"SpeedPotion"},{"floor":23,"key":"Energy Potion"}],"is_trial":false,"path_per_floor":["M","?","M","?","M","E","R","$","T","R","M","$","?","M","R","B",null,"M","M","?","M","?","E","?"],"character_chosen":"THE_SILENT","items_purchased":["Lantern"],"campfire_rested":0,"item_purchase_floors":[8],"current_hp_per_floor":[70,70,70,70,70,54,54,54,54,54,56,56,61,63,63,50,80,72,74,74,68,68,14,0],"gold":290,"neow_bonus":"RANDOM_COMMON_RELIC","is_prod":false,"is_daily":false,"chose_seed":false,"campfire_upgraded":3,"win_rate":0.0,"timestamp":1562273642,"path_taken":["M","?","M","?","M","E","R","$","T","R","?","$","?","M","R","BOSS","M","M","?","?","?","E","?"],"build_version":"2019-07-01","purchased_purges":0,"victory":false,"max_hp_per_floor":[70,70,70,70,70,70,70,70,70,70,70,70,75,75,75,75,80,80,80,80,80,80,80,85],"card_choices":[{"not_picked":["Blade Dance","Tactician"],"picked":"Riddle With Holes","floor":1},{"not_picked":["Finisher","Reflex"],"picked":"Leg Sweep","floor":3},{"not_picked":["Bane","Underhanded Strike"],"picked":"Prepared","floor":5},{"not_picked":["Acrobatics","Backflip"],"picked":"Dagger Spray","floor":6},{"not_picked":["PiercingWail","Acrobatics"],"picked":"Dagger Spray","floor":11},{"not_picked":["Slice","Escape Plan"],"picked":"Distraction","floor":14},{"not_picked":["Doppelganger","Die Die Die"],"picked":"Burst","floor":16},{"not_picked":["Acrobatics","Backflip"],"picked":"Flying Knee","floor":17},{"not_picked":["Dagger Throw","Poisoned Stab"],"picked":"Catalyst","floor":18},{"not_picked":["Underhanded Strike","Deadly Poison"],"picked":"Sucker Punch+1","floor":19},{"not_picked":["Backflip","Leg Sweep"],"picked":"Blur+1","floor":21},{"not_picked":["PiercingWail+1","Catalyst"],"picked":"Endless Agony+1","floor":23}],"player_experience":22687,"relics_obtained":[{"floor":6,"key":"Blood Vial"},{"floor":9,"key":"War Paint"},{"floor":23,"key":"Pantograph"}],"event_choices":[{"damage_healed":0,"gold_gain":0,"player_choice":"Ignored","damage_taken":0,"max_hp_gain":0,"max_hp_loss":0,"event_name":"Golden Wing","floor":2,"gold_loss":0},{"damage_healed":0,"gold_gain":0,"player_choice":"Leave","damage_taken":0,"max_hp_gain":0,"max_hp_loss":0,"event_name":"The Cleric","floor":4,"gold_loss":0},{"damage_healed":0,"gold_gain":0,"player_choice":"Donut","damage_taken":0,"max_hp_gain":5,"max_hp_loss":0,"event_name":"Big Fish","floor":13,"gold_loss":0},{"damage_healed":0,"gold_gain":0,"player_choice":"Traded Relic","damage_taken":0,"relics_obtained":["Nloth\u0027s Gift"],"max_hp_gain":0,"max_hp_loss":0,"event_name":"N\u0027loth","floor":20,"relics_lost":["Tiny House"],"gold_loss":0},{"damage_healed":0,"gold_gain":0,"player_choice":"Ignored","damage_taken":0,"max_hp_gain":0,"max_hp_loss":0,"event_name":"Ghosts","floor":22,"gold_loss":0}],"is_beta":false,"boss_relics":[{"not_picked":["Orrery","Sozu"],"picked":"Tiny House"}],"items_purged_floors":[],"is_endless":false,"potions_floor_spawned":[3,5,6,18,23],"ascension_level":0}