{"gold_per_floor":[115,134,151,165,165,205,230,230,230,246,37,2,2,102,102,195,195,218,233,246,246,264,264,264],"floor_reached":24,"playtime":1132,"items_purged":[],"score":360,"play_id":"4b36e0e8-99e3-4015-b365-fa5351ba032a","local_time":"20190703170206","is_ascension_mode":true,"campfire_choices":[{"data":"Dualcast","floor":13,"key":"SMITH"},{"floor":15,"key":"REST"},{"data":"Beam Cell","floor":23,"key":"SMITH"}],"neow_cost":"NONE","seed_source_timestamp":365533934261383,"circlet_count":0,"master_deck":["AscendersBane","Strike_B","Strike_B","Strike_B","Defend_B","Defend_B","Defend_B","Defend_B","Zap+1","Dualcast+1","Genetic Algorithm","Cold Snap","Coolheaded","All For One","Conserve Battery","Capacitor","Biased Cognition","Turbo","Ball Lightning","Biased Cognition","Beam Cell+1"],"relics":["Cracked Core","Golden Idol","Bronze Scales","Blue Candle","Runic Capacitor","Sozu","Pear"],"potions_floor_usage":[16,22,24],"damage_taken":[{"damage":1,"enemies":"Cultist","floor":1,"turns":3},{"damage":7,"enemies":"2 Louse","floor":2,"turns":3},{"damage":5,"enemies":"Jaw Worm","floor":3,"turns":3},{"damage":1,"enemies":"Blue Slaver","floor":4,"turns":4},{"damage":16,"enemies":"3 Sentries","floor":6,"turns":9},{"damage":11,"enemies":"3 Louse","floor":7,"turns":2},{"damage":4,"enemies":"Red Slaver","floor":10,"turns":3},{"damage":27,"enemies":"Hexaghost","floor":16,"turns":11},{"damage":0,"enemies":"3 Byrds","floor":18,"turns":3},{"damage":11,"enemies":"Spheric Guardian","floor":19,"turns":4},{"damage":12,"enemies":"Shelled Parasite and Fungi","floor":20,"turns":5},{"damage":6,"enemies":"3 Cultists","floor":22,"turns":4},{"damage":37,"enemies":"Slavers","floor":24,"turns":3}],"seed_played":"-2131005899615892321","potions_obtained":[{"floor":6,"key":"Explosive Potion"},{"floor":7,"key":"Explosive Potion"},{"floor":16,"key":"EntropicBrew"}],"is_trial":false,"path_per_floor":["M","M","M","M","?","E","M","?","T","M","$","?","R","?","R","B",null,"M","M","M","T","M","R","E"],"character_chosen":"DEFECT","items_purchased":["Runic Capacitor"],"campfire_rested":1,"item_purchase_floors":[11],"current_hp_per_floor":[63,56,51,50,50,34,23,16,16,12,12,28,28,28,47,20,53,53,42,30,40,34,34,0],"gold":264,"neow_bonus":"UPGRADE_CARD","is_prod":false,"is_daily":false,"chose_seed":false,"campfire_upgraded":2,"win_rate":0,"timestamp":1562144526,"path_taken":["M","?","M","M","?","E","M","?","T","M","$","?","R","?","R","BOSS","M","M","M","?","M","R","E"],"build_version":"2019-07-01","purchased_purges":0,"victory":false,"max_hp_per_floor":[71,71,71,71,64,64,64,64,64,64,64,64,64,64,64,64,64,64,64,64,74,74,74,74],"card_choices":[{"not_picked":["Compile Driver","Streamline"],"picked":"Genetic Algorithm","floor":1},{"not_picked":["Capacitor","Stack"],"picked":"Cold Snap","floor":2},{"not_picked":["Conserve Battery","Consume"],"picked":"Coolheaded","floor":3},{"not_picked":["Leap","Doom and Gloom"],"picked":"All For One","floor":4},{"not_picked":["Leap","Hologram"],"picked":"Conserve Battery","floor":6},{"not_picked":["Rebound","Consume"],"picked":"Capacitor","floor":7},{"not_picked":["Leap","Barrage","Gash"],"picked":"SKIP","floor":10},{"not_picked":["Multi-Cast","Fission"],"picked":"Biased Cognition","floor":16},{"not_picked":["Streamline","Stack"],"picked":"Turbo","floor":18},{"not_picked":["Conserve Battery","Cold Snap"],"picked":"Ball Lightning","floor":19},{"not_picked":["Stack","Streamline"],"picked":"Biased Cognition","floor":20},{"not_picked":["Redo","Skim"],"picked":"Beam Cell","floor":22}],"player_experience":1155629,"relics_obtained":[{"floor":6,"key":"Bronze Scales"},{"floor":9,"key":"Blue Candle"},{"floor":21,"key":"Pear"}],"event_choices":[{"damage_healed":0,"gold_gain":0,"player_choice":"Lose Max HP","damage_taken":0,"relics_obtained":["Golden Idol"],"max_hp_gain":0,"max_hp_loss":7,"event_name":"Golden Idol","floor":5,"gold_loss":0},{"cards_removed":["Strike_B"],"damage_healed":0,"gold_gain":0,"player_choice":"Card Removal","damage_taken":7,"max_hp_gain":0,"max_hp_loss":0,"event_name":"Golden Wing","floor":8,"gold_loss":0},{"damage_healed":16,"gold_gain":0,"player_choice":"Healed","damage_taken":0,"max_hp_gain":0,"max_hp_loss":0,"event_name":"The Cleric","floor":12,"gold_loss":35},{"damage_healed":0,"gold_gain":100,"player_choice":"Gold","damage_taken":0,"max_hp_gain":0,"max_hp_loss":0,"event_name":"Wheel of Change","floor":14,"gold_loss":0}],"is_beta":false,"boss_relics":[{"not_picked":["Empty Cage","Lizard Tail"],"picked":"Sozu"}],"items_purged_floors":[],"is_endless":false,"potions_floor_spawned":[6,7,10,16,20,22],"killed_by":"Slavers","ascension_level":16}