{"gold_per_floor":[113,113,113,124,143,171,189,207,207,227,119,119,119,137,137,232,232,244,244,319,174,186,215,232,250,250,250],"floor_reached":27,"playtime":1584,"items_purged":[],"score":262,"play_id":"2c54f1dd-ad52-49ec-98f3-a071598516a1","local_time":"20190704184543","is_ascension_mode":false,"campfire_choices":[{"data":"Inflame","floor":15,"key":"SMITH"}],"neow_cost":"NONE","seed_source_timestamp":92926846906336,"circlet_count":0,"master_deck":["Strike_R","Strike_R","Defend_R","Defend_R","Defend_R","Bash","Infernal Blade","Headbutt","Anger","Searing Blow","Anger","Dual Wield","Inflame+1","Battle Trance","Armaments","Feed","Whirlwind+1","Rupture+1","Sever Soul+1","Infernal Blade","Writhe","Infernal Blade","Infernal Blade+1","Fire Breathing","Clothesline"],"relics":["Burning Blood","NeowsBlessing","Bag of Preparation","Kunai","Bottled Tornado","Astrolabe","Gambling Chip","Vajra","Toxic Egg 2","Bird Faced Urn"],"potions_floor_usage":[7,16,16,27,27],"damage_taken":[{"damage":0,"enemies":"2 Louse","floor":1,"turns":1},{"damage":0,"enemies":"Jaw Worm","floor":4,"turns":1},{"damage":0,"enemies":"Cultist","floor":5,"turns":1},{"damage":27,"enemies":"Gremlin Nob","floor":6,"turns":4},{"damage":25,"enemies":"Exordium Thugs","floor":7,"turns":3},{"damage":19,"enemies":"Blue Slaver","floor":8,"turns":3},{"damage":10,"enemies":"Lots of Slimes","floor":10,"turns":3},{"damage":0,"enemies":"Large Slime","floor":14,"turns":4},{"damage":21,"enemies":"Hexaghost","floor":16,"turns":8},{"damage":0,"enemies":"Chosen","floor":18,"turns":3},{"damage":5,"enemies":"Spheric Guardian","floor":22,"turns":3},{"damage":67,"enemies":"Slavers","floor":23,"turns":6},{"damage":0,"enemies":"Snecko","floor":24,"turns":2},{"damage":20,"enemies":"3 Cultists","floor":25,"turns":4},{"damage":12,"enemies":"Book of Stabbing","floor":27,"turns":1}],"seed_played":"6260796104602976344","potions_obtained":[{"floor":1,"key":"AttackPotion"},{"floor":4,"key":"PowerPotion"},{"floor":10,"key":"Swift Potion"},{"floor":22,"key":"EssenceOfSteel"},{"floor":25,"key":"PowerPotion"}],"is_trial":false,"path_per_floor":["M","?","?","M","M","E","M","M","T","M","$","?","T","M","R","B",null,"M","?","?","$","M","E","M","M","T","E"],"character_chosen":"IRONCLAD","items_purchased":["Inflame","Battle Trance","Vajra"],"campfire_rested":0,"item_purchase_floors":[11,11,21],"current_hp_per_floor":[80,80,80,80,80,59,40,27,27,23,23,23,23,29,29,14,80,80,80,72,72,73,15,21,7,7,0],"gold":250,"neow_bonus":"THREE_ENEMY_KILL","is_prod":false,"is_daily":false,"chose_seed":false,"campfire_upgraded":1,"win_rate":0.0,"timestamp":1562229943,"path_taken":["M","?","?","M","M","E","?","M","T","M","$","?","?","?","R","BOSS","M","?","?","$","M","E","M","M","T","E"],"build_version":"2019-07-01","purchased_purges":0,"victory":false,"max_hp_per_floor":[80,80,80,80,80,80,80,80,80,80,80,80,80,80,80,80,80,80,80,80,80,80,83,83,83,83,83],"card_choices":[{"not_picked":["Shockwave","Feel No Pain"],"picked":"Infernal Blade","floor":1},{"not_picked":["Rampage","Body Slam"],"picked":"Headbutt","floor":4},{"not_picked":["Thunderclap","Warcry"],"picked":"Anger","floor":5},{"not_picked":["Pommel Strike","Dropkick"],"picked":"Searing Blow","floor":6},{"not_picked":["Demon Form","Flex","Perfected Strike"],"picked":"SKIP","floor":7},{"not_picked":["Armaments","Thunderclap"],"picked":"Anger","floor":8},{"not_picked":["Armaments","Twin Strike"],"picked":"Dual Wield","floor":10},{"not_picked":["Clothesline","Rampage"],"picked":"Armaments","floor":14},{"not_picked":["Barricade","Fiend Fire"],"picked":"Feed","floor":16},{"not_picked":["Thunderclap","Whirlwind"],"picked":"Infernal Blade","floor":18},{"not_picked":["Shrug It Off","Warcry"],"picked":"Infernal Blade","floor":22},{"not_picked":["Pommel Strike","Warcry"],"picked":"Infernal Blade","floor":23},{"not_picked":["Sword Boomerang","Perfected Strike"],"picked":"Fire Breathing","floor":24},{"not_picked":["Combust","Body Slam"],"picked":"Clothesline","floor":25}],"player_experience":15074,"relics_obtained":[{"floor":6,"key":"Bag of Preparation"},{"floor":9,"key":"Kunai"},{"floor":13,"key":"Bottled Tornado"},{"floor":23,"key":"Toxic Egg 2"},{"floor":26,"key":"Bird Faced Urn"}],"event_choices":[{"damage_healed":0,"gold_gain":0,"player_choice":"Ignored","damage_taken":0,"max_hp_gain":0,"max_hp_loss":0,"event_name":"Golden Wing","floor":2,"gold_loss":0},{"cards_removed":["Strike_R"],"damage_healed":0,"gold_gain":0,"player_choice":"Card Removal","damage_taken":0,"max_hp_gain":0,"max_hp_loss":0,"event_name":"Wheel of Change","floor":3,"gold_loss":0},{"damage_healed":0,"gold_gain":0,"player_choice":"Leave","damage_taken":0,"max_hp_gain":0,"max_hp_loss":0,"event_name":"The Cleric","floor":12,"gold_loss":0},{"damage_healed":0,"gold_gain":0,"player_choice":"Opened","damage_taken":0,"relics_obtained":["Gambling Chip"],"max_hp_gain":0,"max_hp_loss":0,"event_name":"The Mausoleum","floor":19,"gold_loss":0,"cards_obtained":["Writhe"]},{"damage_healed":0,"gold_gain":75,"player_choice":"Touch","damage_taken":8,"max_hp_gain":0,"max_hp_loss":0,"event_name":"FaceTrader","floor":20,"gold_loss":0}],"is_beta":false,"boss_relics":[{"not_picked":["Black Blood","Fusion Hammer"],"picked":"Astrolabe"}],"items_purged_floors":[],"is_endless":false,"potions_floor_spawned":[1,4,10,22,25],"killed_by":"Book of Stabbing","ascension_level":0}