{"gold_per_floor":[119,139,139,43,58,58,73,92,92,137,168,180],"floor_reached":12,"playtime":1648,"items_purged":[],"score":82,"play_id":"e03da9a1-82b4-41f4-8145-24664653761f","local_time":"20190705102211","is_ascension_mode":false,"campfire_choices":[{"data":"Bandage Up","floor":6,"key":"SMITH"}],"neow_cost":"NONE","seed_source_timestamp":149051992097642,"circlet_count":0,"master_deck":["Strike_B+1","Strike_B","Strike_B+1","Strike_B","Defend_B","Defend_B","Defend_B","Zap","Dualcast","Aggregate","Capacitor","Bandage Up+1","Auto Shields","White Noise","Barrage","Rebound","Leap"],"relics":["Cracked Core","MawBank","Whetstone"],"potions_floor_usage":[10,12,12],"damage_taken":[{"damage":9,"enemies":"Cultist","floor":1,"turns":4},{"damage":1,"enemies":"2 Louse","floor":2,"turns":3},{"damage":10,"enemies":"Small Slimes","floor":5,"turns":3},{"damage":17,"enemies":"Looter","floor":7,"turns":4},{"damage":25,"enemies":"Exordium Thugs","floor":8,"turns":5},{"damage":32,"enemies":"Gremlin Nob","floor":10,"turns":5},{"damage":5,"enemies":"2 Fungi Beasts","floor":11,"turns":3},{"damage":18,"enemies":"Lagavulin","floor":12,"turns":5}],"seed_played":"7119133490768603971","potions_obtained":[{"floor":1,"key":"LiquidBronze"},{"floor":7,"key":"FocusPotion"},{"floor":8,"key":"Dexterity Potion"},{"floor":11,"key":"GamblersBrew"}],"is_trial":false,"path_per_floor":["M","M","?","$","M","R","M","M","T","E","M","E"],"character_chosen":"DEFECT","items_purchased":["Bandage Up"],"campfire_rested":0,"item_purchase_floors":[4],"current_hp_per_floor":[73,72,72,72,66,66,55,36,36,10,11,0],"gold":180,"neow_bonus":"TEN_PERCENT_HP_BONUS","is_prod":false,"is_daily":false,"chose_seed":false,"campfire_upgraded":1,"win_rate":0.0,"timestamp":1562286131,"path_taken":["M","?","?","?","M","R","?","M","T","E","M","E"],"build_version":"2019-07-01","purchased_purges":0,"victory":false,"max_hp_per_floor":[82,82,82,82,82,82,82,82,82,82,82,82],"card_choices":[{"not_picked":["Steam","Leap"],"picked":"Aggregate","floor":1},{"not_picked":["Barrage","Ball Lightning"],"picked":"Capacitor","floor":2},{"not_picked":["Reinforced Body","Streamline"],"picked":"Auto Shields","floor":5},{"not_picked":["Buffer","Cold Snap"],"picked":"White Noise","floor":7},{"not_picked":["Genetic Algorithm","Force Field"],"picked":"Barrage","floor":8},{"not_picked":["Coolheaded","Fission"],"picked":"Rebound","floor":10},{"not_picked":["Force Field","Blizzard"],"picked":"Leap","floor":11}],"player_experience":33725,"relics_obtained":[{"floor":9,"key":"MawBank"},{"floor":10,"key":"Whetstone"}],"event_choices":[{"cards_removed":["Defend_B"],"damage_healed":0,"gold_gain":0,"player_choice":"Purged","damage_taken":0,"max_hp_gain":0,"max_hp_loss":0,"event_name":"Purifier","floor":3,"gold_loss":0}],"is_beta":false,"boss_relics":[],"items_purged_floors":[],"is_endless":false,"potions_floor_spawned":[1,7,8,11],"killed_by":"Lagavulin","ascension_level":0}