{"gold_per_floor":[111,111,186,186,4,22,22,22,22,36,55,88,105,105],"floor_reached":14,"playtime":451,"items_purged":["Defend_B"],"score":158,"play_id":"a1b34a7a-8cad-4687-a156-5141ada91d15","local_time":"20190703090629","is_ascension_mode":true,"campfire_choices":[{"data":"Zap","floor":8,"key":"SMITH"}],"neow_cost":"NONE","seed_source_timestamp":337681649899485,"circlet_count":0,"master_deck":["AscendersBane","Strike_B","Strike_B","Strike_B","Defend_B","Defend_B","Defend_B","Zap+1","Dualcast","Turbo","BootSequence","Glacier+1","White Noise+1"],"relics":["Busted Crown","The Courier","Pen Nib","Centennial Puzzle","Toxic Egg 2"],"potions_floor_usage":[12,12,12],"damage_taken":[{"damage":3,"enemies":"2 Louse","floor":1,"turns":2},{"damage":7,"enemies":"Small Slimes","floor":6,"turns":3},{"damage":7,"enemies":"Jaw Worm","floor":10,"turns":2},{"damage":3,"enemies":"Blue Slaver","floor":11,"turns":3},{"damage":25,"enemies":"3 Sentries","floor":12,"turns":9},{"damage":6,"enemies":"Gremlin Gang","floor":13,"turns":6},{"damage":3,"enemies":"Large Slime","floor":14,"turns":1}],"seed_played":"4745106226508450372","potions_obtained":[{"floor":10,"key":"Energy Potion"},{"floor":11,"key":"EntropicBrew"},{"floor":12,"key":"Poison Potion"}],"is_trial":false,"path_per_floor":["M","?","?","T","$","M","$","R","T","M","M","E","M","M"],"character_chosen":"DEFECT","items_purchased":["Pen Nib"],"campfire_rested":0,"item_purchase_floors":[5],"current_hp_per_floor":[61,61,50,50,50,43,43,43,43,36,33,8,2,0],"gold":105,"neow_bonus":"BOSS_RELIC","is_prod":false,"is_daily":false,"chose_seed":false,"campfire_upgraded":1,"win_rate":0,"timestamp":1562115989,"path_taken":["M","?","?","?","$","M","?","R","T","M","M","E","M","M"],"build_version":"2019-07-01","purchased_purges":1,"victory":false,"max_hp_per_floor":[71,71,71,71,71,71,71,71,71,71,71,71,71,71],"card_choices":[{"not_picked":[],"picked":"Turbo","floor":1},{"not_picked":["Stack"],"picked":"SKIP","floor":6},{"not_picked":[],"picked":"BootSequence","floor":10},{"not_picked":["Stack"],"picked":"SKIP","floor":11},{"not_picked":[],"picked":"Glacier","floor":12},{"not_picked":[],"picked":"White Noise+1","floor":13}],"player_experience":1146893,"relics_obtained":[{"floor":4,"key":"The Courier"},{"floor":9,"key":"Centennial Puzzle"},{"floor":12,"key":"Toxic Egg 2"}],"event_choices":[{"cards_removed":["Strike_B"],"damage_healed":0,"gold_gain":0,"player_choice":"Forget","damage_taken":0,"max_hp_gain":0,"max_hp_loss":0,"event_name":"Living Wall","floor":2,"gold_loss":0},{"damage_healed":0,"gold_gain":75,"player_choice":"Gather Gold","damage_taken":11,"max_hp_gain":0,"max_hp_loss":0,"event_name":"World of Goop","floor":3,"gold_loss":0}],"is_beta":false,"boss_relics":[],"items_purged_floors":[5],"is_endless":false,"potions_floor_spawned":[10,11,12],"killed_by":"Large Slime","ascension_level":15}