{"gold_per_floor":[109,127,141,141,159,159,174,174,198,209,187,187,187,214,214,316,316,327,346,271,287,287,287,315,61,61,61,88,88,101,111,111,111],"floor_reached":33,"playtime":2842,"items_purged":["Strike_B","Strike_B"],"score":374,"play_id":"d90c0271-c2e0-4436-96d7-dbacbb56280e","local_time":"20190628105719","is_ascension_mode":true,"campfire_choices":[{"data":"Dualcast","floor":6.0,"key":"SMITH"},{"data":"Scrape","floor":8.0,"key":"SMITH"},{"data":"Sunder","floor":12.0,"key":"SMITH"},{"data":"Streamline","floor":15.0,"key":"SMITH"},{"floor":23,"key":"REST"},{"floor":32,"key":"REST"}],"neow_cost":"NONE","seed_source_timestamp":0,"circlet_count":0,"master_deck":["Strike_B","Strike_B","Defend_B","Defend_B","Defend_B","Defend_B","Zap+1","Dualcast+1","Sunder+1","Genetic Algorithm","Conserve Battery","Chill","Scrape+1","Self Repair","Streamline+1","Echo Form","Redo+1","Beam Cell","Purity","Self Repair","Turbo+1"],"special_seed":0,"relics":["Cracked Core","Omamori","Orichalcum","Pen Nib","Cursed Key","Art of War","Bottled Lightning","Regal Pillow"],"potions_floor_usage":[24,31,31,33],"damage_taken":[{"damage":2.0,"enemies":"Jaw Worm","floor":1.0,"turns":4.0},{"damage":1.0,"enemies":"Cultist","floor":2.0,"turns":3.0},{"damage":0.0,"enemies":"Small Slimes","floor":3.0,"turns":2.0},{"damage":1.0,"enemies":"Exordium Wildlife","floor":5.0,"turns":6.0},{"damage":0.0,"enemies":"Large Slime","floor":7.0,"turns":4.0},{"damage":0.0,"enemies":"3 Louse","floor":10.0,"turns":2.0},{"damage":3.0,"enemies":"Lagavulin","floor":14.0,"turns":5.0},{"damage":40.0,"enemies":"The Guardian","floor":16.0,"turns":10.0},{"damage":2.0,"enemies":"3 Byrds","floor":18.0,"turns":6.0},{"damage":0.0,"enemies":"Spheric Guardian","floor":19.0,"turns":3.0},{"damage":32.0,"enemies":"Snake Plant","floor":21.0,"turns":4.0},{"damage":70,"enemies":"Book of Stabbing","floor":24,"turns":7},{"damage":6,"enemies":"Snecko","floor":30,"turns":4},{"damage":11,"enemies":"3 Cultists","floor":31,"turns":7},{"damage":70,"enemies":"Champ","floor":33,"turns":7}],"seed_played":"6898813980380675663","potions_obtained":[{"floor":0.0,"key":"EntropicBrew"},{"floor":0.0,"key":"Ancient Potion"},{"floor":0.0,"key":"EssenceOfSteel"},{"floor":2.0,"key":"Strength Potion"},{"floor":3.0,"key":"Block Potion"},{"floor":14.0,"key":"Regen Potion"},{"floor":16.0,"key":"LiquidBronze"},{"floor":21.0,"key":"Explosive Potion"},{"floor":30,"key":"SkillPotion"},{"floor":31,"key":"GamblersBrew"}],"is_trial":false,"path_per_floor":["M","M","M","?","M","R","M","R","T","M","?","R","T","E","R","B",null,"M","M","$","M","?","R","E","$","T","?","T","$","M","M","R","B"],"character_chosen":"DEFECT","items_purchased":["Purity","Self Repair"],"campfire_rested":2,"item_purchase_floors":[25,25],"current_hp_per_floor":[66,65,65,65,64,64,64,64,64,64,64,64,64,68,68,35,65,70,75,75,57,43,67,12,12,12,12,12,12,20,23,62,0],"gold":111,"neow_bonus":"THREE_SMALL_POTIONS","is_prod":false,"is_daily":false,"chose_seed":false,"campfire_upgraded":4,"win_rate":0,"timestamp":1561733839,"path_taken":["M","M","M","?","M","R","M","R","T","?","?","R","?","E","R","BOSS","M","M","$","M","?","R","E","$","T","?","?","$","M","M","R","BOSS"],"build_version":"2019-01-23","purchased_purges":2,"victory":false,"max_hp_per_floor":[75,75,75,75,75,75,75,75,75,75,75,75,75,75,75,75,75,75,75,75,75,80,80,80,80,80,80,80,80,80,80,80,80],"card_choices":[{"not_picked":["Gash","Beam Cell"],"picked":"Sunder","floor":1.0},{"not_picked":["Loop","Leap"],"picked":"Genetic Algorithm","floor":2.0},{"not_picked":["Turbo","Double Energy"],"picked":"Conserve Battery","floor":3.0},{"not_picked":["Compile Driver","Gash"],"picked":"Chill","floor":5.0},{"not_picked":["Melter","Stack"],"picked":"Scrape","floor":7.0},{"not_picked":["Turbo","Stack"],"picked":"Self Repair","floor":10.0},{"not_picked":["Buffer","Sweeping Beam"],"picked":"Streamline","floor":14.0},{"not_picked":["Amplify","Multi-Cast"],"picked":"Echo Form","floor":16.0},{"not_picked":["Conserve Battery+1","Leap"],"picked":"Redo+1","floor":18.0},{"not_picked":["Lockon+1","Rebound","Chaos"],"picked":"SKIP","floor":19.0},{"not_picked":["Stack+1","Chaos","Fusion"],"picked":"SKIP","floor":21.0},{"not_picked":["Barrage","Reinforced Body"],"picked":"Beam Cell","floor":24},{"not_picked":["Rebound","Defragment"],"picked":"Turbo+1","floor":30},{"not_picked":["Beam Cell+1","Melter","Auto Shields"],"picked":"SKIP","floor":31}],"player_experience":459837,"relics_obtained":[{"floor":9.0,"key":"Omamori"},{"floor":13.0,"key":"Orichalcum"},{"floor":14.0,"key":"Pen Nib"},{"floor":24,"key":"Art of War"},{"floor":26,"key":"Bottled Lightning"},{"floor":28,"key":"Regal Pillow"}],"event_choices":[{"damage_healed":0.0,"max_hp_gain":0.0,"max_hp_loss":0.0,"gold_gain":0.0,"event_name":"Accursed Blacksmith","player_choice":"Forge","floor":4.0,"gold_loss":0.0,"damage_taken":0.0,"cards_upgraded":["Zap"]},{"damage_healed":0.0,"max_hp_gain":0.0,"max_hp_loss":0.0,"gold_gain":0.0,"event_name":"World of Goop","player_choice":"Left Gold","floor":11.0,"gold_loss":22.0,"damage_taken":0.0},{"damage_healed":0.0,"max_hp_gain":5.0,"max_hp_loss":0.0,"gold_gain":0.0,"event_name":"Forgotten Altar","player_choice":"Shed Blood","floor":22.0,"gold_loss":0.0,"damage_taken":19.0},{"damage_healed":0,"gold_gain":0,"player_choice":"Ignored","damage_taken":0,"max_hp_gain":0,"max_hp_loss":0,"event_name":"Cursed Tome","floor":27,"gold_loss":0}],"is_beta":false,"boss_relics":[{"not_picked":["Busted Crown","Calling Bell"],"picked":"Cursed Key"}],"items_purged_floors":[20,25],"is_endless":false,"potions_floor_spawned":[2,3,14,16,21,30,31],"killed_by":"Champ","ascension_level":8}