{"gold_per_floor":[362,537,267,284,284,284,300,330,360,37,47,75,75,75],"floor_reached":14,"playtime":1075,"items_purged":["Doubt","Regret"],"score":142,"play_id":"d5fa438f-bd31-4168-a422-2a08d3cb8719","local_time":"20190630160634","is_ascension_mode":true,"campfire_choices":[{"data":"Defragment","floor":6,"key":"SMITH"}],"neow_cost":"TEN_PERCENT_HP_LOSS","seed_source_timestamp":225913286754173,"circlet_count":0,"master_deck":["Strike_B","Strike_B","Strike_B","Strike_B","Defend_B","Defend_B","Defend_B","Defend_B","Zap","Dualcast","Defragment+1","Coolheaded","The Bomb","Compile Driver","Barrage","Redo","Loop","Conserve Battery","Fission+1"],"relics":["Cracked Core","Symbiotic Virus","Dream Catcher","Tiny Chest","PreservedInsect","Orichalcum"],"potions_floor_usage":[12,12,14],"damage_taken":[{"damage":0,"enemies":"Cultist","floor":1,"turns":4},{"damage":7,"enemies":"Jaw Worm","floor":4,"turns":4},{"damage":10,"enemies":"Small Slimes","floor":7,"turns":2},{"damage":22,"enemies":"Lagavulin","floor":8,"turns":6},{"damage":13,"enemies":"3 Louse","floor":11,"turns":3},{"damage":14,"enemies":"3 Sentries","floor":12,"turns":5},{"damage":4,"enemies":"2 Fungi Beasts","floor":14,"turns":1}],"seed_played":"1778168572232231511","potions_obtained":[{"floor":7,"key":"SpeedPotion"},{"floor":8,"key":"PowerPotion"},{"floor":12,"key":"FearPotion"}],"is_trial":false,"path_per_floor":["M","?","$","M","?","R","M","E","T","$","M","E","?","M"],"character_chosen":"DEFECT","items_purchased":["Coolheaded","The Bomb","Loop","PreservedInsect"],"campfire_rested":0,"item_purchase_floors":[3,3,10,10],"current_hp_per_floor":[68,68,68,61,61,61,51,29,29,29,16,2,2,0],"gold":75,"neow_bonus":"TWO_FIFTY_GOLD","is_prod":false,"is_daily":false,"chose_seed":false,"campfire_upgraded":1,"win_rate":0,"timestamp":1561925194,"path_taken":["M","?","$","M","?","R","M","E","T","$","M","E","?","M"],"build_version":"2019-01-23","purchased_purges":2,"victory":false,"max_hp_per_floor":[68,68,68,68,68,68,68,68,68,68,68,68,68,68],"card_choices":[{"not_picked":["Compile Driver","Turbo"],"picked":"Defragment","floor":1},{"not_picked":["Force Field","Barrage"],"picked":"Compile Driver","floor":4},{"not_picked":["Defragment","Streamline"],"picked":"Barrage","floor":7},{"not_picked":["Undo","Barrage"],"picked":"Redo","floor":8},{"not_picked":["Go for the Eyes","Amplify"],"picked":"Conserve Battery","floor":11},{"not_picked":["Gash","Meteor Strike"],"picked":"Fission","floor":12}],"player_experience":483070,"relics_obtained":[{"floor":8,"key":"Dream Catcher"},{"floor":9,"key":"Tiny Chest"},{"floor":12,"key":"Orichalcum"}],"event_choices":[{"damage_healed":0,"gold_gain":175,"player_choice":"AGREE","damage_taken":0,"max_hp_gain":0,"max_hp_loss":0,"event_name":"Liars Game","floor":2,"gold_loss":0,"cards_obtained":["Doubt"]},{"damage_healed":0,"gold_gain":0,"player_choice":"Box","damage_taken":0,"relics_obtained":["Symbiotic Virus"],"max_hp_gain":0,"max_hp_loss":0,"event_name":"Big Fish","floor":5,"gold_loss":0,"cards_obtained":["Regret"]},{"damage_healed":0,"gold_gain":0,"player_choice":"Upgraded","damage_taken":0,"max_hp_gain":0,"max_hp_loss":0,"event_name":"Upgrade Shrine","floor":13,"gold_loss":0,"cards_upgraded":["Fission"]}],"is_beta":false,"boss_relics":[],"items_purged_floors":[3,10],"is_endless":false,"potions_floor_spawned":[7,8,12],"killed_by":"2 Fungi Beasts","ascension_level":9}