{"gold_per_floor":[114,133,147,162,182,208,40,40,40,40,53,67,67,84,84,186,186,198,210,5,17,31,31,31,31,31,41,41,41,41,54,54,158,158,170,190,190],"floor_reached":37,"playtime":2414,"items_purged":[],"score":402,"play_id":"74c9059d-4ab0-4655-b2f2-e112a02b3e88","local_time":"20190630091132","is_ascension_mode":false,"campfire_choices":[{"data":"Apotheosis","floor":8,"key":"SMITH"},{"floor":10,"key":"REST"},{"data":"Body Slam","floor":13,"key":"SMITH"},{"floor":15,"key":"REST"},{"floor":23,"key":"REST"},{"floor":29,"key":"REST"},{"floor":32,"key":"REST"}],"neow_cost":"NONE","seed_source_timestamp":671197917492633,"circlet_count":0,"master_deck":["Strike_R","Strike_R","Strike_R","Strike_R","Strike_R","Defend_R","Defend_R","Defend_R","Defend_R","Bash+1","Twin Strike","Dropkick","Cleave","Spot Weakness","Thunderclap","Thunderclap","Apotheosis+1","Clothesline","Body Slam+1","Demon Form","Whirlwind","Perfected Strike","Iron Wave","Iron Wave","Heavy Blade","Rage","Seeing Red+1","Anger","Seeing Red","Necronomicurse","Ghostly Armor","Spot Weakness","Barricade","Iron Wave+1","Inflame"],"relics":["Burning Blood","Mummified Hand","Bronze Scales","Orrery","Lantern","Necronomicon","Gremlin Horn","Eternal Feather"],"potions_floor_usage":[16,16,19,22,22,25,33,37],"damage_taken":[{"damage":6,"enemies":"2 Louse","floor":1,"turns":3},{"damage":9,"enemies":"Small Slimes","floor":2,"turns":3},{"damage":1,"enemies":"Cultist","floor":3,"turns":3},{"damage":11,"enemies":"Gremlin Gang","floor":4,"turns":6},{"damage":0,"enemies":"Exordium Wildlife","floor":5,"turns":3},{"damage":27,"enemies":"Gremlin Nob","floor":6,"turns":4},{"damage":5,"enemies":"Red Slaver","floor":11,"turns":2},{"damage":17,"enemies":"Exordium Thugs","floor":12,"turns":3},{"damage":8,"enemies":"Blue Slaver","floor":14,"turns":3},{"damage":57,"enemies":"The Guardian","floor":16,"turns":9},{"damage":5,"enemies":"Chosen","floor":18,"turns":4},{"damage":8,"enemies":"Spheric Guardian","floor":19,"turns":4},{"damage":43,"enemies":"Shelled Parasite and Fungi","floor":21,"turns":5},{"damage":28,"enemies":"Centurion and Healer","floor":22,"turns":5},{"damage":16,"enemies":"Colosseum Slavers","floor":25,"turns":3},{"damage":0,"enemies":"Chosen and Byrds","floor":27,"turns":4},{"damage":0,"enemies":"3 Cultists","floor":31,"turns":2},{"damage":18,"enemies":"Automaton","floor":33,"turns":6},{"damage":47,"enemies":"3 Shapes","floor":35,"turns":5},{"damage":31,"enemies":"3 Darklings","floor":36,"turns":4},{"damage":41,"enemies":"Spire Growth","floor":37,"turns":3}],"seed_played":"-6391544647511685188","potions_obtained":[{"floor":1,"key":"Regen Potion"},{"floor":4,"key":"SteroidPotion"},{"floor":11,"key":"Dexterity Potion"},{"floor":16,"key":"Block Potion"},{"floor":21,"key":"Regen Potion"},{"floor":22,"key":"Fire Potion"},{"floor":31,"key":"EssenceOfSteel"},{"floor":33,"key":"FairyPotion"},{"floor":36,"key":"LiquidBronze"}],"is_trial":false,"path_per_floor":["M","M","M","M","M","E","$","R","T","R","M","M","R","M","R","B",null,"M","M","$","M","M","R","?","?","T","M","?","R","$","M","R","B",null,"M","M","M"],"character_chosen":"IRONCLAD","items_purchased":["Apotheosis","Anger","Lantern"],"campfire_rested":5,"item_purchase_floors":[7,20,20],"current_hp_per_floor":[80,77,80,75,80,59,59,59,59,80,80,69,69,67,80,44,80,80,78,78,41,28,52,36,26,26,32,32,56,56,62,80,68,80,39,14,0],"gold":190,"neow_bonus":"UPGRADE_CARD","is_prod":false,"is_daily":false,"chose_seed":false,"campfire_upgraded":2,"win_rate":0.0,"timestamp":1561911092,"path_taken":["M","M","M","M","M","E","$","R","T","R","M","M","R","M","R","BOSS","M","M","$","M","M","R","?","?","T","M","?","R","$","?","R","BOSS","M","M","M"],"build_version":"2019-01-23","purchased_purges":0,"victory":false,"max_hp_per_floor":[80,80,80,80,80,80,80,80,80,80,80,80,80,80,80,80,80,80,80,80,80,80,80,80,80,80,80,80,80,80,80,80,80,80,80,80,80],"card_choices":[{"not_picked":["Infernal Blade","Shrug It Off"],"picked":"Twin Strike","floor":1},{"not_picked":["Sword Boomerang","Reckless Charge"],"picked":"Dropkick","floor":2},{"not_picked":["Hemokinesis","Evolve"],"picked":"Cleave","floor":3},{"not_picked":["Dual Wield","Corruption"],"picked":"Spot Weakness","floor":4},{"not_picked":["Second Wind","Battle Trance"],"picked":"Thunderclap","floor":5},{"not_picked":["Clash","Disarm"],"picked":"Thunderclap","floor":6},{"not_picked":["Sword Boomerang","Perfected Strike"],"picked":"Clothesline","floor":11},{"not_picked":["Clash","Second Wind"],"picked":"Body Slam","floor":12},{"not_picked":["Wild Strike","Disarm","True Grit"],"picked":"SKIP","floor":14},{"not_picked":["Impervious","Limit Break"],"picked":"Demon Form","floor":16},{"not_picked":["Cleave","Hemokinesis"],"picked":"Whirlwind","floor":17},{"not_picked":["Intimidate","Blood for Blood"],"picked":"Perfected Strike","floor":17},{"not_picked":["Body Slam","Pommel Strike"],"picked":"Iron Wave","floor":17},{"not_picked":["Second Wind","Headbutt"],"picked":"Iron Wave","floor":17},{"not_picked":["Cleave","Clothesline"],"picked":"Heavy Blade","floor":17},{"not_picked":["Clothesline","Flex"],"picked":"Rage","floor":18},{"not_picked":["Heavy Blade","Sword Boomerang"],"picked":"Seeing Red+1","floor":19},{"not_picked":["Evolve","Immolate"],"picked":"Seeing Red","floor":21},{"not_picked":["Pommel Strike","Reckless Charge","Clash+1"],"picked":"SKIP","floor":22},{"not_picked":["Combust","Shrug It Off"],"picked":"Ghostly Armor","floor":27},{"not_picked":["Heavy Blade+1","Warcry"],"picked":"Spot Weakness","floor":31},{"not_picked":["Limit Break","Impervious"],"picked":"Barricade","floor":33},{"not_picked":["Shrug It Off+1","Blood for Blood"],"picked":"Iron Wave+1","floor":35},{"not_picked":["Warcry","Sword Boomerang"],"picked":"Inflame","floor":36}],"player_experience":41798,"relics_obtained":[{"floor":6,"key":"Mummified Hand"},{"floor":9,"key":"Bronze Scales"},{"floor":24,"key":"Necronomicon"},{"floor":26,"key":"Gremlin Horn"}],"event_choices":[{"damage_healed":0,"gold_gain":0,"player_choice":"Obtained Book","damage_taken":16,"max_hp_gain":0,"max_hp_loss":0,"event_name":"Cursed Tome","floor":24,"gold_loss":0},{"damage_healed":0,"gold_gain":0,"player_choice":"Fight","damage_taken":0,"max_hp_gain":0,"max_hp_loss":0,"event_name":"Colosseum","floor":25,"gold_loss":0},{"damage_healed":0,"gold_gain":0,"player_choice":"Fled From Nobs","damage_taken":0,"max_hp_gain":0,"max_hp_loss":0,"event_name":"Colosseum","floor":25,"gold_loss":0},{"damage_healed":0,"gold_gain":0,"player_choice":"Ignored","damage_taken":0,"max_hp_gain":0,"max_hp_loss":0,"event_name":"NoteForYourself","floor":28,"gold_loss":0}],"is_beta":false,"boss_relics":[{"not_picked":["White Beast Statue","Astrolabe"],"picked":"Orrery"},{"not_picked":["Runic Dome","Coffee Dripper"],"picked":"Eternal Feather"}],"items_purged_floors":[],"is_endless":false,"potions_floor_spawned":[1,4,11,16,21,22,31,33,36],"killed_by":"Spire Growth","ascension_level":0}