{"gold_per_floor":[119,130,205,10,23,23,23,57,80,97,97,116,116,132,132,132],"floor_reached":16,"playtime":534,"items_purged":[],"score":173,"play_id":"f46716a7-b41c-4973-9884-8c3c1becd106","local_time":"20190702131007","is_ascension_mode":true,"campfire_choices":[{"data":"Zap","floor":6,"key":"SMITH"},{"data":"Dualcast","floor":11,"key":"SMITH"},{"floor":13,"key":"REST"},{"floor":15,"key":"REST"}],"neow_cost":"NONE","seed_source_timestamp":265811757858446,"circlet_count":0,"master_deck":["AscendersBane","Strike_B","Strike_B","Strike_B","Strike_B","Defend_B","Defend_B","Defend_B","Defend_B","Zap+1","Dualcast+1","Sweeping Beam","Go for the Eyes","Steam","Capacitor"],"relics":["Cracked Core","NeowsBlessing","Membership Card","PreservedInsect","Regal Pillow"],"potions_floor_usage":[2,16,16],"damage_taken":[{"damage":0,"enemies":"Cultist","floor":1,"turns":1},{"damage":0,"enemies":"Jaw Worm","floor":2,"turns":1},{"damage":0,"enemies":"Small Slimes","floor":5,"turns":1},{"damage":32,"enemies":"Gremlin Nob","floor":8,"turns":5},{"damage":4,"enemies":"Blue Slaver","floor":10,"turns":4},{"damage":14,"enemies":"3 Louse","floor":12,"turns":3},{"damage":9,"enemies":"Red Slaver","floor":14,"turns":3},{"damage":85,"enemies":"Slime Boss","floor":16,"turns":13}],"seed_played":"6046698437942933262","potions_obtained":[{"floor":2,"key":"Fruit Juice"},{"floor":12,"key":"Weak Potion"},{"floor":14,"key":"Regen Potion"}],"is_trial":false,"path_per_floor":["M","M","?","$","M","R","?","E","T","M","R","M","R","M","R","B"],"character_chosen":"DEFECT","items_purchased":["Membership Card"],"campfire_rested":2,"item_purchase_floors":[4],"current_hp_per_floor":[64,69,58,58,58,58,58,26,26,22,22,8,45,36,73,0],"gold":132,"neow_bonus":"THREE_ENEMY_KILL","is_prod":false,"is_daily":false,"chose_seed":false,"campfire_upgraded":2,"win_rate":0,"timestamp":1562044207,"path_taken":["M","?","?","$","M","R","?","E","T","M","R","M","R","M","R","BOSS"],"build_version":"2019-01-23","purchased_purges":0,"victory":false,"max_hp_per_floor":[71,76,76,76,76,76,76,76,76,76,76,76,76,76,76,76],"card_choices":[{"not_picked":["Coolheaded","Compile Driver"],"picked":"Sweeping Beam","floor":1},{"not_picked":["Steam","Scrape"],"picked":"Go for the Eyes","floor":2},{"not_picked":["Barrage","Stack"],"picked":"Steam","floor":5},{"not_picked":["Undo","Go for the Eyes","Compile Driver"],"picked":"SKIP","floor":8},{"not_picked":["Rebound","Leap","Blizzard"],"picked":"SKIP","floor":10},{"not_picked":["Scrape","Creative AI"],"picked":"Capacitor","floor":12},{"not_picked":["Barrage","Blizzard","Darkness"],"picked":"SKIP","floor":14}],"player_experience":1133880,"relics_obtained":[{"floor":8,"key":"PreservedInsect"},{"floor":9,"key":"Regal Pillow"}],"event_choices":[{"damage_healed":0,"gold_gain":75,"player_choice":"Gather Gold","damage_taken":11,"max_hp_gain":0,"max_hp_loss":0,"event_name":"World of Goop","floor":3,"gold_loss":0},{"damage_healed":0,"gold_gain":0,"player_choice":"Leave","damage_taken":0,"max_hp_gain":0,"max_hp_loss":0,"event_name":"The Cleric","floor":7,"gold_loss":0}],"is_beta":false,"boss_relics":[],"items_purged_floors":[],"is_endless":false,"potions_floor_spawned":[2,12,14],"killed_by":"Slime Boss","ascension_level":14}