{"gold_per_floor":[114,131,148,148,164,192,247,247],"floor_reached":8,"playtime":444,"items_purged":[],"score":99,"play_id":"38fb21bc-ddeb-4922-a4a8-b033399a7719","local_time":"20190701104101","is_ascension_mode":true,"campfire_choices":[],"neow_cost":"NONE","seed_source_timestamp":170552794070982,"circlet_count":0,"master_deck":["AscendersBane","Strike_B","Strike_B","Strike_B","Defend_B","Defend_B","Defend_B","Defend_B","Zap","Dualcast","Defragment","Static Discharge","Sunder","Loop"],"relics":["Velvet Choker","Ornamental Fan"],"potions_floor_usage":[8,8],"damage_taken":[{"damage":8,"enemies":"Small Slimes","floor":1,"turns":3},{"damage":8,"enemies":"2 Louse","floor":2,"turns":3},{"damage":13,"enemies":"Jaw Worm","floor":3,"turns":4},{"damage":13,"enemies":"Large Slime","floor":5,"turns":6},{"damage":20,"enemies":"3 Sentries","floor":6,"turns":6},{"damage":9,"enemies":"Exordium Thugs","floor":8,"turns":2}],"seed_played":"344627251881108252","potions_obtained":[{"floor":1,"key":"Swift Potion"},{"floor":2,"key":"PowerPotion"}],"is_trial":false,"path_per_floor":["M","M","M","?","M","E","?","M"],"character_chosen":"DEFECT","items_purchased":[],"campfire_rested":0,"item_purchase_floors":[],"current_hp_per_floor":[56,48,35,35,22,2,2,0],"gold":247,"neow_bonus":"BOSS_RELIC","is_prod":false,"is_daily":false,"chose_seed":false,"campfire_upgraded":0,"win_rate":0,"timestamp":1561948861,"path_taken":["M","M","M","?","M","E","?","?"],"build_version":"2019-01-23","purchased_purges":0,"victory":false,"max_hp_per_floor":[71,71,71,71,71,71,71,71],"card_choices":[{"not_picked":["Sunder","Hologram"],"picked":"Defragment","floor":1},{"not_picked":["Hologram","Redo"],"picked":"Static Discharge","floor":2},{"not_picked":["Barrage","Reprogram","Go for the Eyes"],"picked":"SKIP","floor":3},{"not_picked":["Conserve Battery","Aggregate"],"picked":"Sunder","floor":5},{"not_picked":["Genetic Algorithm","Coolheaded"],"picked":"Loop","floor":6}],"player_experience":1111381,"relics_obtained":[{"floor":6,"key":"Ornamental Fan"}],"event_choices":[{"cards_removed":["Strike_B"],"damage_healed":0,"gold_gain":0,"player_choice":"Forget","damage_taken":0,"max_hp_gain":0,"max_hp_loss":0,"event_name":"Living Wall","floor":4,"gold_loss":0},{"damage_healed":0,"gold_gain":55,"player_choice":"Gained Gold","damage_taken":0,"max_hp_gain":0,"max_hp_loss":0,"event_name":"Golden Wing","floor":7,"gold_loss":0}],"is_beta":false,"boss_relics":[],"items_purged_floors":[],"is_endless":false,"potions_floor_spawned":[1,2,5],"killed_by":"Exordium Thugs","ascension_level":14}