{"gold_per_floor":[111,124,144,44,59,59,134,134,160,34,53,68,68,84,84,159,159,172,143,160,160,118,118],"floor_reached":23,"playtime":1201,"items_purged":["Strike_B","Strike_B"],"score":333,"play_id":"4b07238b-cfe0-4a16-99be-ea7d96a23cfe","local_time":"20190705104626","is_ascension_mode":true,"campfire_choices":[{"data":"Zap","floor":6,"key":"SMITH"},{"floor":8,"key":"REST"},{"floor":15,"key":"REST"}],"neow_cost":"NONE","seed_source_timestamp":515741353885659,"circlet_count":0,"master_deck":["AscendersBane","Strike_B","Strike_B","Defend_B","Defend_B","Defend_B","Defend_B","Zap+1","Dualcast","Echo Form","Melter","Genetic Algorithm","Coolheaded","Conserve Battery","Steam","Undo","Self Repair","Streamline+1","Turbo","White Noise","Chill"],"relics":["Cracked Core","Regal Pillow","Eternal Feather"],"potions_floor_usage":[14,14,20],"damage_taken":[{"damage":6,"enemies":"Cultist","floor":1,"turns":3},{"damage":13,"enemies":"Jaw Worm","floor":2,"turns":4},{"damage":4,"enemies":"Small Slimes","floor":3,"turns":3},{"damage":18,"enemies":"Exordium Thugs","floor":5,"turns":6},{"damage":5,"enemies":"Looter","floor":11,"turns":3},{"damage":5,"enemies":"Blue Slaver","floor":12,"turns":4},{"damage":0,"enemies":"Large Slime","floor":14,"turns":7},{"damage":26,"enemies":"Slime Boss","floor":16,"turns":16},{"damage":14,"enemies":"Spheric Guardian","floor":18,"turns":4},{"damage":24,"enemies":"2 Thieves","floor":19,"turns":5},{"damage":35,"enemies":"Centurion and Healer","floor":20,"turns":10},{"damage":33,"enemies":"Gremlin Leader","floor":23,"turns":6}],"seed_played":"5942140381893560081","potions_obtained":[{"floor":1,"key":"FearPotion"},{"floor":3,"key":"SkillPotion"},{"floor":12,"key":"Explosive Potion"},{"floor":19,"key":"SkillPotion"}],"is_trial":false,"path_per_floor":["M","M","M","$","M","R","?","R","T","$","M","M","$","M","R","B",null,"M","M","M","?","$","E"],"character_chosen":"DEFECT","items_purchased":["Coolheaded","Conserve Battery","Chill"],"campfire_rested":2,"item_purchase_floors":[4,10,22],"current_hp_per_floor":[58,45,41,41,23,23,12,33,33,33,28,23,23,23,59,40,63,56,39,18,32,32,0],"gold":118,"neow_bonus":"ONE_RANDOM_RARE_CARD","is_prod":false,"is_daily":false,"chose_seed":false,"campfire_upgraded":1,"win_rate":0,"timestamp":1562294786,"path_taken":["M","M","?","$","M","R","?","R","T","?","?","M","$","M","R","BOSS","M","M","M","?","?","E"],"build_version":"2019-07-01","purchased_purges":2,"victory":false,"max_hp_per_floor":[71,71,71,71,71,71,71,71,71,71,71,71,71,71,71,71,71,71,71,71,71,71,71],"card_choices":[{"not_picked":["Recycle","Reprogram"],"picked":"Melter","floor":1},{"not_picked":["Stack","Darkness","Reprogram"],"picked":"SKIP","floor":2},{"not_picked":["Steam","Stack"],"picked":"Genetic Algorithm","floor":3},{"not_picked":["Reprogram","Streamline","Hologram"],"picked":"SKIP","floor":5},{"not_picked":["Redo","Sunder"],"picked":"Steam","floor":11},{"not_picked":["Gash","Darkness"],"picked":"Undo","floor":12},{"not_picked":["Coolheaded","Barrage"],"picked":"Self Repair","floor":14},{"not_picked":["Ball Lightning","Static Discharge"],"picked":"Streamline+1","floor":18},{"not_picked":["Blizzard","Conserve Battery"],"picked":"Turbo","floor":19},{"not_picked":["Sunder","Gash"],"picked":"White Noise","floor":20}],"player_experience":1176664,"relics_obtained":[{"floor":9,"key":"Regal Pillow"}],"event_choices":[{"damage_healed":0,"gold_gain":75,"player_choice":"Gather Gold","damage_taken":11,"max_hp_gain":0,"max_hp_loss":0,"event_name":"World of Goop","floor":7,"gold_loss":0},{"damage_healed":14,"gold_gain":0,"player_choice":"Heal","damage_taken":0,"max_hp_gain":0,"max_hp_loss":0,"event_name":"The Library","floor":21,"gold_loss":0}],"is_beta":false,"boss_relics":[{"not_picked":["Tiny House","Lizard Tail"],"picked":"Eternal Feather"}],"items_purged_floors":[4,10],"is_endless":false,"potions_floor_spawned":[1,3,12,19],"killed_by":"Gremlin Leader","ascension_level":16}