{"gold_per_floor":[115,133,58,74,74,109,19,19,19,43,61,61,95,115,115,192,192,211,211,45,56,56],"floor_reached":22,"playtime":773,"items_purged":[],"score":359,"play_id":"58f810ac-b3a3-4f87-924b-92d7642cd70c","local_time":"20190705133442","is_ascension_mode":true,"campfire_choices":[{"data":"Zap","floor":8,"key":"SMITH"},{"data":"Dualcast","floor":15,"key":"SMITH"}],"neow_cost":"NONE","seed_source_timestamp":526265803418685,"circlet_count":0,"master_deck":["AscendersBane","Strike_B","Strike_B","Strike_B","Defend_B","Defend_B","Defend_B","Defend_B","Zap+1","Dualcast+1","Ball Lightning","BootSequence","Conserve Battery","White Noise","Redo","Doom and Gloom","Conserve Battery","Sweeping Beam+1"],"relics":["Busted Crown","Shuriken","Odd Mushroom","Juzu Bracelet","Blood Vial","Cursed Key","Nloth\u0027s Gift","PreservedInsect"],"potions_floor_usage":[13,13,16],"damage_taken":[{"damage":0,"enemies":"Small Slimes","floor":1,"turns":4},{"damage":4,"enemies":"2 Louse","floor":2,"turns":2},{"damage":0,"enemies":"Cultist","floor":4,"turns":3},{"damage":6,"enemies":"3 Sentries","floor":6,"turns":7},{"damage":6,"enemies":"The Mushroom Lair","floor":10,"turns":3},{"damage":0,"enemies":"3 Louse","floor":11,"turns":5},{"damage":5,"enemies":"Lagavulin","floor":13,"turns":7},{"damage":6,"enemies":"Blue Slaver","floor":14,"turns":3},{"damage":19,"enemies":"The Guardian","floor":16,"turns":12},{"damage":36,"enemies":"Shell Parasite","floor":18,"turns":5},{"damage":26,"enemies":"Spheric Guardian","floor":21,"turns":6},{"damage":11,"enemies":"Cultist and Chosen","floor":22,"turns":3}],"seed_played":"1931067251594643493","potions_obtained":[{"floor":4,"key":"Weak Potion"},{"floor":10,"key":"Ancient Potion"},{"floor":13,"key":"Dexterity Potion"}],"is_trial":false,"path_per_floor":["M","M","?","M","?","E","$","R","T","?","M","?","E","M","R","B",null,"M","?","$","M","M"],"character_chosen":"DEFECT","items_purchased":["White Noise","PreservedInsect"],"campfire_rested":0,"item_purchase_floors":[7,20],"current_hp_per_floor":[64,60,60,60,65,59,59,59,59,53,53,42,37,33,33,16,61,27,27,27,3,0],"gold":56,"neow_bonus":"BOSS_RELIC","is_prod":false,"is_daily":false,"chose_seed":false,"campfire_upgraded":2,"win_rate":0,"timestamp":1562304882,"path_taken":["M","M","?","M","?","E","$","R","T","?","M","?","E","M","R","BOSS","M","?","$","M","M"],"build_version":"2019-07-01","purchased_purges":0,"victory":false,"max_hp_per_floor":[71,71,71,71,76,76,76,76,76,76,76,76,76,76,76,76,76,76,76,76,76,76],"card_choices":[{"not_picked":[],"picked":"Ball Lightning","floor":1},{"not_picked":[],"picked":"BootSequence","floor":2},{"not_picked":[],"picked":"Conserve Battery","floor":4},{"not_picked":["Reprogram"],"picked":"SKIP","floor":6},{"not_picked":[],"picked":"Redo","floor":11},{"not_picked":[],"picked":"Doom and Gloom","floor":13},{"not_picked":[],"picked":"Conserve Battery","floor":14},{"not_picked":[],"picked":"Sweeping Beam+1","floor":18},{"not_picked":["Hologram"],"picked":"SKIP","floor":21}],"player_experience":1186525,"relics_obtained":[{"floor":6,"key":"Shuriken"},{"floor":9,"key":"Blue Candle"},{"floor":10,"key":"Odd Mushroom"},{"floor":13,"key":"Blood Vial"}],"event_choices":[{"cards_removed":["Strike_B"],"damage_healed":0,"gold_gain":0,"player_choice":"Card Removal","damage_taken":0,"max_hp_gain":0,"max_hp_loss":0,"event_name":"The Cleric","floor":3,"gold_loss":75},{"damage_healed":0,"gold_gain":0,"player_choice":"Donut","damage_taken":0,"max_hp_gain":5,"max_hp_loss":0,"event_name":"Big Fish","floor":5,"gold_loss":0},{"damage_healed":0,"gold_gain":0,"player_choice":"Fought Mushrooms","damage_taken":0,"max_hp_gain":0,"max_hp_loss":0,"event_name":"Mushrooms","floor":10,"gold_loss":0},{"damage_healed":0,"gold_gain":0,"player_choice":"Success","damage_taken":11,"relics_obtained":["Juzu Bracelet"],"max_hp_gain":0,"max_hp_loss":0,"event_name":"Scrap Ooze","floor":12,"gold_loss":0},{"damage_healed":0,"gold_gain":0,"player_choice":"Traded Relic","damage_taken":0,"relics_obtained":["Nloth\u0027s Gift"],"max_hp_gain":0,"max_hp_loss":0,"event_name":"N\u0027loth","floor":19,"relics_lost":["Blue Candle"],"gold_loss":0}],"is_beta":false,"boss_relics":[{"not_picked":["Astrolabe","Tiny House"],"picked":"Cursed Key"}],"items_purged_floors":[],"is_endless":false,"potions_floor_spawned":[4,10,11,13],"killed_by":"Cultist and Chosen","ascension_level":17}