{"gold_per_floor":[112,112,125,125,144,144,169,169,246,275,275],"floor_reached":11,"playtime":2568,"items_purged":[],"score":146,"play_id":"60959179-cbd3-4b3a-9e05-574588eb527f","local_time":"20190704215347","is_ascension_mode":true,"campfire_choices":[{"data":"Dualcast","floor":6,"key":"SMITH"},{"data":"Defragment","floor":8,"key":"SMITH"}],"neow_cost":"NONE","seed_source_timestamp":467998541748676,"circlet_count":0,"master_deck":["AscendersBane","Strike_B","Strike_B","Strike_B","Defend_B","Defend_B","Defend_B","Defend_B","Zap+1","Dualcast+1","Defragment+1","Loop","Coolheaded","FTL","Storm"],"relics":["Cracked Core","Potion Belt","Juzu Bracelet","Bottled Lightning","Boot"],"potions_floor_usage":[10],"damage_taken":[{"damage":1,"enemies":"Cultist","floor":1,"turns":3},{"damage":0,"enemies":"2 Louse","floor":3,"turns":2},{"damage":13,"enemies":"Small Slimes","floor":5,"turns":3},{"damage":4,"enemies":"Lagavulin","floor":7,"turns":7},{"damage":34,"enemies":"Gremlin Nob","floor":10,"turns":4},{"damage":10,"enemies":"3 Louse","floor":11,"turns":1}],"seed_played":"-514536483302156188","potions_obtained":[{"floor":1,"key":"SteroidPotion"},{"floor":7,"key":"SkillPotion"},{"floor":10,"key":"SpeedPotion"}],"is_trial":false,"path_per_floor":["M","?","M","?","M","R","E","R","T","E","M"],"character_chosen":"DEFECT","items_purchased":[],"campfire_rested":0,"item_purchase_floors":[],"current_hp_per_floor":[63,63,63,56,43,43,39,39,39,5,0],"gold":275,"neow_bonus":"RANDOM_COMMON_RELIC","is_prod":false,"is_daily":false,"chose_seed":false,"campfire_upgraded":2,"win_rate":0,"timestamp":1562248427,"path_taken":["M","?","?","?","M","R","E","R","T","E","M"],"build_version":"2019-07-01","purchased_purges":0,"victory":false,"max_hp_per_floor":[71,71,71,71,71,71,71,71,71,71,71],"card_choices":[{"not_picked":["Self Repair","Reinforced Body"],"picked":"Defragment","floor":1},{"not_picked":["Coolheaded","Compile Driver"],"picked":"Loop","floor":3},{"not_picked":["Leap","Compile Driver"],"picked":"Coolheaded","floor":5},{"not_picked":["Turbo","Sweeping Beam"],"picked":"FTL","floor":7},{"not_picked":["Genetic Algorithm","Reprogram"],"picked":"Storm","floor":10}],"player_experience":1167703,"relics_obtained":[{"floor":7,"key":"Juzu Bracelet"},{"floor":9,"key":"Bottled Lightning"},{"floor":10,"key":"Boot"}],"event_choices":[{"damage_healed":0,"gold_gain":0,"player_choice":"Upgraded","damage_taken":0,"max_hp_gain":0,"max_hp_loss":0,"event_name":"Upgrade Shrine","floor":2,"gold_loss":0,"cards_upgraded":["Zap"]},{"cards_removed":["Strike_B"],"damage_healed":0,"gold_gain":0,"player_choice":"Card Removal","damage_taken":7,"max_hp_gain":0,"max_hp_loss":0,"event_name":"Golden Wing","floor":4,"gold_loss":0}],"is_beta":false,"boss_relics":[],"items_purged_floors":[],"is_endless":false,"potions_floor_spawned":[1,7,10],"killed_by":"3 Louse","ascension_level":16}