{"gold_per_floor":[117,137,148,158,175,175,209,220,220,220,299,318,318,338,338,433,433,453,466,494,494,494,494,522,522,522,534,534,546,546,279,279,279],"floor_reached":33,"playtime":4097,"items_purged":["Strike_B+1"],"score":323,"play_id":"961adc9d-c6f5-4dd0-b457-1ce05fc39cbd","local_time":"20190618184006","is_ascension_mode":true,"campfire_choices":[{"data":"Redo","floor":6,"key":"SMITH"},{"data":"Zap","floor":10,"key":"SMITH"},{"data":"Dualcast","floor":13,"key":"SMITH"},{"data":"Sunder","floor":15,"key":"SMITH"},{"floor":23,"key":"REST"},{"floor":25,"key":"REST"},{"data":"Seek","floor":28,"key":"SMITH"},{"floor":32,"key":"REST"}],"neow_cost":"NONE","seed_source_timestamp":593016389238731,"circlet_count":0,"master_deck":["Strike_B+1","Strike_B+1","Strike_B+1","Defend_B+1","Defend_B+1","Defend_B+1","Defend_B+1","Zap+1","Dualcast+1","Conserve Battery","Steam","Redo+1","Sunder+1","Chill","Seek+1","BootSequence+1","Cold Snap+1","Hologram+1","Go for the Eyes+1","Coolheaded","Panache"],"relics":["Cracked Core","DataDisk","Vajra","StoneCalendar","Matryoshka","Eternal Feather","Red Mask","Blood Vial","Lantern","Darkstone Periapt","Nilry\u0027s Codex"],"potions_floor_usage":[14,19,33],"damage_taken":[{"damage":1,"enemies":"Cultist","floor":1,"turns":3},{"damage":4,"enemies":"Small Slimes","floor":2,"turns":2},{"damage":1,"enemies":"2 Louse","floor":3,"turns":2},{"damage":1,"enemies":"Large Slime","floor":4,"turns":6},{"damage":1,"enemies":"3 Louse","floor":5,"turns":3},{"damage":19,"enemies":"Lagavulin","floor":7,"turns":6},{"damage":0,"enemies":"Gremlin Gang","floor":8,"turns":3},{"damage":3,"enemies":"Looter","floor":12,"turns":3},{"damage":4,"enemies":"Large Slime","floor":14,"turns":6},{"damage":6,"enemies":"The Guardian","floor":16,"turns":9},{"damage":29,"enemies":"3 Byrds","floor":18,"turns":5},{"damage":8,"enemies":"Spheric Guardian","floor":19,"turns":4},{"damage":15,"enemies":"Masked Bandits","floor":20,"turns":6},{"damage":23,"enemies":"Gremlin Leader","floor":24,"turns":11},{"damage":2,"enemies":"Cultist and Chosen","floor":27,"turns":6},{"damage":13,"enemies":"Snecko","floor":29,"turns":4},{"damage":105,"enemies":"Automaton","floor":33,"turns":12}],"seed_played":"-4399842471208017016","potions_obtained":[{"floor":1,"key":"Poison Potion"},{"floor":2,"key":"SpeedPotion"},{"floor":4,"key":"EssenceOfSteel"},{"floor":20,"key":"Dexterity Potion"},{"floor":27,"key":"Strength Potion"}],"is_trial":false,"path_per_floor":["M","M","M","M","M","R","E","M","T","R","T","M","R","M","R","B",null,"M","M","?","?","?","R","E","R","T","M","R","M","?","$","R","B"],"character_chosen":"DEFECT","items_purchased":["Panache"],"campfire_rested":3,"item_purchase_floors":[31],"current_hp_per_floor":[74,70,69,68,67,67,48,48,48,48,48,45,45,41,41,35,75,46,38,23,9,9,42,19,52,52,52,64,53,37,37,73,0],"gold":279,"neow_bonus":"RANDOM_COMMON_RELIC","is_prod":false,"is_daily":false,"chose_seed":false,"campfire_upgraded":5,"win_rate":0,"timestamp":1560897606,"path_taken":["M","?","M","M","M","R","E","M","T","R","?","M","R","M","R","BOSS","M","M","?","?","?","R","E","R","T","M","R","M","?","$","R","BOSS"],"build_version":"2019-01-23","purchased_purges":1,"victory":false,"max_hp_per_floor":[75,75,75,75,75,75,75,75,75,75,75,75,75,75,75,75,75,75,75,75,80,80,80,80,80,80,80,80,80,80,80,80,80],"card_choices":[{"not_picked":["Storm","Rebound","Tempest"],"picked":"SKIP","floor":1},{"not_picked":["Turbo","Thunder Strike"],"picked":"Conserve Battery","floor":2},{"not_picked":["White Noise","Blizzard"],"picked":"Steam","floor":3},{"not_picked":["Steam","Rebound"],"picked":"Redo","floor":4},{"not_picked":["Streamline","Stack","Lockon"],"picked":"SKIP","floor":5},{"not_picked":["Creative AI","Hologram"],"picked":"Sunder","floor":7},{"not_picked":["Genetic Algorithm","Recycle"],"picked":"Chill","floor":8},{"not_picked":["Steam","Loop","Streamline"],"picked":"SKIP","floor":12},{"not_picked":["Stack","Scrape","Machine Learning"],"picked":"SKIP","floor":14},{"not_picked":["Creative AI","Thunder Strike"],"picked":"Seek","floor":16},{"not_picked":["Leap+1","Barrage"],"picked":"BootSequence+1","floor":18},{"not_picked":["Ball Lightning+1","Multi-Cast"],"picked":"Cold Snap+1","floor":19},{"not_picked":["Leap+1","Reinforced Body"],"picked":"Hologram+1","floor":20},{"not_picked":["Hologram","Tempest+1","Chill+1"],"picked":"SKIP","floor":24},{"not_picked":["Barrage+1","White Noise"],"picked":"Go for the Eyes+1","floor":27},{"not_picked":["Streamline+1","White Noise"],"picked":"Coolheaded","floor":29}],"player_experience":363013,"relics_obtained":[{"floor":7,"key":"Vajra"},{"floor":9,"key":"StoneCalendar"},{"floor":11,"key":"Matryoshka"},{"floor":20,"key":"Red Mask"},{"floor":24,"key":"Blood Vial"},{"floor":26,"key":"Lantern"},{"floor":26,"key":"Darkstone Periapt"},{"floor":30,"key":"Nilry\u0027s Codex"}],"event_choices":[{"damage_healed":0,"gold_gain":0,"player_choice":"Fought Bandits","damage_taken":0,"max_hp_gain":0,"max_hp_loss":0,"event_name":"Masked Bandits","floor":20,"gold_loss":0},{"damage_healed":0,"gold_gain":0,"player_choice":"Shed Blood","damage_taken":19,"max_hp_gain":5,"max_hp_loss":0,"event_name":"Forgotten Altar","floor":21,"gold_loss":0},{"damage_healed":0,"gold_gain":0,"player_choice":"Simplicity","damage_taken":0,"max_hp_gain":0,"max_hp_loss":0,"event_name":"Back to Basics","floor":22,"gold_loss":0,"cards_upgraded":["Strike_B","Strike_B","Strike_B","Strike_B","Defend_B","Defend_B","Defend_B","Defend_B"]},{"damage_healed":0,"gold_gain":0,"player_choice":"Obtained Book","damage_taken":16,"max_hp_gain":0,"max_hp_loss":0,"event_name":"Cursed Tome","floor":30,"gold_loss":0}],"is_beta":false,"boss_relics":[{"not_picked":["White Beast Statue","Tiny House"],"picked":"Eternal Feather"}],"items_purged_floors":[31],"is_endless":false,"potions_floor_spawned":[1,2,4,7,12,20,27,29],"killed_by":"Automaton","ascension_level":4}