{"gold_per_floor":[117,133,152,164,183,183,195,212,238,238,238,238,253,253,253,253],"floor_reached":16,"playtime":872,"items_purged":[],"score":163,"play_id":"47dc1ca0-d692-470e-881e-131dfe53097b","local_time":"20190701140122","is_ascension_mode":true,"campfire_choices":[{"data":"Zap","floor":6,"key":"SMITH"},{"data":"Dualcast","floor":10,"key":"SMITH"},{"data":"Go for the Eyes","floor":15,"key":"SMITH"}],"neow_cost":"NONE","seed_source_timestamp":182127571715390,"circlet_count":0,"master_deck":["AscendersBane","Strike_B","Strike_B","Strike_B","Defend_B","Defend_B","Defend_B","Defend_B","Zap+1","Dualcast+1","Tempest","Chill","Self Repair","Chill","White Noise","BootSequence","Self Repair","Go for the Eyes+1"],"relics":["Eternal Feather","Strawberry","Lantern","Vajra"],"potions_floor_usage":[7],"damage_taken":[{"damage":12,"enemies":"Small Slimes","floor":1,"turns":3},{"damage":1,"enemies":"2 Louse","floor":2,"turns":3},{"damage":4,"enemies":"Jaw Worm","floor":3,"turns":5},{"damage":0,"enemies":"Exordium Wildlife","floor":4,"turns":5},{"damage":10,"enemies":"2 Fungi Beasts","floor":5,"turns":5},{"damage":0,"enemies":"3 Louse","floor":7,"turns":5},{"damage":11,"enemies":"Large Slime","floor":8,"turns":5},{"damage":7,"enemies":"Red Slaver","floor":13,"turns":5},{"damage":83,"enemies":"Slime Boss","floor":16,"turns":12}],"seed_played":"-4566443139659821719","potions_obtained":[{"floor":1,"key":"Regen Potion"},{"floor":2,"key":"Weak Potion"}],"is_trial":false,"path_per_floor":["M","M","M","M","M","R","M","M","T","R","?","?","M","T","R","B"],"character_chosen":"DEFECT","items_purchased":[],"campfire_rested":0,"item_purchase_floors":[],"current_hp_per_floor":[52,51,47,54,51,60,71,71,78,78,66,66,73,73,78,0],"gold":253,"neow_bonus":"BOSS_RELIC","is_prod":false,"is_daily":false,"chose_seed":false,"campfire_upgraded":3,"win_rate":0,"timestamp":1561960882,"path_taken":["M","M","M","M","M","R","M","M","T","R","?","?","M","?","R","BOSS"],"build_version":"2019-01-23","purchased_purges":0,"victory":false,"max_hp_per_floor":[71,71,71,71,71,71,71,71,78,78,78,78,78,78,78,78],"card_choices":[{"not_picked":["Hologram","Force Field"],"picked":"Tempest","floor":1},{"not_picked":["Steam","Capacitor"],"picked":"Chill","floor":2},{"not_picked":["Ball Lightning","Gash"],"picked":"Self Repair","floor":3},{"not_picked":["Gash","Leap"],"picked":"Chill","floor":4},{"not_picked":["Compile Driver","Streamline"],"picked":"White Noise","floor":5},{"not_picked":["Stack","Fusion"],"picked":"BootSequence","floor":7},{"not_picked":["Skim","Reinforced Body"],"picked":"Self Repair","floor":8},{"not_picked":["Hello World","Streamline"],"picked":"Go for the Eyes","floor":13}],"player_experience":1119135,"relics_obtained":[{"floor":9,"key":"Strawberry"},{"floor":14,"key":"Vajra"}],"event_choices":[{"damage_healed":0,"gold_gain":0,"player_choice":"Success","damage_taken":12,"relics_obtained":["Lantern"],"max_hp_gain":0,"max_hp_loss":0,"event_name":"Scrap Ooze","floor":11,"gold_loss":0},{"cards_removed":["Strike_B"],"damage_healed":0,"gold_gain":0,"player_choice":"Forget","damage_taken":0,"max_hp_gain":0,"max_hp_loss":0,"event_name":"Living Wall","floor":12,"gold_loss":0}],"is_beta":false,"boss_relics":[],"items_purged_floors":[],"is_endless":false,"potions_floor_spawned":[1,2,5],"killed_by":"Slime Boss","ascension_level":14}