{"gold_per_floor":[112,112,85,85,85,85,111,111,181,216,229,263,283,294,294,294],"floor_reached":16,"playtime":1005,"items_purged":[],"score":220,"play_id":"5e024429-0ac8-47ef-ba91-7ed4d5eafead","local_time":"20190505150947","is_ascension_mode":true,"campfire_choices":[{"data":"Good Instincts","floor":6,"key":"SMITH"},{"data":"Bash","floor":8,"key":"SMITH"},{"data":"Armaments","floor":15,"key":"SMITH"}],"neow_cost":"CURSE","seed_source_timestamp":18684488747700,"circlet_count":0,"master_deck":["AscendersBane","Strike_R","Strike_R","Strike_R","Strike_R","Strike_R","Defend_R","Defend_R","Defend_R","Defend_R","Bash+1","Metallicize","Thunderclap","Good Instincts+1","Cleave","Double Tap","Armaments+1","Twin Strike","Sentinel","Clothesline"],"relics":["Burning Blood","Bag of Preparation","Frozen Egg 2","Bottled Tornado","PreservedInsect"],"potions_floor_usage":[7,10,12,16],"damage_taken":[{"damage":0,"enemies":"Small Slimes","floor":1,"turns":3},{"damage":30,"enemies":"3 Sentries","floor":7,"turns":12},{"damage":38,"enemies":"Gremlin Nob","floor":10,"turns":5},{"damage":0,"enemies":"Cultist","floor":11,"turns":3},{"damage":8,"enemies":"3 Sentries","floor":12,"turns":7},{"damage":0,"enemies":"2 Louse","floor":13,"turns":2},{"damage":0,"enemies":"2 Fungi Beasts","floor":14,"turns":4},{"damage":76,"enemies":"The Guardian","floor":16,"turns":18}],"seed_played":"5791000609643373274","potions_obtained":[{"floor":1,"key":"Poison Potion"},{"floor":7,"key":"Regen Potion"},{"floor":11,"key":"SkillPotion"},{"floor":13,"key":"SpeedPotion"}],"is_trial":false,"path_per_floor":["M","?","$","?","?","R","E","R","T","E","M","E","M","M","R","B"],"character_chosen":"IRONCLAD","items_purchased":["Thunderclap"],"campfire_rested":0,"item_purchase_floors":[3],"current_hp_per_floor":[94,94,94,94,94,94,70,70,70,52,58,56,62,68,68,0],"gold":294,"neow_bonus":"TWENTY_PERCENT_HP_BONUS","is_prod":false,"is_daily":false,"chose_seed":false,"campfire_upgraded":3,"win_rate":0,"timestamp":1557061787,"path_taken":["M","?","$","?","?","R","E","R","T","E","M","E","M","M","R","BOSS"],"build_version":"2019-01-23","purchased_purges":0,"victory":false,"max_hp_per_floor":[96,96,96,96,96,96,96,96,96,96,96,96,96,96,96,96],"card_choices":[{"not_picked":["Perfected Strike","Pummel"],"picked":"Metallicize","floor":1},{"not_picked":["Thunderclap","Double Tap"],"picked":"Cleave","floor":7},{"not_picked":["Warcry","Heavy Blade"],"picked":"Double Tap","floor":10},{"not_picked":["Anger","Heavy Blade"],"picked":"Armaments","floor":11},{"not_picked":["Wild Strike","Thunderclap"],"picked":"Twin Strike","floor":12},{"not_picked":["Corruption+1","Perfected Strike"],"picked":"Sentinel","floor":13},{"not_picked":["Corruption+1","Perfected Strike"],"picked":"Clothesline","floor":14}],"player_experience":736780,"relics_obtained":[{"floor":7,"key":"Bag of Preparation"},{"floor":9,"key":"Frozen Egg 2"},{"floor":10,"key":"Bottled Tornado"},{"floor":12,"key":"PreservedInsect"}],"event_choices":[{"cards_removed":["Shame"],"damage_healed":0,"gold_gain":0,"player_choice":"Forget","damage_taken":0,"max_hp_gain":0,"max_hp_loss":0,"event_name":"Living Wall","floor":2,"gold_loss":0},{"damage_healed":0,"gold_gain":0,"player_choice":"Leave","damage_taken":0,"max_hp_gain":0,"max_hp_loss":0,"event_name":"The Cleric","floor":4,"gold_loss":0},{"damage_healed":0,"gold_gain":0,"player_choice":"1 cards matched","damage_taken":0,"max_hp_gain":0,"max_hp_loss":0,"event_name":"Match and Keep!","floor":5,"gold_loss":0,"cards_obtained":["Good Instincts"]}],"is_beta":false,"boss_relics":[],"items_purged_floors":[],"is_endless":false,"potions_floor_spawned":[1,7,11,13],"killed_by":"The Guardian","ascension_level":13}