{"gold_per_floor":[112,387,22,45,57,57,85,32,32,32,59,71,88,102,102,175,175,189,189,207,226,245,38,38,9,9,21,32,66,7,0,0,74,74,85,35,35,35,35,35,53,53],"floor_reached":42,"playtime":2365,"items_purged":["Regret","Strike_G"],"score":1037,"play_id":"6179514c-2b49-4055-8437-cb7da82dc28a","local_time":"20190705145944","is_ascension_mode":true,"campfire_choices":[{"data":"Deadly Poison","floor":6.0,"key":"SMITH"},{"floor":10.0,"key":"REST"},{"data":"Dagger Spray","floor":15.0,"key":"SMITH"},{"data":"Leg Sweep","floor":24.0,"key":"SMITH"},{"floor":32,"key":"REST"},{"data":"After Image","floor":40,"key":"SMITH"}],"neow_cost":"NONE","seed_source_timestamp":1144755404223861,"circlet_count":0,"master_deck":["AscendersBane","Strike_G","Defend_G","Defend_G","Defend_G","Defend_G","Defend_G","Survivor","Neutralize","Dash","Footwork","Deadly Poison+1","Leg Sweep+1","Glass Knife","Noxious Fumes","Blur","Bullet Time","Tools of the Trade+1","Expertise+1","Setup+1","Noxious Fumes","Bouncing Flask","Noxious Fumes","Apotheosis+1","Backflip","Dodge and Roll+1","PiercingWail+1","Deadly Poison+1","After Image+1","Cloak And Dagger+1","Caltrops"],"special_seed":0,"relics":["Ring of the Snake","Chemical X","Bronze Scales","Centennial Puzzle","Pen Nib","Smiling Mask","Astrolabe","Toxic Egg 2","Pantograph","Eternal Feather"],"potions_floor_usage":[29,29,33],"damage_taken":[{"damage":2.0,"enemies":"2 Louse","floor":1.0,"turns":4.0},{"damage":0.0,"enemies":"Cultist","floor":5.0,"turns":4.0},{"damage":33.0,"enemies":"3 Sentries","floor":7.0,"turns":9.0},{"damage":2.0,"enemies":"Gremlin Nob","floor":11.0,"turns":5.0},{"damage":0.0,"enemies":"Jaw Worm","floor":12.0,"turns":2.0},{"damage":16.0,"enemies":"Gremlin Gang","floor":13.0,"turns":5.0},{"damage":4.0,"enemies":"Red Slaver","floor":14.0,"turns":3.0},{"damage":14.0,"enemies":"Slime Boss","floor":16.0,"turns":11.0},{"damage":6.0,"enemies":"Spheric Guardian","floor":18.0,"turns":5.0},{"damage":14.0,"enemies":"Chosen","floor":20.0,"turns":5.0},{"damage":22.0,"enemies":"Centurion and Healer","floor":21.0,"turns":7.0},{"damage":13.0,"enemies":"Snake Plant","floor":22.0,"turns":5.0},{"damage":6.0,"enemies":"Sentry and Sphere","floor":27.0,"turns":6.0},{"damage":10.0,"enemies":"3 Cultists","floor":28.0,"turns":5.0},{"damage":13,"enemies":"Slavers","floor":29,"turns":6},{"damage":31,"enemies":"Collector","floor":33,"turns":10},{"damage":20,"enemies":"3 Darklings","floor":35,"turns":6},{"damage":8,"enemies":"3 Shapes","floor":41,"turns":5},{"damage":55,"enemies":"Reptomancer","floor":42,"turns":2}],"seed_played":"3531354517649846420","potions_obtained":[{"floor":1.0,"key":"PowerPotion"},{"floor":11.0,"key":"GamblersBrew"},{"floor":13.0,"key":"Energy Potion"},{"floor":14.0,"key":"Ancient Potion"},{"floor":16.0,"key":"GhostInAJar"},{"floor":18.0,"key":"Regen Potion"},{"floor":22.0,"key":"SkillPotion"},{"floor":28.0,"key":"Poison Potion"},{"floor":29,"key":"Block Potion"},{"floor":35,"key":"Dexterity Potion"}],"is_trial":false,"path_per_floor":["M","?","$","T","M","R","E","$","T","R","E","M","M","M","R","B",null,"M","?","M","M","M","$","R","$","T","M","M","E","$","?","R","B",null,"M","$","?","?","?","R","M","E"],"character_chosen":"THE_SILENT","items_purchased":["Chemical X","Footwork","Weak Potion","Apotheosis","Backflip","Deadly Poison+1"],"campfire_rested":2,"item_purchase_floors":[3,3,8,23,25,30],"current_hp_per_floor":[57,57,57,57,57,57,24,24,24,43,41,41,25,21,21,7,51,45,76,62,40,42,42,42,42,42,36,26,13,13,13,35,29,64,44,44,44,44,44,62,54,0],"gold":53,"neow_bonus":"ONE_RANDOM_RARE_CARD","is_prod":false,"is_daily":false,"chose_seed":false,"campfire_upgraded":4,"win_rate":0,"timestamp":1562356784,"path_taken":["M","?","$","?","M","R","E","$","T","R","E","M","M","M","R","BOSS","M","?","M","?","M","$","R","?","T","M","M","E","$","?","R","BOSS","M","$","?","?","?","R","M","E"],"build_version":"2019-07-01","purchased_purges":2,"victory":false,"max_hp_per_floor":[66,66,66,66,66,66,66,66,66,66,66,66,66,66,66,66,66,66,76,76,76,76,76,76,76,76,76,76,76,76,76,76,76,76,76,76,76,76,76,76,76,76],"card_choices":[{"not_picked":["Flechettes","Tactician"],"picked":"Dash","floor":1.0},{"not_picked":["Prepared","Acrobatics"],"picked":"Deadly Poison","floor":5.0},{"not_picked":["Eviscerate","Footwork"],"picked":"Leg Sweep","floor":7.0},{"not_picked":["Flying Knee","PiercingWail"],"picked":"Glass Knife","floor":11.0},{"not_picked":["Caltrops","Poisoned Stab"],"picked":"Noxious Fumes","floor":12.0},{"not_picked":["Underhanded Strike","PiercingWail"],"picked":"Dagger Spray","floor":13.0},{"not_picked":["Quick Slash","Terror"],"picked":"Blur","floor":14.0},{"not_picked":["A Thousand Cuts","Unload"],"picked":"Bullet Time","floor":16.0},{"not_picked":["Blade Dance","Deflect"],"picked":"Noxious Fumes","floor":18.0},{"not_picked":["Bane+1","Predator"],"picked":"Bouncing Flask","floor":20.0},{"not_picked":["Slice","Terror"],"picked":"Noxious Fumes","floor":21.0},{"not_picked":["Blade Dance","Setup","Acrobatics"],"picked":"SKIP","floor":22.0},{"not_picked":["Prepared+1","Unload"],"picked":"Dodge and Roll+1","floor":27.0},{"not_picked":["Eviscerate","Dagger Throw","Accuracy"],"picked":"SKIP","floor":28.0},{"not_picked":["Dagger Throw","Dodge and Roll+1"],"picked":"PiercingWail+1","floor":29},{"not_picked":["Glass Knife","Tools of the Trade"],"picked":"After Image","floor":33},{"not_picked":["Poisoned Stab","Prepared+1"],"picked":"Cloak And Dagger+1","floor":35},{"not_picked":["Poisoned Stab+1","Dagger Throw+1"],"picked":"Caltrops","floor":41}],"player_experience":139284,"relics_obtained":[{"floor":4.0,"key":"Bronze Scales"},{"floor":7.0,"key":"Centennial Puzzle"},{"floor":9.0,"key":"Pen Nib"},{"floor":11.0,"key":"Smiling Mask"},{"floor":26.0,"key":"Toxic Egg 2"},{"floor":29,"key":"Pantograph"}],"event_choices":[{"damage_healed":0.0,"max_hp_gain":0.0,"max_hp_loss":0.0,"gold_gain":275.0,"event_name":"Golden Shrine","player_choice":"Desecrate","floor":2.0,"gold_loss":0.0,"damage_taken":0.0,"cards_obtained":["Regret"]},{"cards_removed":["Storm of Steel"],"damage_healed":21.0,"max_hp_gain":10.0,"max_hp_loss":0.0,"gold_gain":0.0,"event_name":"Bonfire Elementals","player_choice":"Offered Rare","floor":19.0,"gold_loss":0.0,"damage_taken":0.0},{"damage_healed":0,"gold_gain":0,"player_choice":"Paid Fearfully","damage_taken":0,"max_hp_gain":0,"max_hp_loss":0,"event_name":"Masked Bandits","floor":31,"gold_loss":7},{"cards_removed":["Dagger Spray"],"damage_healed":0,"gold_gain":0,"player_choice":"Removed Attack","damage_taken":0,"max_hp_gain":0,"max_hp_loss":0,"event_name":"Falling","floor":37,"gold_loss":0},{"damage_healed":0,"gold_gain":0,"player_choice":"Ignored","damage_taken":0,"max_hp_gain":0,"max_hp_loss":0,"event_name":"Mysterious Sphere","floor":38,"gold_loss":0},{"damage_healed":0,"gold_gain":0,"player_choice":"Forge","damage_taken":0,"max_hp_gain":0,"max_hp_loss":0,"event_name":"Accursed Blacksmith","floor":39,"gold_loss":0,"cards_upgraded":["Apotheosis"]}],"is_beta":false,"boss_relics":[{"not_picked":["Busted Crown","Fusion Hammer"],"picked":"Astrolabe"},{"not_picked":["Runic Dome","HoveringKite"],"picked":"Eternal Feather"}],"items_purged_floors":[3,36],"is_endless":false,"potions_floor_spawned":[1,11,13,14,16,18,22,28,29,35],"killed_by":"Reptomancer","ascension_level":16}