{"gold_per_floor":[109,109,126,143,160,189,189,152,198,215,232,263,263,263,263,358,358,377,377,377,394,406,431,431,431],"floor_reached":25,"playtime":1771,"items_purged":[],"score":233,"play_id":"32447346-57b2-4d9a-823f-adbf54eaf461","local_time":"20190705060012","is_ascension_mode":false,"campfire_choices":[{"data":"Defragment","floor":7.0,"key":"SMITH"},{"data":"Chaos","floor":13.0,"key":"SMITH"},{"data":"Hologram","floor":15.0,"key":"SMITH"},{"floor":24,"key":"REST"}],"neow_cost":"NONE","seed_source_timestamp":0,"circlet_count":0,"master_deck":["Strike_B","Strike_B","Strike_B","Defend_B","Defend_B","Defend_B","Defend_B","Zap","Defragment+1","Rebound","Ball Lightning","Hologram+1","Loop","Hologram","Cold Snap","Chaos+1","Buffer","Heatsinks+1","Ball Lightning+1","Biased Cognition+1","Barrage","Fusion+1","Capacitor","Capacitor"],"special_seed":0,"relics":["Cracked Core","NeowsBlessing","Pear","Pen Nib","Happy Flower","Juzu Bracelet","Astrolabe","Toxic Egg 2","Anchor"],"potions_floor_usage":[23,25],"damage_taken":[{"damage":0.0,"enemies":"2 Louse","floor":1.0,"turns":1.0},{"damage":0.0,"enemies":"Cultist","floor":3.0,"turns":1.0},{"damage":0.0,"enemies":"Jaw Worm","floor":4.0,"turns":1.0},{"damage":16.0,"enemies":"Large Slime","floor":5.0,"turns":7.0},{"damage":29.0,"enemies":"3 Sentries","floor":6.0,"turns":7.0},{"damage":4.0,"enemies":"Blue Slaver","floor":10.0,"turns":2.0},{"damage":10.0,"enemies":"2 Fungi Beasts","floor":11.0,"turns":3.0},{"damage":12.0,"enemies":"Gremlin Nob","floor":12.0,"turns":4.0},{"damage":11.0,"enemies":"Slime Boss","floor":16.0,"turns":6.0},{"damage":30,"enemies":"2 Thieves","floor":18,"turns":4},{"damage":3,"enemies":"Spheric Guardian","floor":21,"turns":3},{"damage":10,"enemies":"Chosen and Byrds","floor":22,"turns":4},{"damage":34,"enemies":"Book of Stabbing","floor":23,"turns":5},{"damage":56,"enemies":"Gremlin Leader","floor":25,"turns":4}],"seed_played":"-9008173893729438769","potions_obtained":[{"floor":1.0,"key":"LiquidBronze"},{"floor":3.0,"key":"AttackPotion"},{"floor":4.0,"key":"Poison Potion"},{"floor":11.0,"key":"FairyPotion"},{"floor":21,"key":"PowerPotion"}],"is_trial":false,"path_per_floor":["M","?","M","M","M","E","R","$","T","M","M","E","R","?","R","B",null,"M","?","?","M","M","E","R","E"],"character_chosen":"DEFECT","items_purchased":["Loop"],"campfire_rested":1,"item_purchase_floors":[8],"current_hp_per_floor":[75,85,85,85,69,40,40,40,40,36,26,14,14,14,14,3,85,55,55,55,52,42,8,33,0],"gold":431,"neow_bonus":"THREE_ENEMY_KILL","is_prod":false,"is_daily":false,"chose_seed":false,"campfire_upgraded":3,"win_rate":0.0,"timestamp":1562270412,"path_taken":["M","?","M","?","M","E","R","$","T","M","M","E","R","?","R","BOSS","M","?","?","M","M","E","R","E"],"build_version":"2019-07-01","purchased_purges":0,"victory":false,"max_hp_per_floor":[75,85,85,85,85,85,85,85,85,85,85,85,85,85,85,85,85,85,85,85,85,85,85,85,85],"card_choices":[{"not_picked":["Gash","White Noise"],"picked":"Defragment","floor":1.0},{"not_picked":["BootSequence","Reprogram"],"picked":"Rebound","floor":3.0},{"not_picked":["Static Discharge","Gash"],"picked":"Beam Cell","floor":4.0},{"not_picked":["Streamline","Sweeping Beam"],"picked":"Ball Lightning","floor":5.0},{"not_picked":["Compile Driver","Streamline"],"picked":"Hologram","floor":6.0},{"not_picked":["Streamline","Beam Cell"],"picked":"Hologram","floor":10.0},{"not_picked":["Genetic Algorithm","Scrape"],"picked":"Cold Snap","floor":11.0},{"not_picked":["Biased Cognition","Coolheaded"],"picked":"Chaos","floor":12.0},{"not_picked":["Multi-Cast","Biased Cognition"],"picked":"Buffer","floor":16.0},{"not_picked":["Ball Lightning","Go for the Eyes+1"],"picked":"Barrage","floor":18},{"not_picked":["Coolheaded+1","Consume+1"],"picked":"Fusion+1","floor":21},{"not_picked":["Barrage","FTL"],"picked":"Capacitor","floor":22},{"not_picked":["Lockon","Beam Cell"],"picked":"Capacitor","floor":23}],"player_experience":19244,"relics_obtained":[{"floor":2.0,"key":"Pear"},{"floor":6.0,"key":"Pen Nib"},{"floor":9.0,"key":"Happy Flower"},{"floor":12.0,"key":"Juzu Bracelet"},{"floor":23,"key":"Anchor"}],"event_choices":[{"damage_healed":0.0,"max_hp_gain":0.0,"max_hp_loss":0.0,"gold_gain":0.0,"event_name":"Wheel of Change","player_choice":"Relic","floor":2.0,"gold_loss":0.0,"damage_taken":0.0},{"damage_healed":0.0,"max_hp_gain":0.0,"max_hp_loss":0.0,"gold_gain":0.0,"event_name":"Golden Wing","player_choice":"Ignored","floor":14.0,"gold_loss":0.0,"damage_taken":0.0},{"damage_healed":0,"gold_gain":0,"player_choice":"Ignored","damage_taken":0,"max_hp_gain":0,"max_hp_loss":0,"event_name":"Ghosts","floor":19,"gold_loss":0},{"damage_healed":0,"gold_gain":0,"player_choice":"Opened","damage_taken":0,"relics_obtained":["Toxic Egg 2"],"max_hp_gain":0,"max_hp_loss":0,"event_name":"The Mausoleum","floor":20,"gold_loss":0}],"is_beta":false,"boss_relics":[{"not_picked":["Philosopher\u0027s Stone","Runic Dome"],"picked":"Astrolabe"}],"items_purged_floors":[],"is_endless":false,"potions_floor_spawned":[1,3,4,11,21],"killed_by":"Gremlin Leader","ascension_level":0}