{"gold_per_floor":[110,125,125,141,141,141,157,157,157,157,188,206,125,138,138,237,237,254,265,190,200,300,300,332,346,346,346,246,262,262,275,275,379,379,395,124,136,0,0,0,13,24,24,38,38,138,138,158,158,158],"floor_reached":51,"playtime":10623,"items_purged":["Strike_B","Defend_B","Strike_B"],"score":807,"play_id":"e285fa68-f6c8-4c06-8a1f-fc4cfe6cc4db","local_time":"20190612165928","is_ascension_mode":true,"campfire_choices":[{"data":"Turbo","floor":6.0,"key":"SMITH"},{"data":"Skim","floor":8.0,"key":"SMITH"},{"data":"Dualcast","floor":10.0,"key":"SMITH"},{"data":"Defragment","floor":15.0,"key":"SMITH"},{"floor":23,"key":"REST"},{"floor":27,"key":"REST"},{"data":"Coolheaded","floor":30,"key":"SMITH"},{"data":"Capacitor","floor":32,"key":"SMITH"},{"data":"Go for the Eyes","floor":40,"key":"SMITH"},{"data":"Capacitor","floor":45,"key":"SMITH"},{"data":"Darkness","floor":47,"key":"SMITH"},{"data":"Double Energy","floor":49,"key":"SMITH"}],"neow_cost":"NONE","seed_source_timestamp":0,"circlet_count":0,"master_deck":["Defend_B","Defend_B","Defend_B","Zap+1","Dualcast+1","Skim+1","Turbo+1","Glacier","Conserve Battery","Defragment+1","Coolheaded+1","Capacitor+1","Darkness+1","Compile Driver","Capacitor+1","Conserve Battery+1","Go for the Eyes+1","Defragment+1","BootSequence","Machine Learning","FTL+1","Coolheaded+1","Go for the Eyes+1","Consume+1","Parasite","Double Energy+1"],"special_seed":0,"relics":["Cracked Core","Prayer Wheel","Darkstone Periapt","Pear","Philosopher\u0027s Stone","Mango","Sundial","Meat on the Bone","Regal Pillow","Orrery","Bronze Scales","Red Mask","Blue Candle","Unceasing Top"],"potions_floor_usage":[22,22,22,33,35,48,50],"damage_taken":[{"damage":8.0,"enemies":"Small Slimes","floor":1.0,"turns":3.0},{"damage":0.0,"enemies":"2 Louse","floor":2.0,"turns":2.0},{"damage":0.0,"enemies":"Cultist","floor":4.0,"turns":3.0},{"damage":0.0,"enemies":"Blue Slaver","floor":7.0,"turns":3.0},{"damage":4.0,"enemies":"3 Sentries","floor":11.0,"turns":9.0},{"damage":4.0,"enemies":"Lots of Slimes","floor":12.0,"turns":5.0},{"damage":0.0,"enemies":"2 Fungi Beasts","floor":14.0,"turns":5.0},{"damage":14.0,"enemies":"Slime Boss","floor":16.0,"turns":11.0},{"damage":1.0,"enemies":"Chosen","floor":18.0,"turns":6.0},{"damage":0.0,"enemies":"Shell Parasite","floor":19.0,"turns":7.0},{"damage":0,"enemies":"Cultist and Chosen","floor":21,"turns":7},{"damage":13,"enemies":"Colosseum Slavers","floor":22,"turns":7},{"damage":69,"enemies":"Colosseum Nobs","floor":22,"turns":10},{"damage":40,"enemies":"Gremlin Leader","floor":24,"turns":8},{"damage":1,"enemies":"Centurion and Healer","floor":25,"turns":7},{"damage":0,"enemies":"Snecko","floor":29,"turns":5},{"damage":0,"enemies":"Sentry and Sphere","floor":31,"turns":6},{"damage":0,"enemies":"Automaton","floor":33,"turns":10},{"damage":4,"enemies":"Orb Walker","floor":35,"turns":6},{"damage":8,"enemies":"3 Shapes","floor":37,"turns":5},{"damage":7,"enemies":"Spire Growth","floor":41,"turns":5},{"damage":0,"enemies":"Jaw Worm Horde","floor":42,"turns":4},{"damage":0,"enemies":"Writhing Mass","floor":44,"turns":5},{"damage":16,"enemies":"Mind Bloom Boss Battle","floor":46,"turns":7},{"damage":1,"enemies":"4 Shapes","floor":48,"turns":7},{"damage":0,"enemies":"Awakened One","floor":50,"turns":12}],"seed_played":"5748161258623281094","potions_obtained":[{"floor":2.0,"key":"SkillPotion"},{"floor":14.0,"key":"Explosive Potion"},{"floor":21,"key":"EntropicBrew"},{"floor":25,"key":"SpeedPotion"},{"floor":31,"key":"Weak Potion"},{"floor":33,"key":"SteroidPotion"},{"floor":35,"key":"FearPotion"},{"floor":42,"key":"Strength Potion"}],"is_trial":false,"path_per_floor":["M","M","?","M","?","R","M","R","T","R","E","M","?","M","R","B",null,"M","M","$","M","?","R","E","M","T","R","$","M","R","M","R","B",null,"M","$","M","?","$","R","M","M","T","M","R","?","R","M","R","B",null],"character_chosen":"DEFECT","items_purchased":["Bronze Scales"],"campfire_rested":2,"item_purchase_floors":[36],"current_hp_per_floor":[67,67,60,60,60,60,60,60,60,60,56,52,62,62,62,48,85,84,84,84,84,16,45,5,16,16,60,60,60,60,60,60,60,99,95,95,87,87,87,87,80,80,80,86,86,70,70,69,69,69],"gold":158,"neow_bonus":"UPGRADE_CARD","is_prod":false,"is_daily":false,"chose_seed":false,"campfire_upgraded":10,"win_rate":0,"timestamp":1560373168,"path_taken":["M","M","?","M","?","R","M","R","T","R","E","?","?","M","R","BOSS","M","M","?","M","?","R","E","M","T","R","$","M","R","M","R","BOSS","M","$","M","?","$","R","M","M","T","M","R","?","R","M","R","BOSS"],"build_version":"2019-01-23","purchased_purges":3,"victory":true,"max_hp_per_floor":[75,75,75,75,75,75,75,75,75,75,75,75,85,85,85,85,85,85,85,85,85,99,99,99,99,99,99,99,99,99,99,99,99,99,99,99,99,99,99,99,99,99,99,105,105,105,105,105,105,105],"card_choices":[{"not_picked":["Coolheaded","Stack"],"picked":"Skim","floor":1.0},{"not_picked":["Stack","Cold Snap"],"picked":"Turbo","floor":2.0},{"not_picked":["Ball Lightning","Rebound"],"picked":"Glacier","floor":4.0},{"not_picked":["Sweeping Beam","Aggregate"],"picked":"Conserve Battery","floor":7.0},{"not_picked":["Doom and Gloom","Sweeping Beam"],"picked":"Defragment","floor":11.0},{"not_picked":["Aggregate","Stack"],"picked":"Coolheaded","floor":12.0},{"not_picked":["Conserve Battery","Cold Snap"],"picked":"Capacitor","floor":12.0},{"not_picked":["Turbo","Stack"],"picked":"Darkness","floor":14.0},{"not_picked":["Chaos","Sweeping Beam"],"picked":"Compile Driver","floor":14.0},{"not_picked":["Steam","Leap+1"],"picked":"Capacitor","floor":18.0},{"not_picked":["Stack+1","Leap"],"picked":"Conserve Battery+1","floor":18.0},{"not_picked":["Streamline","Blizzard"],"picked":"Go for the Eyes","floor":19},{"not_picked":["Conserve Battery+1","Double Energy+1","Go for the Eyes"],"picked":"SKIP","floor":19},{"not_picked":["White Noise+1","Rebound"],"picked":"Defragment+1","floor":21},{"not_picked":["Multi-Cast","Consume","Redo"],"picked":"SKIP","floor":21},{"not_picked":["Static Discharge+1","White Noise","Stack"],"picked":"SKIP","floor":24},{"not_picked":["Rebound+1","Tempest+1"],"picked":"BootSequence","floor":25},{"not_picked":["Hello World+1","Turbo+1","Leap"],"picked":"SKIP","floor":25},{"not_picked":["Beam Cell","Cold Snap","Darkness"],"picked":"SKIP","floor":29},{"not_picked":["White Noise","Static Discharge","Go for the Eyes+1"],"picked":"SKIP","floor":29},{"not_picked":["Rip and Tear+1","Ball Lightning+1","Cold Snap"],"picked":"SKIP","floor":31},{"not_picked":["Consume","Turbo","Ball Lightning"],"picked":"SKIP","floor":31},{"not_picked":["Multi-Cast","All For One"],"picked":"Machine Learning","floor":33},{"not_picked":["Leap","Loop"],"picked":"FTL+1","floor":34},{"not_picked":["Scrape","Streamline"],"picked":"Coolheaded+1","floor":35},{"not_picked":["Force Field+1","Steam+1","BootSequence+1"],"picked":"SKIP","floor":35},{"not_picked":["Ball Lightning","Static Discharge"],"picked":"Go for the Eyes+1","floor":37},{"not_picked":["Conserve Battery+1","Sweeping Beam+1","BootSequence+1"],"picked":"SKIP","floor":37},{"not_picked":["Steam+1","Rebound","Streamline"],"picked":"SKIP","floor":41},{"not_picked":["Conserve Battery","Ball Lightning","Sweeping Beam+1"],"picked":"SKIP","floor":41},{"not_picked":["Amplify","Undo+1"],"picked":"Consume+1","floor":42},{"not_picked":["Tempest","Rebound+1","Stack+1"],"picked":"SKIP","floor":42},{"not_picked":["Steam+1","Self Repair","Ball Lightning+1"],"picked":"SKIP","floor":44},{"not_picked":["Turbo+1","Stack+1","Beam Cell"],"picked":"SKIP","floor":44},{"not_picked":["Leap+1","Genetic Algorithm"],"picked":"Double Energy","floor":48},{"not_picked":["Barrage","Aggregate","Sweeping Beam"],"picked":"SKIP","floor":48}],"player_experience":308631,"relics_obtained":[{"floor":9.0,"key":"Prayer Wheel"},{"floor":11.0,"key":"Darkstone Periapt"},{"floor":22,"key":"Mango"},{"floor":22,"key":"Sundial"},{"floor":24,"key":"Meat on the Bone"},{"floor":26,"key":"Regal Pillow"},{"floor":43,"key":"Blue Candle"},{"floor":46,"key":"Unceasing Top"}],"event_choices":[{"cards_removed":["Strike_B"],"damage_healed":0.0,"max_hp_gain":0.0,"max_hp_loss":0.0,"gold_gain":0.0,"event_name":"Golden Wing","player_choice":"Card Removal","floor":3.0,"gold_loss":0.0,"damage_taken":7.0},{"cards_removed":["Strike_B"],"damage_healed":0.0,"max_hp_gain":0.0,"max_hp_loss":0.0,"gold_gain":0.0,"event_name":"Bonfire Elementals","player_choice":"Offered Basic","floor":5.0,"gold_loss":0.0,"damage_taken":0.0},{"damage_healed":0.0,"max_hp_gain":0.0,"max_hp_loss":0.0,"gold_gain":0.0,"event_name":"WeMeetAgain","player_choice":"Paid Gold","floor":13.0,"gold_loss":81.0,"damage_taken":0.0,"relics_obtained":["Pear"]},{"damage_healed":0,"gold_gain":0,"player_choice":"Fight","damage_taken":0,"max_hp_gain":0,"max_hp_loss":0,"event_name":"Colosseum","floor":22,"gold_loss":0},{"damage_healed":0,"gold_gain":0,"player_choice":"Fought Nobs","damage_taken":0,"max_hp_gain":0,"max_hp_loss":0,"event_name":"Colosseum","floor":22,"gold_loss":0},{"damage_healed":0,"gold_gain":0,"player_choice":"Paid","damage_taken":0,"relics_obtained":["Red Mask"],"max_hp_gain":0,"max_hp_loss":0,"event_name":"Tomb of Lord Red Mask","floor":38,"gold_loss":136},{"damage_healed":0,"gold_gain":0,"player_choice":"Fight","damage_taken":0,"max_hp_gain":0,"max_hp_loss":0,"event_name":"MindBloom","floor":46,"gold_loss":0}],"is_beta":false,"boss_relics":[{"not_picked":["FrozenCore","Black Star"],"picked":"Philosopher\u0027s Stone"},{"not_picked":["Runic Dome","Velvet Choker"],"picked":"Orrery"}],"items_purged_floors":[20,28,36],"is_endless":false,"potions_floor_spawned":[2,14,21,25,31,33,35,42],"ascension_level":1}