{"gold_per_floor":[119,6,19,0,12,27,47,76,99,99,117,137,162,174,174,174],"floor_reached":16,"playtime":1985,"items_purged":["Strike_R"],"score":116,"play_id":"522bfc0e-0d9e-47be-823a-e9b3ed622d64","local_time":"20180717235105","is_ascension_mode":false,"campfire_choices":[{"floor":15,"key":"REST"}],"neow_cost":"","seed_source_timestamp":475046782866068,"circlet_count":0,"master_deck":["Strike_R+1","Strike_R","Strike_R","Strike_R","Defend_R","Defend_R","Defend_R","Defend_R","Bash","Pommel Strike","Battle Trance","Pommel Strike","Shrug It Off","Warcry","Anger","Fiend Fire","Headbutt+1","Anger","Feel No Pain","Flame Barrier"],"relics":["Burning Blood","Pantograph","Regal Pillow","Whetstone"],"potions_floor_usage":[8,8,8,16,16],"damage_taken":[{"damage":6,"enemies":"Cultist","floor":1,"turns":3},{"damage":11,"enemies":"2 Louse","floor":3,"turns":3},{"damage":0,"enemies":"Small Slimes","floor":5,"turns":2},{"damage":43,"enemies":"Gremlin Gang","floor":6,"turns":4},{"damage":0,"enemies":"Large Slime","floor":7,"turns":4},{"damage":26,"enemies":"Lagavulin","floor":8,"turns":7},{"damage":11,"enemies":"Exordium Thugs","floor":11,"turns":3},{"damage":3,"enemies":"2 Fungi Beasts","floor":12,"turns":3},{"damage":19,"enemies":"3 Sentries","floor":13,"turns":6},{"damage":8,"enemies":"Red Slaver","floor":14,"turns":2},{"damage":80,"enemies":"The Guardian","floor":16,"turns":10}],"seed_played":"1514479212420872904","potions_obtained":[{"floor":1,"key":"Ancient Potion"},{"floor":3,"key":"Fire Potion"},{"floor":5,"key":"BloodPotion"},{"floor":11,"key":"Dexterity Potion"},{"floor":12,"key":"Poison Potion"}],"is_trial":false,"path_per_floor":["M","$","M","?","M","M","M","E","T","?","M","M","E","M","R"],"character_chosen":"IRONCLAD","items_purchased":["Battle Trance"],"campfire_rested":1,"item_purchase_floors":[2],"current_hp_per_floor":[80,80,75,75,80,43,49,37,37,37,32,35,22,20,59,0],"gold":174,"neow_bonus":"","is_prod":false,"is_daily":false,"chose_seed":false,"campfire_upgraded":0,"win_rate":0.0,"timestamp":1531885865,"path_taken":["M","$","?","?","?","M","M","E","T","?","?","M","E","M","R","BOSS"],"build_version":"2018-07-12","purchased_purges":1,"victory":false,"max_hp_per_floor":[80,80,80,80,80,80,80,80,80,80,80,80,80,80,80,80],"card_choices":[{"not_picked":["Second Wind","Body Slam"],"picked":"Pommel Strike","floor":1},{"not_picked":["Sword Boomerang","Entrench"],"picked":"Pommel Strike","floor":3},{"not_picked":["Burning Pact","Clothesline"],"picked":"Shrug It Off","floor":5},{"not_picked":["Shrug It Off","Twin Strike"],"picked":"Warcry","floor":6},{"not_picked":["True Grit","Armaments"],"picked":"Anger","floor":7},{"not_picked":["Twin Strike","Intimidate"],"picked":"Fiend Fire","floor":8},{"not_picked":["Blood for Blood","Sword Boomerang"],"picked":"Headbutt","floor":11},{"not_picked":["Pummel","Cleave"],"picked":"Anger","floor":12},{"not_picked":["Blood for Blood","Iron Wave"],"picked":"Feel No Pain","floor":13},{"not_picked":["Body Slam","Disarm"],"picked":"Flame Barrier","floor":14}],"player_experience":0,"relics_obtained":[{"floor":8,"key":"Pantograph"},{"floor":9,"key":"Regal Pillow"},{"floor":13,"key":"Whetstone"}],"event_choices":[{"event_name":"World of Goop","player_choice":"Left","floor":4,"damage_taken":0},{"event_name":"The Woman in Blue","player_choice":"Bought 0 Potions","floor":10,"damage_taken":0}],"boss_relics":[],"items_purged_floors":[2],"is_endless":false,"potions_floor_spawned":[1,3,5,11,12],"killed_by":"The Guardian","ascension_level":0}