{"gold_per_floor":[117,134,145,164,89,100,118,136,190,190,207,172,203,215,227,312,324,347,4,4,4,0,0,16,47,92,92,92,110,110,126,126,126],"floor_reached":33,"playtime":2332,"items_purged":["Decay"],"score":457,"play_id":"ca4f51ca-9ab8-4bf4-8201-443c18f037d8","local_time":"20190603000150","is_ascension_mode":true,"campfire_choices":[{"floor":10.0,"key":"REST"},{"data":"Rip and Tear","floor":15.0,"key":"SMITH"},{"floor":23.0,"key":"REST"},{"data":"White Noise","floor":27.0,"key":"SMITH"},{"floor":32.0,"key":"REST"}],"neow_cost":"CURSE","seed_source_timestamp":0,"circlet_count":0,"master_deck":["AscendersBane","Strike_B","Strike_B","Strike_B","Strike_B","Defend_B","Defend_B","Defend_B+1","Defend_B","Zap","Dualcast","Rip and Tear+1","Go for the Eyes","Coolheaded","Seek","White Noise+1","Conserve Battery","Reinforced Body+1","Core Surge","Hologram","Sweeping Beam","Echo Form","RitualDagger","Melter","Streamline","Steam+1","Scrape"],"special_seed":0,"relics":["FrozenCore","Turnip","Dream Catcher","MawBank","Bronze Scales","Sling","War Paint","Blood Vial"],"potions_floor_usage":[33],"damage_taken":[{"damage":8.0,"enemies":"Cultist","floor":1.0,"turns":3.0},{"damage":7.0,"enemies":"Jaw Worm","floor":2.0,"turns":3.0},{"damage":0.0,"enemies":"2 Louse","floor":3.0,"turns":2.0},{"damage":0.0,"enemies":"Exordium Thugs","floor":4.0,"turns":4.0},{"damage":9.0,"enemies":"Exordium Wildlife","floor":6.0,"turns":6.0},{"damage":18.0,"enemies":"2 Fungi Beasts","floor":7.0,"turns":4.0},{"damage":3.0,"enemies":"3 Louse","floor":8.0,"turns":4.0},{"damage":2.0,"enemies":"Red Slaver","floor":11.0,"turns":3.0},{"damage":10.0,"enemies":"Gremlin Nob","floor":13.0,"turns":4.0},{"damage":26.0,"enemies":"Slime Boss","floor":16.0,"turns":9.0},{"damage":5.0,"enemies":"Chosen","floor":18.0,"turns":6.0},{"damage":14.0,"enemies":"2 Thieves","floor":22.0,"turns":5.0},{"damage":8.0,"enemies":"Snake Plant","floor":24.0,"turns":5.0},{"damage":9.0,"enemies":"Book of Stabbing","floor":25.0,"turns":7.0},{"damage":21.0,"enemies":"Centurion and Healer","floor":29.0,"turns":7.0},{"damage":5.0,"enemies":"Snecko","floor":31.0,"turns":4.0},{"damage":48,"enemies":"Collector","floor":33,"turns":7}],"seed_played":"-5512871976080065574","potions_obtained":[{"floor":1.0,"key":"Block Potion"},{"floor":4.0,"key":"SteroidPotion"},{"floor":6.0,"key":"SneckoOil"},{"floor":8.0,"key":"AttackPotion"},{"floor":13.0,"key":"Dexterity Potion"},{"floor":16.0,"key":"Regen Potion"},{"floor":18.0,"key":"Strength Potion"},{"floor":24.0,"key":"SpeedPotion"},{"floor":25.0,"key":"Energy Potion"},{"floor":29.0,"key":"AttackPotion"}],"is_trial":false,"path_per_floor":["M","M","M","M","$","M","M","M","T","R","M","?","E","?","R","B",null,"M","$","?","$","M","R","M","E","T","R","T","M","?","M","R","B"],"character_chosen":"DEFECT","items_purchased":["Bronze Scales","Sling"],"campfire_rested":3,"item_purchase_floors":[19,19],"current_hp_per_floor":[56,49,49,49,49,40,22,19,19,40,38,55,45,45,45,19,58,68,68,62,62,48,69,61,52,52,52,52,33,20,17,39,0],"gold":126,"neow_bonus":"ONE_RARE_RELIC","is_prod":false,"is_daily":false,"chose_seed":false,"campfire_upgraded":2,"win_rate":0,"timestamp":1559512910,"path_taken":["M","M","M","M","?","M","M","?","T","R","M","?","E","?","R","BOSS","M","$","?","?","M","R","M","E","T","R","?","?","?","M","R","BOSS"],"build_version":"2019-01-23","purchased_purges":1,"victory":false,"max_hp_per_floor":[71,71,71,71,71,71,71,71,71,71,71,71,71,71,71,71,71,71,71,71,71,71,71,71,71,71,71,71,71,76,76,76,76],"card_choices":[{"not_picked":["Rebound","Steam Power"],"picked":"Rip and Tear","floor":1.0},{"not_picked":["Turbo","Compile Driver"],"picked":"Go for the Eyes","floor":2.0},{"not_picked":["Compile Driver","Beam Cell"],"picked":"Coolheaded","floor":3.0},{"not_picked":["Aggregate","Hologram"],"picked":"Seek","floor":4.0},{"not_picked":["Chaos","Barrage"],"picked":"White Noise","floor":6.0},{"not_picked":["Hologram","Sweeping Beam"],"picked":"Conserve Battery","floor":7.0},{"not_picked":["Leap","Ball Lightning"],"picked":"Reinforced Body","floor":8.0},{"not_picked":["Reprogram","Coolheaded"],"picked":"Core Surge","floor":10.0},{"not_picked":["Scrape","Compile Driver"],"picked":"Hologram","floor":11.0},{"not_picked":["Self Repair","Storm"],"picked":"Sweeping Beam","floor":13.0},{"not_picked":["Hyperbeam","Amplify"],"picked":"Echo Form","floor":16.0},{"not_picked":["Redo","Go for the Eyes","Compile Driver"],"picked":"SKIP","floor":18.0},{"not_picked":["Machine Learning","Turbo"],"picked":"Melter","floor":22.0},{"not_picked":["Barrage","Reboot"],"picked":"Streamline","floor":24.0},{"not_picked":["Conserve Battery+1","Leap"],"picked":"Steam+1","floor":25.0},{"not_picked":["Static Discharge","Storm+1","Reinforced Body"],"picked":"SKIP","floor":29.0},{"not_picked":["Skim+1","Recycle"],"picked":"Scrape","floor":31.0}],"player_experience":807242,"relics_obtained":[{"floor":9.0,"key":"Dream Catcher"},{"floor":13.0,"key":"MawBank"},{"floor":25.0,"key":"War Paint"},{"floor":26.0,"key":"Blood Vial"}],"event_choices":[{"damage_healed":17.0,"max_hp_gain":0.0,"max_hp_loss":0.0,"gold_gain":0.0,"event_name":"The Cleric","player_choice":"Healed","floor":12.0,"gold_loss":35.0,"damage_taken":0.0},{"damage_healed":0.0,"max_hp_gain":0.0,"max_hp_loss":0.0,"gold_gain":0.0,"event_name":"Liars Game","player_choice":"Ignored","floor":14.0,"gold_loss":0.0,"damage_taken":0.0},{"damage_healed":0.0,"max_hp_gain":0.0,"max_hp_loss":0.0,"gold_gain":0.0,"event_name":"Nest","player_choice":"Joined the Cult","floor":20.0,"gold_loss":0.0,"damage_taken":6.0,"cards_obtained":["RitualDagger"]},{"damage_healed":0.0,"max_hp_gain":5.0,"max_hp_loss":0.0,"gold_gain":0.0,"event_name":"Forgotten Altar","player_choice":"Shed Blood","floor":30.0,"gold_loss":0.0,"damage_taken":18.0}],"is_beta":false,"boss_relics":[{"not_picked":["Sozu","Tiny House"],"picked":"FrozenCore"}],"items_purged_floors":[5],"is_endless":false,"potions_floor_spawned":[1,4,6,8,13,16,18,24,25,29],"killed_by":"Collector","ascension_level":14}