{"gold_per_floor":[116,116,126,139,158,185,185,243,243,263,293,293,47,57,57,153,153,171,171,171,206,216,216,9,35,72,84,111,154,186,218,230,242],"floor_reached":33,"playtime":2035,"items_purged":[],"score":322,"play_id":"59d82450-afe5-4e07-8e42-6a4aacf36c4b","local_time":"20190705094530","is_ascension_mode":false,"campfire_choices":[{"data":"Clash","floor":7,"key":"SMITH"},{"data":"Anger","floor":15,"key":"SMITH"},{"data":"Anger","floor":23,"key":"SMITH"},{"data":"Dual Wield","floor":27,"key":"SMITH"},{"data":"Limit Break","floor":32,"key":"SMITH"}],"neow_cost":"NONE","seed_source_timestamp":146464941905289,"circlet_count":0,"master_deck":["Strike_R","Strike_R","Strike_R","Strike_R","Strike_R","Defend_R","Defend_R","Defend_R","Bash","Anger+1","Anger+1","Rage","Clash+1","Reckless Charge","Headbutt","Iron Wave","Dropkick","Metallicize+1","Iron Wave","Perfected Strike","Sword Boomerang","Thunderclap","Heavy Blade","Iron Wave","Dual Wield+1","Spot Weakness","Limit Break+1","Cleave+1","Carnage","Heavy Blade+1","Spot Weakness","Ghostly Armor","Fire Breathing","Cleave","Cleave"],"relics":["Orrery","Smiling Mask","Shuriken","Ancient Tea Set","Bag of Marbles","PreservedInsect","Coffee Dripper","Red Mask","Toolbox","MawBank","Red Skull","Pear"],"potions_floor_usage":[8,11,16,21,30,30,33,33],"damage_taken":[{"damage":0,"enemies":"Cultist","floor":1,"turns":2},{"damage":0,"enemies":"Small Slimes","floor":3,"turns":2},{"damage":0,"enemies":"Jaw Worm","floor":4,"turns":2},{"damage":2,"enemies":"Blue Slaver","floor":5,"turns":2},{"damage":15,"enemies":"Gremlin Nob","floor":6,"turns":4},{"damage":22,"enemies":"Lagavulin Event","floor":8,"turns":4},{"damage":6,"enemies":"Exordium Wildlife","floor":10,"turns":2},{"damage":12,"enemies":"Lagavulin","floor":11,"turns":5},{"damage":7,"enemies":"2 Fungi Beasts","floor":14,"turns":2},{"damage":21,"enemies":"The Guardian","floor":16,"turns":9},{"damage":0,"enemies":"3 Byrds","floor":18,"turns":4},{"damage":3,"enemies":"Masked Bandits","floor":21,"turns":3},{"damage":0,"enemies":"Spheric Guardian","floor":22,"turns":2},{"damage":19,"enemies":"Book of Stabbing","floor":25,"turns":4},{"damage":7,"enemies":"Shelled Parasite and Fungi","floor":28,"turns":3},{"damage":14,"enemies":"Slavers","floor":29,"turns":4},{"damage":7,"enemies":"3 Cultists","floor":30,"turns":3},{"damage":8,"enemies":"Centurion and Healer","floor":31,"turns":3},{"damage":58,"enemies":"Collector","floor":33,"turns":5}],"seed_played":"-2479791372457297227","potions_obtained":[{"floor":1,"key":"FairyPotion"},{"floor":3,"key":"SteroidPotion"},{"floor":8,"key":"Energy Potion"},{"floor":10,"key":"PowerPotion"},{"floor":11,"key":"Poison Potion"},{"floor":16,"key":"Strength Potion"},{"floor":18,"key":"Regen Potion"},{"floor":22,"key":"Swift Potion"},{"floor":31,"key":"Fire Potion"}],"is_trial":false,"path_per_floor":["M","?","M","M","M","E","R","?","T","M","E","?","$","M","R","B",null,"M","?","?","?","M","R","$","E","T","R","M","E","M","M","R","B"],"character_chosen":"IRONCLAD","items_purchased":["PreservedInsect","Iron Wave","Dual Wield","Toolbox"],"campfire_rested":0,"item_purchase_floors":[13,13,13,24],"current_hp_per_floor":[80,80,80,80,78,63,63,41,41,35,23,23,23,16,16,3,80,80,80,80,77,77,77,77,58,58,58,51,47,40,32,32,0],"gold":242,"neow_bonus":"BOSS_RELIC","is_prod":false,"is_daily":false,"chose_seed":false,"campfire_upgraded":5,"win_rate":0.0,"timestamp":1562283930,"path_taken":["M","?","?","M","M","E","R","?","T","M","E","?","?","M","R","BOSS","M","?","?","?","M","R","?","E","T","R","?","E","M","M","R","BOSS"],"build_version":"2019-07-01","purchased_purges":0,"victory":false,"max_hp_per_floor":[80,80,80,80,80,80,80,80,80,80,80,80,80,80,80,80,80,80,80,80,80,80,80,80,80,80,80,80,90,90,90,90,90],"card_choices":[{"not_picked":["Thunderclap","Body Slam"],"picked":"Anger","floor":0},{"not_picked":["Headbutt","Rage"],"picked":"Anger","floor":0},{"not_picked":["Body Slam","Seeing Red"],"picked":"Rage","floor":0},{"not_picked":["Twin Strike","Corruption"],"picked":"Clash","floor":0},{"not_picked":["Bloodletting","Corruption"],"picked":"Reckless Charge","floor":0},{"not_picked":["Dark Embrace","Clothesline"],"picked":"Headbutt","floor":1},{"not_picked":["True Grit","Entrench"],"picked":"Dropkick","floor":3},{"not_picked":["Shockwave","Carnage"],"picked":"Metallicize","floor":4},{"not_picked":["Shrug It Off","Perfected Strike"],"picked":"Iron Wave","floor":5},{"not_picked":["Berserk","Rage"],"picked":"Perfected Strike","floor":6},{"not_picked":["Pommel Strike","Searing Blow"],"picked":"Sword Boomerang","floor":8},{"not_picked":["Entrench","Body Slam"],"picked":"Thunderclap","floor":10},{"not_picked":["Warcry","Fire Breathing"],"picked":"Heavy Blade","floor":11},{"not_picked":["Carnage","Blood for Blood"],"picked":"Spot Weakness","floor":14},{"not_picked":["Bludgeon","Barricade"],"picked":"Limit Break","floor":16},{"not_picked":["Perfected Strike","Anger"],"picked":"Cleave+1","floor":18},{"not_picked":["Offering","Burning Pact"],"picked":"Carnage","floor":21},{"not_picked":["Iron Wave","True Grit"],"picked":"Heavy Blade+1","floor":22},{"not_picked":["Cleave","Uppercut"],"picked":"Spot Weakness","floor":25},{"not_picked":["Hemokinesis","Cleave"],"picked":"Ghostly Armor","floor":28},{"not_picked":["Entrench","Anger"],"picked":"Fire Breathing","floor":29},{"not_picked":["Sword Boomerang","Carnage"],"picked":"Cleave","floor":30},{"not_picked":["Burning Pact","Second Wind"],"picked":"Cleave","floor":31}],"player_experience":31183,"relics_obtained":[{"floor":6,"key":"Smiling Mask"},{"floor":9,"key":"Ancient Tea Set"},{"floor":11,"key":"Bag of Marbles"},{"floor":21,"key":"Red Mask"},{"floor":25,"key":"MawBank"},{"floor":26,"key":"Red Skull"},{"floor":29,"key":"Pear"}],"event_choices":[{"cards_removed":["Defend_R"],"damage_healed":0,"gold_gain":0,"player_choice":"Took Card","damage_taken":0,"max_hp_gain":0,"max_hp_loss":0,"event_name":"NoteForYourself","floor":2,"gold_loss":0,"cards_obtained":["Iron Wave"]},{"damage_healed":0,"gold_gain":0,"player_choice":"Searched \u00272\u0027 times","damage_taken":0,"relics_obtained":["Shuriken"],"max_hp_gain":0,"max_hp_loss":0,"event_name":"Dead Adventurer","floor":8,"gold_loss":0},{"damage_healed":0,"gold_gain":0,"player_choice":"Grow","damage_taken":0,"max_hp_gain":0,"max_hp_loss":0,"event_name":"Living Wall","floor":12,"gold_loss":0,"cards_upgraded":["Metallicize"]},{"damage_healed":0,"gold_gain":0,"player_choice":"Ignored","damage_taken":0,"max_hp_gain":0,"max_hp_loss":0,"event_name":"Beggar","floor":19,"gold_loss":0},{"damage_healed":0,"gold_gain":0,"player_choice":"Ignored","damage_taken":0,"max_hp_gain":0,"max_hp_loss":0,"event_name":"Ghosts","floor":20,"gold_loss":0},{"damage_healed":0,"gold_gain":0,"player_choice":"Fought Bandits","damage_taken":0,"max_hp_gain":0,"max_hp_loss":0,"event_name":"Masked Bandits","floor":21,"gold_loss":0}],"is_beta":false,"boss_relics":[{"not_picked":["Ectoplasm","Cursed Key"],"picked":"Coffee Dripper"}],"items_purged_floors":[],"is_endless":false,"potions_floor_spawned":[1,3,8,10,11,16,18,22,31],"killed_by":"Collector","ascension_level":0}