{"gold_per_floor":[10,28,28,39,59,59,73,102,102,121,153,153,164,182,182,257,257,273,293,208,9,21,21,54,54,54,54,79,79,79,89,89,160,160,178,178,191,62,82,82,94,94,141,141,151,151,161,161,161,161],"floor_reached":51,"playtime":2192,"items_purged":["Strike_R"],"score":1199,"play_id":"a0fa7486-379e-4238-8ea4-01abc12ea220","local_time":"20190705153739","is_ascension_mode":true,"campfire_choices":[{"data":"Bash","floor":6.0,"key":"SMITH"},{"floor":12,"key":"REST"},{"data":"Demon Form","floor":15,"key":"SMITH"},{"floor":23,"key":"REST"},{"floor":25,"key":"REST"},{"data":"True Grit","floor":27,"key":"SMITH"},{"floor":29,"key":"REST"},{"data":"True Grit","floor":32,"key":"SMITH"},{"data":"Armaments","floor":40,"key":"SMITH"},{"data":"Disarm","floor":42,"key":"SMITH"},{"data":"Offering","floor":44,"key":"SMITH"},{"floor":46,"key":"REST"},{"data":"True Grit","floor":49,"key":"SMITH"}],"neow_cost":"NO_GOLD","seed_source_timestamp":1147338007847366,"circlet_count":0,"master_deck":["AscendersBane","Strike_R","Strike_R","Defend_R","Defend_R","Defend_R","Defend_R","Bash+1","Disarm+1","Cleave+1","True Grit+1","Demon Form+1","Twin Strike","True Grit+1","Offering+1","Spot Weakness","Sword Boomerang+1","Heavy Blade+1","Sword Boomerang+1","Reaper+1","Heavy Blade+1","Armaments+1","Bludgeon+1","Shame","True Grit+1"],"special_seed":0,"relics":["Burning Blood","Potion Belt","Lantern","Vajra","Sozu","Molten Egg 2","PreservedInsect","Oddly Smooth Stone","Meat on the Bone","Magic Flower","Cursed Key","Bronze Scales","Pen Nib"],"potions_floor_usage":[11,24,33],"damage_taken":[{"damage":14.0,"enemies":"2 Louse","floor":1.0,"turns":3.0},{"damage":8.0,"enemies":"Small Slimes","floor":2.0,"turns":6.0},{"damage":6.0,"enemies":"Jaw Worm","floor":4.0,"turns":6.0},{"damage":19.0,"enemies":"Lots of Slimes","floor":5.0,"turns":5.0},{"damage":10.0,"enemies":"Blue Slaver","floor":7.0,"turns":4.0},{"damage":18.0,"enemies":"Gremlin Nob","floor":8.0,"turns":4.0},{"damage":4.0,"enemies":"Looter","floor":10.0,"turns":3.0},{"damage":25,"enemies":"3 Sentries","floor":11,"turns":6},{"damage":4,"enemies":"3 Louse","floor":13,"turns":3},{"damage":2,"enemies":"Red Slaver","floor":14,"turns":6},{"damage":21,"enemies":"Slime Boss","floor":16,"turns":6},{"damage":24,"enemies":"Shell Parasite","floor":18,"turns":4},{"damage":27,"enemies":"3 Byrds","floor":19,"turns":5},{"damage":15,"enemies":"Snake Plant","floor":22,"turns":4},{"damage":23,"enemies":"Gremlin Leader","floor":24,"turns":5},{"damage":27,"enemies":"Book of Stabbing","floor":28,"turns":4},{"damage":21,"enemies":"Chosen and Byrds","floor":31,"turns":4},{"damage":45,"enemies":"Champ","floor":33,"turns":5},{"damage":19,"enemies":"3 Shapes","floor":35,"turns":6},{"damage":1,"enemies":"Orb Walker","floor":37,"turns":2},{"damage":58,"enemies":"Sphere and 2 Shapes","floor":39,"turns":6},{"damage":8,"enemies":"Maw","floor":41,"turns":6},{"damage":55,"enemies":"Jaw Worm Horde","floor":45,"turns":5},{"damage":12,"enemies":"Writhing Mass","floor":47,"turns":4},{"damage":62,"enemies":"Time Eater","floor":50,"turns":7}],"seed_played":"-4285343039368895953","potions_obtained":[{"floor":4.0,"key":"EssenceOfSteel"},{"floor":5.0,"key":"Poison Potion"},{"floor":7.0,"key":"Fruit Juice"},{"floor":10.0,"key":"Swift Potion"},{"floor":11,"key":"Ancient Potion"},{"floor":14,"key":"EssenceOfSteel"}],"is_trial":false,"path_per_floor":["M","M","?","M","M","R","M","E","T","M","E","R","M","M","R","B",null,"M","M","?","$","M","R","E","R","T","R","E","R","?","M","R","B",null,"M","?","M","$","M","R","M","R","T","R","M","R","M","?","R","B",null],"character_chosen":"IRONCLAD","items_purchased":["PreservedInsect","Sword Boomerang+1","Armaments"],"campfire_rested":5,"item_purchase_floors":[21,21,38],"current_hp_per_floor":[60,58,58,58,45,45,46,34,34,36,17,41,43,47,47,32,68,50,29,29,29,20,44,27,51,51,51,42,66,66,54,54,36,69,70,70,78,78,61,61,62,62,62,62,34,58,55,55,55,37],"gold":161,"neow_bonus":"REMOVE_TWO","is_prod":false,"is_daily":false,"chose_seed":false,"campfire_upgraded":8,"win_rate":0,"timestamp":1562359059,"path_taken":["M","M","?","M","M","R","M","E","T","M","E","R","M","M","R","BOSS","M","M","?","$","M","R","E","R","T","R","E","R","?","M","R","BOSS","M","?","M","$","?","R","M","R","T","R","M","R","M","?","R","BOSS"],"build_version":"2019-07-01","purchased_purges":1,"victory":true,"max_hp_per_floor":[75,75,75,75,75,75,80,80,80,80,80,80,80,80,80,80,80,80,80,80,80,80,80,80,80,80,80,80,80,80,80,80,80,80,80,80,80,80,80,80,80,80,80,80,80,80,80,80,80,80],"card_choices":[{"not_picked":["Heavy Blade","Clothesline"],"picked":"Disarm","floor":1.0},{"not_picked":["Headbutt","Pommel Strike"],"picked":"Cleave","floor":2.0},{"not_picked":["Combust","Flex"],"picked":"True Grit","floor":4.0},{"not_picked":["Power Through","Dual Wield","Iron Wave"],"picked":"SKIP","floor":5.0},{"not_picked":["Cleave","Shockwave"],"picked":"Clothesline","floor":7.0},{"not_picked":["Pommel Strike","Sword Boomerang"],"picked":"Demon Form","floor":8.0},{"not_picked":["Warcry","Iron Wave"],"picked":"Twin Strike","floor":10.0},{"not_picked":["Dark Embrace","Fire Breathing"],"picked":"True Grit","floor":11},{"not_picked":["Seeing Red","Clothesline","Thunderclap"],"picked":"SKIP","floor":13},{"not_picked":["Second Wind","Thunderclap","Bloodletting"],"picked":"SKIP","floor":14},{"not_picked":["Dark Embrace","Juggernaut"],"picked":"Offering","floor":16},{"not_picked":["Sever Soul","Clash","Warcry"],"picked":"SKIP","floor":18},{"not_picked":["Warcry","True Grit"],"picked":"Spot Weakness","floor":19},{"not_picked":["Havoc","Cleave+1","Iron Wave+1"],"picked":"SKIP","floor":22},{"not_picked":["Brutality","Pommel Strike+1"],"picked":"Heavy Blade+1","floor":24},{"not_picked":["Carnage+1","Body Slam+1","Headbutt+1"],"picked":"SKIP","floor":28},{"not_picked":["Heavy Blade+1","Pommel Strike+1"],"picked":"Sword Boomerang+1","floor":31},{"not_picked":["Double Tap","Feed+1"],"picked":"Reaper+1","floor":33},{"not_picked":["Searing Blow+1","Anger+1"],"picked":"Heavy Blade+1","floor":35},{"not_picked":["Evolve","Clothesline+1","Clash+1"],"picked":"SKIP","floor":37},{"not_picked":["Armaments","Twin Strike+1"],"picked":"Bludgeon+1","floor":39},{"not_picked":["Anger+1","Clash+1","Clothesline+1"],"picked":"SKIP","floor":41},{"not_picked":["Sword Boomerang+1","Body Slam+1"],"picked":"True Grit","floor":45},{"not_picked":["Fire Breathing","Intimidate","Sentinel"],"picked":"SKIP","floor":47}],"player_experience":141649,"relics_obtained":[{"floor":8.0,"key":"Potion Belt"},{"floor":9.0,"key":"Lantern"},{"floor":11,"key":"Vajra"},{"floor":24,"key":"Oddly Smooth Stone"},{"floor":26,"key":"Meat on the Bone"},{"floor":28,"key":"Magic Flower"},{"floor":36,"key":"Bronze Scales"},{"floor":43,"key":"Pen Nib"}],"event_choices":[{"damage_healed":0.0,"max_hp_gain":0.0,"max_hp_loss":0.0,"gold_gain":0.0,"event_name":"Living Wall","player_choice":"Grow","floor":3.0,"gold_loss":0.0,"damage_taken":0.0,"cards_upgraded":["Cleave"]},{"damage_healed":0,"gold_gain":0,"player_choice":"Obtained Relic","damage_taken":0,"relics_obtained":["Molten Egg 2"],"max_hp_gain":0,"max_hp_loss":0,"event_name":"Addict","floor":20,"gold_loss":85},{"damage_healed":0,"gold_gain":0,"player_choice":"Ignored","damage_taken":0,"max_hp_gain":0,"max_hp_loss":0,"event_name":"Ghosts","floor":30,"gold_loss":0},{"damage_healed":0,"gold_gain":0,"player_choice":"Relic","damage_taken":0,"max_hp_gain":0,"max_hp_loss":0,"event_name":"Wheel of Change","floor":36,"gold_loss":0},{"cards_removed":["Clothesline"],"damage_healed":0,"gold_gain":0,"player_choice":"Removed Attack","damage_taken":0,"max_hp_gain":0,"max_hp_loss":0,"event_name":"Falling","floor":48,"gold_loss":0}],"is_beta":false,"boss_relics":[{"not_picked":["Tiny House","Calling Bell"],"picked":"Sozu"},{"not_picked":["Velvet Choker","Astrolabe"],"picked":"Cursed Key"}],"items_purged_floors":[38],"is_endless":false,"potions_floor_spawned":[4,5,7,10,11,14,19,22,31,37,41,45],"ascension_level":14}