{"gold_per_floor":[118,137,155,169,169,169,182,182,182,182,195,120,130,156,156,229,229,241,254,254,254],"floor_reached":21,"playtime":866,"items_purged":[],"score":329,"play_id":"def10caa-8a65-4260-abb7-4f7499c21d7b","local_time":"20190703174143","is_ascension_mode":true,"campfire_choices":[{"data":"Dualcast","floor":6,"key":"SMITH"},{"floor":8,"key":"REST"},{"floor":15,"key":"REST"}],"neow_cost":"NONE","seed_source_timestamp":368182738684447,"circlet_count":0,"master_deck":["AscendersBane","Strike_B","Strike_B","Defend_B","Defend_B","Defend_B","Zap+1","Dualcast+1","Static Discharge","FTL","Sweeping Beam","Steam","Rebound","Chill","Rip and Tear","Go for the Eyes","Compile Driver+1","Chill"],"relics":["Cracked Core","Darkstone Periapt","Boot","Coffee Dripper"],"potions_floor_usage":[14,14,16],"damage_taken":[{"damage":4,"enemies":"Jaw Worm","floor":1,"turns":3},{"damage":7,"enemies":"Small Slimes","floor":2,"turns":3},{"damage":0,"enemies":"2 Louse","floor":3,"turns":3},{"damage":24,"enemies":"Exordium Thugs","floor":4,"turns":4},{"damage":1,"enemies":"Looter","floor":7,"turns":3},{"damage":10,"enemies":"Large Slime","floor":11,"turns":4},{"damage":0,"enemies":"Exordium Thugs","floor":13,"turns":4},{"damage":19,"enemies":"Lagavulin","floor":14,"turns":4},{"damage":27,"enemies":"The Guardian","floor":16,"turns":9},{"damage":12,"enemies":"Shell Parasite","floor":18,"turns":5},{"damage":5,"enemies":"Chosen","floor":19,"turns":4},{"damage":49,"enemies":"Snecko","floor":21,"turns":6}],"seed_played":"3690637823249877718","potions_obtained":[{"floor":1,"key":"SpeedPotion"},{"floor":2,"key":"FearPotion"},{"floor":11,"key":"Block Potion"},{"floor":13,"key":"Ancient Potion"},{"floor":14,"key":"FocusPotion"},{"floor":19,"key":"FocusPotion"},{"floor":20,"key":"PowerPotion"}],"is_trial":false,"path_per_floor":["M","M","M","M","?","R","M","R","T","?","M","?","M","E","R","B",null,"M","M","?","M"],"character_chosen":"DEFECT","items_purchased":[],"campfire_rested":2,"item_purchase_floors":[],"current_hp_per_floor":[60,53,53,29,22,22,21,42,42,42,32,32,32,13,34,7,55,43,38,38,0],"gold":254,"neow_bonus":"UPGRADE_CARD","is_prod":false,"is_daily":false,"chose_seed":false,"campfire_upgraded":1,"win_rate":0,"timestamp":1562146903,"path_taken":["M","M","M","M","?","R","M","R","T","?","M","?","M","E","R","BOSS","M","M","?","?"],"build_version":"2019-07-01","purchased_purges":0,"victory":false,"max_hp_per_floor":[71,71,71,71,71,71,71,71,71,71,71,71,71,71,71,71,71,71,71,71,71],"card_choices":[{"not_picked":["Consume","Gash"],"picked":"Static Discharge","floor":1},{"not_picked":["Turbo","Leap"],"picked":"FTL","floor":2},{"not_picked":["Turbo","BootSequence"],"picked":"Sweeping Beam","floor":3},{"not_picked":["Rebound","Chaos"],"picked":"Steam","floor":4},{"not_picked":["Auto Shields","Fission"],"picked":"Rebound","floor":7},{"not_picked":["Beam Cell","Melter"],"picked":"Chill","floor":11},{"not_picked":["Rebound","Steam"],"picked":"Rip and Tear","floor":13},{"not_picked":["Chill","Compile Driver"],"picked":"Go for the Eyes","floor":14},{"not_picked":["Stack","Recycle"],"picked":"Compile Driver+1","floor":18},{"not_picked":["Sweeping Beam","Reinforced Body"],"picked":"Chill","floor":19}],"player_experience":1156761,"relics_obtained":[{"floor":9,"key":"Darkstone Periapt"},{"floor":14,"key":"Boot"}],"event_choices":[{"cards_removed":["Strike_B"],"damage_healed":0,"gold_gain":0,"player_choice":"Card Removal","damage_taken":7,"max_hp_gain":0,"max_hp_loss":0,"event_name":"Golden Wing","floor":5,"gold_loss":0},{"cards_removed":["Strike_B"],"damage_healed":0,"gold_gain":0,"player_choice":"Forget","damage_taken":0,"max_hp_gain":0,"max_hp_loss":0,"event_name":"Living Wall","floor":10,"gold_loss":0},{"cards_removed":["Defend_B"],"damage_healed":0,"gold_gain":0,"player_choice":"Card Removal","damage_taken":0,"max_hp_gain":0,"max_hp_loss":0,"event_name":"The Cleric","floor":12,"gold_loss":75},{"damage_healed":0,"gold_gain":0,"player_choice":"Got Potions","damage_taken":0,"max_hp_gain":0,"max_hp_loss":0,"event_name":"Lab","floor":20,"gold_loss":0}],"is_beta":false,"boss_relics":[{"not_picked":["Snecko Eye","FrozenCore"],"picked":"Coffee Dripper"}],"items_purged_floors":[],"is_endless":false,"potions_floor_spawned":[1,2,11,13,14,19],"killed_by":"Snecko","ascension_level":16}