{"gold_per_floor":[116,116,116,116,68,95,95,120,200,235,246,262,49,69,69,167,167,184,150,160,177,27,27,52,52,75,75,174,205,223,223,223,325,325,342,44,57,7,7,26,26,50,85,97,109,72,172,186,186,186],"floor_reached":51,"playtime":3238,"items_purged":["Strike_R","Strike_R","Strike_R"],"score":803,"play_id":"676b626d-af71-4cd6-9c62-1cbd318906ca","local_time":"20190704224742","is_ascension_mode":false,"campfire_choices":[{"data":"Body Slam","floor":7,"key":"SMITH"},{"data":"Metallicize","floor":15,"key":"SMITH"},{"data":"Barricade","floor":23,"key":"SMITH"},{"data":"Metallicize","floor":25,"key":"SMITH"},{"data":"Body Slam","floor":32,"key":"SMITH"},{"data":"Apotheosis","floor":41,"key":"SMITH"},{"data":"Metallicize","floor":45,"key":"SMITH"},{"floor":49,"key":"REST"}],"neow_cost":"NONE","seed_source_timestamp":1056591555322100,"circlet_count":0,"master_deck":["Strike_R+1","Strike_R","Defend_R","Defend_R","Defend_R+1","Defend_R","Bash","Metallicize+1","Body Slam+1","Body Slam+1","Metallicize+1","Shrug It Off","Metallicize+1","Shrug It Off","Barricade+1","Shrug It Off","Armaments","Metallicize+1","Apotheosis+1"],"special_seed":0,"relics":["Burning Blood","NeowsBlessing","Pear","Lantern","Ice Cream","Tiny Chest","Mercury Hourglass","Orrery","Girya","Centennial Puzzle","Strawberry","Lizard Tail","MawBank","Pen Nib","Du-Vu Doll"],"potions_floor_usage":[10,16,20,21,24,24,27,27,37,40,47,48,50],"damage_taken":[{"damage":0.0,"enemies":"Jaw Worm","floor":1.0,"turns":1.0},{"damage":0,"enemies":"Gremlin Nob","floor":6,"turns":1},{"damage":0,"enemies":"Lagavulin","floor":8,"turns":1},{"damage":5,"enemies":"3 Sentries","floor":10,"turns":10},{"damage":0,"enemies":"2 Louse","floor":11,"turns":2},{"damage":0,"enemies":"Small Slimes","floor":12,"turns":2},{"damage":0,"enemies":"Blue Slaver","floor":14,"turns":3},{"damage":35,"enemies":"Hexaghost","floor":16,"turns":12},{"damage":10,"enemies":"Chosen","floor":18,"turns":6},{"damage":21,"enemies":"2 Thieves","floor":19,"turns":5},{"damage":0,"enemies":"Shelled Parasite and Fungi","floor":20,"turns":8},{"damage":3,"enemies":"Snake Plant","floor":21,"turns":7},{"damage":0,"enemies":"Slavers","floor":24,"turns":9},{"damage":7,"enemies":"Cultist and Chosen","floor":27,"turns":5},{"damage":8,"enemies":"Gremlin Leader","floor":29,"turns":7},{"damage":4,"enemies":"Centurion and Healer","floor":30,"turns":6},{"damage":3,"enemies":"Champ","floor":33,"turns":9},{"damage":1,"enemies":"3 Shapes","floor":35,"turns":6},{"damage":7,"enemies":"Orb Walker","floor":37,"turns":7},{"damage":36,"enemies":"Sphere and 2 Shapes","floor":40,"turns":8},{"damage":4,"enemies":"Mind Bloom Boss Battle","floor":47,"turns":9},{"damage":21,"enemies":"4 Shapes","floor":48,"turns":7},{"damage":26,"enemies":"Time Eater","floor":50,"turns":17}],"seed_played":"-4720303138663826377","potions_obtained":[{"floor":6,"key":"Dexterity Potion"},{"floor":8,"key":"Block Potion"},{"floor":10,"key":"Energy Potion"},{"floor":19,"key":"SpeedPotion"},{"floor":21,"key":"SmokeBomb"},{"floor":24,"key":"Weak Potion"},{"floor":31,"key":"EssenceOfSteel"},{"floor":31,"key":"Regen Potion"},{"floor":31,"key":"GamblersBrew"},{"floor":47,"key":"FearPotion"}],"is_trial":false,"path_per_floor":["M","?","?","?","$","E","R","E","T","E","M","M","$","M","R","B",null,"M","M","M","M","$","R","E","R","T","M","?","E","M","?","R","B",null,"M","$","M","$","?","M","R","T","T","?","R","$","?","M","R","B",null],"character_chosen":"IRONCLAD","items_purchased":["Body Slam","Metallicize","Shrug It Off","Dexterity Potion","SkillPotion","Apotheosis","Energy Potion","SpeedPotion"],"campfire_rested":1,"item_purchase_floors":[5,13,13,13,22,36,38,46],"current_hp_per_floor":[80,78,78,60,60,66,66,72,72,73,79,85,85,90,90,61,90,86,71,77,80,80,80,86,86,86,85,85,90,92,92,92,95,97,97,97,96,96,92,76,76,76,76,76,76,76,78,63,90,70],"gold":186,"neow_bonus":"THREE_ENEMY_KILL","is_prod":false,"is_daily":false,"chose_seed":false,"campfire_upgraded":7,"win_rate":0.0,"timestamp":1562305662,"path_taken":["M","?","?","?","$","E","R","E","T","E","M","M","?","M","R","BOSS","M","M","M","M","$","R","E","R","T","M","?","E","M","?","R","BOSS","M","$","?","$","?","M","R","?","T","?","R","?","?","M","R","BOSS"],"build_version":"2019-07-01","purchased_purges":3,"victory":true,"max_hp_per_floor":[80,90,90,90,90,90,90,90,90,90,90,90,90,90,90,90,90,90,90,90,90,90,90,90,90,90,90,90,97,97,97,97,97,97,97,97,97,97,92,92,92,92,92,92,92,92,92,92,92,92],"card_choices":[{"not_picked":["Headbutt","Hemokinesis"],"picked":"Metallicize","floor":1.0},{"not_picked":["Rupture","Thunderclap","Sever Soul"],"picked":"SKIP","floor":6},{"not_picked":["Evolve","True Grit"],"picked":"Body Slam","floor":8},{"not_picked":["Fire Breathing","Perfected Strike","Clash"],"picked":"SKIP","floor":10},{"not_picked":["Flame Barrier","Body Slam"],"picked":"Metallicize","floor":11},{"not_picked":["Offering","Body Slam"],"picked":"Shrug It Off","floor":12},{"not_picked":["Burning Pact","Headbutt","Anger"],"picked":"SKIP","floor":14},{"not_picked":["Reaper","Double Tap"],"picked":"Barricade","floor":16},{"not_picked":["Heavy Blade","Anger"],"picked":"Shrug It Off","floor":17},{"not_picked":["Flame Barrier","Feed"],"picked":"Armaments","floor":18},{"not_picked":["Power Through","Wild Strike","Heavy Blade"],"picked":"SKIP","floor":19},{"not_picked":["Second Wind","Infernal Blade+1","Searing Blow"],"picked":"SKIP","floor":20},{"not_picked":["Evolve+1","Ghostly Armor","Twin Strike+1"],"picked":"SKIP","floor":21},{"not_picked":["Bloodletting","True Grit"],"picked":"Metallicize","floor":24},{"not_picked":["Intimidate","Headbutt","Warcry"],"picked":"SKIP","floor":29},{"not_picked":["Second Wind","Perfected Strike","Spot Weakness"],"picked":"SKIP","floor":30},{"not_picked":["Clash","Twin Strike","Anger"],"picked":"SKIP","floor":35},{"not_picked":["Perfected Strike+1","Thunderclap+1","Twin Strike"],"picked":"SKIP","floor":37},{"not_picked":["Anger+1","Fiend Fire","Clothesline"],"picked":"SKIP","floor":40},{"not_picked":["Armaments","Cleave+1","Disarm+1"],"picked":"SKIP","floor":48}],"player_experience":85993,"relics_obtained":[{"floor":6,"key":"Lantern"},{"floor":8,"key":"Ice Cream"},{"floor":9,"key":"Tiny Chest"},{"floor":10,"key":"Mercury Hourglass"},{"floor":24,"key":"Girya"},{"floor":26,"key":"Centennial Puzzle"},{"floor":29,"key":"Strawberry"},{"floor":42,"key":"MawBank"},{"floor":43,"key":"Pen Nib"},{"floor":47,"key":"Du-Vu Doll"}],"event_choices":[{"damage_healed":0.0,"max_hp_gain":0.0,"max_hp_loss":0.0,"gold_gain":0.0,"event_name":"Scrap Ooze","player_choice":"Success","floor":2.0,"gold_loss":0.0,"damage_taken":12.0,"relics_obtained":["Pear"]},{"damage_healed":0,"gold_gain":0,"player_choice":"Grow","damage_taken":0,"max_hp_gain":0,"max_hp_loss":0,"event_name":"Living Wall","floor":3,"gold_loss":0,"cards_upgraded":["Metallicize"]},{"damage_healed":0,"gold_gain":0,"player_choice":"Entered Light","damage_taken":18,"max_hp_gain":0,"max_hp_loss":0,"event_name":"Shining Light","floor":4,"gold_loss":0,"cards_upgraded":["Strike_R","Defend_R"]},{"damage_healed":0,"gold_gain":99,"player_choice":"Stole From Cult","damage_taken":0,"max_hp_gain":0,"max_hp_loss":0,"event_name":"Nest","floor":28,"gold_loss":0},{"damage_healed":0,"gold_gain":0,"player_choice":"Got Potions","damage_taken":0,"max_hp_gain":0,"max_hp_loss":0,"event_name":"Lab","floor":31,"gold_loss":0},{"damage_healed":0,"gold_gain":0,"player_choice":"Max HP","damage_taken":0,"max_hp_gain":0,"max_hp_loss":5,"event_name":"Winding Halls","floor":39,"gold_loss":0},{"damage_healed":0,"gold_gain":0,"player_choice":"Ignored","damage_taken":0,"max_hp_gain":0,"max_hp_loss":0,"event_name":"Mysterious Sphere","floor":44,"gold_loss":0},{"damage_healed":0,"gold_gain":0,"player_choice":"Fight","damage_taken":0,"max_hp_gain":0,"max_hp_loss":0,"event_name":"MindBloom","floor":47,"gold_loss":0}],"is_beta":false,"boss_relics":[{"not_picked":["White Beast Statue","Snecko Eye"],"picked":"Orrery"},{"not_picked":["Black Blood","Runic Pyramid"],"picked":"Lizard Tail"}],"items_purged_floors":[13,22,36],"is_endless":false,"potions_floor_spawned":[6,8,10,19,21,24,27,33,47],"ascension_level":0}