{"gold_per_floor":[119,119,119,129,20,47,47,65,138,155,172,207,207,217,217,312,312,297,315,333,352,363,363,363],"floor_reached":24,"playtime":1896,"items_purged":["Defend_B"],"score":356,"play_id":"114e2a59-3472-47f9-86c4-6ba99837d442","local_time":"20190626171310","is_ascension_mode":true,"campfire_choices":[{"data":"Zap","floor":7.0,"key":"SMITH"},{"data":"Chaos","floor":13.0,"key":"SMITH"},{"data":"Coolheaded","floor":15.0,"key":"SMITH"},{"data":"Defragment","floor":23,"key":"SMITH"}],"neow_cost":"NONE","seed_source_timestamp":1020482595051047,"circlet_count":0,"master_deck":["AscendersBane","Strike_B","Strike_B","Strike_B","Defend_B+1","Defend_B","Defend_B","Zap+1","Dualcast+1","Coolheaded+1","White Noise","Self Repair","Chaos+1","Cold Snap","Blizzard","Storm","Machine Learning","Core Surge","Melter","Defragment+1","Self Repair"],"special_seed":0,"relics":["Cracked Core","NeowsBlessing","Strawberry","War Paint","Blue Candle","Singing Bowl","Coffee Dripper"],"potions_floor_usage":[24],"damage_taken":[{"damage":0.0,"enemies":"Small Slimes","floor":1.0,"turns":1.0},{"damage":0.0,"enemies":"2 Louse","floor":4.0,"turns":1.0},{"damage":0.0,"enemies":"Lagavulin","floor":6.0,"turns":1.0},{"damage":9.0,"enemies":"Cultist","floor":8.0,"turns":3.0},{"damage":16.0,"enemies":"Lots of Slimes","floor":10.0,"turns":6.0},{"damage":1.0,"enemies":"2 Fungi Beasts","floor":11.0,"turns":3.0},{"damage":12.0,"enemies":"Gremlin Nob","floor":12.0,"turns":4.0},{"damage":12.0,"enemies":"Exordium Wildlife","floor":14.0,"turns":3.0},{"damage":1.0,"enemies":"Hexaghost","floor":16.0,"turns":10.0},{"damage":35.0,"enemies":"2 Thieves","floor":18.0,"turns":4.0},{"damage":13.0,"enemies":"3 Byrds","floor":19.0,"turns":4.0},{"damage":0.0,"enemies":"Snecko","floor":20.0,"turns":3.0},{"damage":17,"enemies":"Shelled Parasite and Fungi","floor":21,"turns":6},{"damage":8,"enemies":"Centurion and Healer","floor":22,"turns":9},{"damage":51,"enemies":"Slavers","floor":24,"turns":2}],"seed_played":"-5257076286613521781","potions_obtained":[{"floor":1.0,"key":"FairyPotion"},{"floor":10.0,"key":"FearPotion"},{"floor":12.0,"key":"SpeedPotion"},{"floor":14.0,"key":"EssenceOfSteel"},{"floor":19.0,"key":"Fire Potion"},{"floor":22,"key":"EssenceOfSteel"}],"is_trial":false,"path_per_floor":["M","?","?","M","$","E","R","M","T","M","M","E","R","M","R","B",null,"M","M","M","M","M","R","E"],"character_chosen":"DEFECT","items_purchased":["Self Repair"],"campfire_rested":0,"item_purchase_floors":[5],"current_hp_per_floor":[68,63,63,63,63,70,70,68,68,59,65,60,60,57,57,63,79,44,38,47,39,38,38,0],"gold":363,"neow_bonus":"THREE_ENEMY_KILL","is_prod":false,"is_daily":false,"chose_seed":false,"campfire_upgraded":4,"win_rate":0,"timestamp":1561540390,"path_taken":["M","?","?","M","$","E","R","?","T","M","M","E","R","M","R","BOSS","M","?","M","M","M","R","E"],"build_version":"2019-01-23","purchased_purges":1,"victory":false,"max_hp_per_floor":[75,82,82,82,82,82,82,82,82,82,82,82,82,84,84,84,84,84,84,86,88,88,88,88],"card_choices":[{"not_picked":["Barrage","Go for the Eyes"],"picked":"Coolheaded","floor":1.0},{"not_picked":["Stack","Chill"],"picked":"White Noise","floor":4.0},{"not_picked":["FTL","Darkness"],"picked":"Chaos","floor":6.0},{"not_picked":["Consume","Stack"],"picked":"Cold Snap","floor":8.0},{"not_picked":["Streamline","Ball Lightning"],"picked":"Blizzard","floor":10.0},{"not_picked":["Genetic Algorithm","Barrage"],"picked":"Storm","floor":11.0},{"not_picked":["Gash","Genetic Algorithm"],"picked":"Machine Learning","floor":12.0},{"not_picked":["Compile Driver","Sweeping Beam","Auto Shields"],"picked":"Singing Bowl","floor":14.0},{"not_picked":["Hyperbeam","Creative AI"],"picked":"Core Surge","floor":16.0},{"not_picked":["Ball Lightning","Tempest"],"picked":"Melter","floor":18.0},{"not_picked":["Coolheaded+1","Beam Cell+1"],"picked":"Defragment","floor":19.0},{"not_picked":["Turbo","Darkness","Barrage"],"picked":"Singing Bowl","floor":20.0},{"not_picked":["Heatsinks","Streamline","Turbo"],"picked":"Singing Bowl","floor":21},{"not_picked":["Reprogram","Streamline"],"picked":"Self Repair","floor":22}],"player_experience":1060420,"relics_obtained":[{"floor":6.0,"key":"War Paint"},{"floor":9.0,"key":"Blue Candle"},{"floor":12.0,"key":"Singing Bowl"}],"event_choices":[{"damage_healed":0.0,"max_hp_gain":0.0,"max_hp_loss":0.0,"gold_gain":0.0,"event_name":"Scrap Ooze","player_choice":"Success","floor":2.0,"gold_loss":0.0,"damage_taken":12.0,"relics_obtained":["Strawberry"]},{"cards_removed":["Strike_B"],"damage_healed":0.0,"max_hp_gain":0.0,"max_hp_loss":0.0,"gold_gain":0.0,"event_name":"Purifier","player_choice":"Purged","floor":3.0,"gold_loss":0.0,"damage_taken":0.0}],"is_beta":false,"boss_relics":[{"not_picked":["Ectoplasm","FrozenCore"],"picked":"Coffee Dripper"}],"items_purged_floors":[5],"is_endless":false,"potions_floor_spawned":[1,10,12,14,19,22],"killed_by":"Slavers","ascension_level":10}