{"gold_per_floor":[117,132,144,155,168,168,93,93,120,70,70,70,88,88,88,188,188,206,9,9,9,29,29,60,60,60,77,77,77,95,95,95,199,199,218,218,218,60,60,93,93,93,139,139,0,0,20,20],"floor_reached":48,"playtime":5544,"items_purged":["Strike_B","Defend_B"],"score":696,"play_id":"0deee37b-bb7e-4260-bca5-adf3d1ab1845","local_time":"20190702015549","is_ascension_mode":true,"campfire_choices":[{"data":"Zap","floor":6.0,"key":"SMITH"},{"data":"Dualcast","floor":8.0,"key":"SMITH"},{"data":"Coolheaded","floor":11.0,"key":"SMITH"},{"data":"Sunder","floor":15.0,"key":"SMITH"},{"floor":23.0,"key":"REST"},{"data":"Echo Form","floor":25.0,"key":"SMITH"},{"data":"Streamline","floor":28.0,"key":"SMITH"},{"data":"Coolheaded","floor":32.0,"key":"SMITH"},{"data":"Darkness","floor":41,"key":"SMITH"},{"data":"Madness","floor":44,"key":"SMITH"},{"data":"Madness","floor":46,"key":"SMITH"}],"neow_cost":"NONE","seed_source_timestamp":41717074561491,"circlet_count":0,"master_deck":["AscendersBane","Zap+1","Dualcast+1","Steam","Sunder+1","Streamline+1","Coolheaded+1","Conserve Battery","Undo","Chill","Echo Form+1","Hologram+1","Aggregate","Darkness+1","Turbo+1","BootSequence","Coolheaded+1","Machine Learning","Madness+1","Madness+1"],"special_seed":0,"relics":["Cracked Core","Pen Nib","Eternal Feather","Membership Card","Juzu Bracelet","Bottled Lightning","Inserter","DataDisk","Smiling Mask","Vajra","Red Mask"],"potions_floor_usage":[],"damage_taken":[{"damage":0.0,"enemies":"Cultist","floor":1.0,"turns":5.0},{"damage":0.0,"enemies":"Small Slimes","floor":2.0,"turns":2.0},{"damage":7.0,"enemies":"Jaw Worm","floor":3.0,"turns":3.0},{"damage":0.0,"enemies":"Looter","floor":4.0,"turns":4.0},{"damage":1.0,"enemies":"Exordium Thugs","floor":5.0,"turns":4.0},{"damage":0.0,"enemies":"2 Fungi Beasts","floor":13.0,"turns":3.0},{"damage":10.0,"enemies":"Slime Boss","floor":16.0,"turns":13.0},{"damage":12.0,"enemies":"Chosen","floor":18.0,"turns":3.0},{"damage":19.0,"enemies":"Shell Parasite","floor":22.0,"turns":4.0},{"damage":6.0,"enemies":"Gremlin Leader","floor":24.0,"turns":5.0},{"damage":7.0,"enemies":"Centurion and Healer","floor":27.0,"turns":6.0},{"damage":0.0,"enemies":"3 Cultists","floor":30.0,"turns":5.0},{"damage":10.0,"enemies":"Colosseum Slavers","floor":31.0,"turns":4.0},{"damage":27.0,"enemies":"Collector","floor":33.0,"turns":10.0},{"damage":0.0,"enemies":"3 Shapes","floor":35.0,"turns":7.0},{"damage":15,"enemies":"Nemesis","floor":40,"turns":7},{"damage":5,"enemies":"Orb Walker","floor":47,"turns":4},{"damage":75,"enemies":"Reptomancer","floor":48,"turns":3}],"seed_played":"-1676371915921744363","potions_obtained":[{"floor":1.0,"key":"EssenceOfSteel"},{"floor":2.0,"key":"Swift Potion"},{"floor":22.0,"key":"Energy Potion"},{"floor":27.0,"key":"Energy Potion"},{"floor":33.0,"key":"Fruit Juice"},{"floor":47,"key":"SpeedPotion"}],"is_trial":false,"path_per_floor":["M","M","M","M","M","R","$","R","T","?","R","?","M","?","R","B",null,"M","$","?","?","M","R","E","R","T","M","R","?","M","?","R","B",null,"M","?","?","$","?","E","R","?","T","R","?","R","M","E"],"character_chosen":"DEFECT","items_purchased":["Membership Card","FocusPotion","DataDisk"],"campfire_rested":1,"item_purchase_floors":[19,38,38],"current_hp_per_floor":[68,68,61,61,60,60,60,60,60,60,60,60,60,60,60,50,69,57,57,57,57,38,69,63,72,72,65,74,74,74,64,73,46,68,73,73,73,73,73,58,67,57,57,69,69,80,75,0],"gold":20,"neow_bonus":"TRANSFORM_CARD","is_prod":false,"is_daily":false,"chose_seed":false,"campfire_upgraded":10,"win_rate":0,"timestamp":1562046949,"path_taken":["M","M","M","?","M","R","$","R","T","?","R","?","M","?","R","BOSS","M","$","?","?","M","R","E","R","T","M","R","?","M","?","R","BOSS","M","?","?","$","?","E","R","?","T","R","?","R","M","E"],"build_version":"2019-07-01","purchased_purges":2,"victory":false,"max_hp_per_floor":[75,75,75,75,75,75,75,75,75,75,75,75,75,75,75,75,75,75,75,75,75,75,75,75,75,75,75,75,75,75,75,75,75,75,80,80,80,80,80,80,80,80,80,80,80,80,80,80],"card_choices":[{"not_picked":["Steam","Beam Cell"],"picked":"Sunder","floor":1.0},{"not_picked":["Go for the Eyes","Sweeping Beam"],"picked":"Streamline","floor":2.0},{"not_picked":["Barrage","Compile Driver"],"picked":"Coolheaded","floor":3.0},{"not_picked":["Cold Snap","Steam"],"picked":"Conserve Battery","floor":4.0},{"not_picked":["Leap","Turbo"],"picked":"Undo","floor":5.0},{"not_picked":["Blizzard","Self Repair"],"picked":"Chill","floor":13.0},{"not_picked":["Machine Learning","Thunder Strike"],"picked":"Echo Form","floor":16.0},{"not_picked":["Skim","Consume"],"picked":"Hologram+1","floor":18.0},{"not_picked":["Leap+1","Sweeping Beam+1"],"picked":"Darkness","floor":22.0},{"not_picked":["Fusion","Fission"],"picked":"Turbo+1","floor":24.0},{"not_picked":["Streamline","Tempest"],"picked":"BootSequence","floor":27.0},{"not_picked":["Auto Shields","Steam","Sunder"],"picked":"SKIP","floor":30.0},{"not_picked":["Electrodynamics","Meteor Strike"],"picked":"Machine Learning","floor":33.0},{"not_picked":["Hologram","Scrape+1","Streamline+1"],"picked":"SKIP","floor":35.0},{"not_picked":["Steam+1","Ball Lightning+1","Coolheaded"],"picked":"SKIP","floor":40},{"not_picked":["Turbo","Hologram","Steam+1"],"picked":"SKIP","floor":47}],"player_experience":501677,"relics_obtained":[{"floor":9.0,"key":"Pen Nib"},{"floor":24.0,"key":"Juzu Bracelet"},{"floor":26.0,"key":"Bottled Lightning"},{"floor":40,"key":"Smiling Mask"},{"floor":43,"key":"Vajra"}],"event_choices":[{"cards_removed":["Strike_B"],"damage_healed":0.0,"max_hp_gain":0.0,"max_hp_loss":0.0,"gold_gain":0.0,"event_name":"The Cleric","player_choice":"Card Removal","floor":10.0,"gold_loss":50.0,"damage_taken":0.0},{"cards_removed":["Strike_B"],"damage_healed":0.0,"max_hp_gain":0.0,"max_hp_loss":0.0,"gold_gain":0.0,"event_name":"Living Wall","player_choice":"Forget","floor":12.0,"gold_loss":0.0,"damage_taken":0.0},{"damage_healed":0.0,"max_hp_gain":0.0,"max_hp_loss":0.0,"gold_gain":0.0,"event_name":"Liars Game","player_choice":"Ignored","floor":14.0,"gold_loss":0.0,"damage_taken":0.0},{"damage_healed":0.0,"max_hp_gain":0.0,"max_hp_loss":0.0,"gold_gain":0.0,"cards_transformed":["Defend_B","Defend_B"],"event_name":"Drug Dealer","player_choice":"Became Test Subject","floor":20.0,"gold_loss":0.0,"damage_taken":0.0,"cards_obtained":["Aggregate","Go for the Eyes"]},{"cards_removed":["Defend_B"],"damage_healed":0.0,"max_hp_gain":0.0,"max_hp_loss":0.0,"gold_gain":0.0,"event_name":"Back to Basics","player_choice":"Elegance","floor":21.0,"gold_loss":0.0,"damage_taken":0.0},{"damage_healed":0.0,"max_hp_gain":0.0,"max_hp_loss":0.0,"gold_gain":0.0,"event_name":"The Library","player_choice":"Read","floor":29.0,"gold_loss":0.0,"damage_taken":0.0,"cards_obtained":["Coolheaded"]},{"damage_healed":0.0,"max_hp_gain":0.0,"max_hp_loss":0.0,"gold_gain":0.0,"event_name":"Colosseum","player_choice":"Fight","floor":31.0,"gold_loss":0.0,"damage_taken":0.0},{"damage_healed":0.0,"max_hp_gain":0.0,"max_hp_loss":0.0,"gold_gain":0.0,"event_name":"Colosseum","player_choice":"Fled From Nobs","floor":31.0,"gold_loss":0.0,"damage_taken":0.0},{"cards_removed":["Go for the Eyes"],"damage_healed":0.0,"max_hp_gain":0.0,"max_hp_loss":0.0,"gold_gain":0.0,"event_name":"Falling","player_choice":"Removed Attack","floor":36.0,"gold_loss":0.0,"damage_taken":0.0},{"damage_healed":0.0,"max_hp_gain":0.0,"max_hp_loss":0.0,"gold_gain":0.0,"event_name":"Mysterious Sphere","player_choice":"Ignored","floor":37.0,"gold_loss":0.0,"damage_taken":0.0},{"damage_healed":0,"gold_gain":0,"player_choice":"Ignored","damage_taken":0,"max_hp_gain":0,"max_hp_loss":0,"event_name":"Purifier","floor":39,"gold_loss":0},{"damage_healed":0,"gold_gain":0,"player_choice":"Embrace Madness","damage_taken":10,"max_hp_gain":0,"max_hp_loss":0,"event_name":"Winding Halls","floor":42,"gold_loss":0,"cards_obtained":["Madness","Madness"]},{"damage_healed":0,"gold_gain":0,"player_choice":"Paid","damage_taken":0,"relics_obtained":["Red Mask"],"max_hp_gain":0,"max_hp_loss":0,"event_name":"Tomb of Lord Red Mask","floor":45,"gold_loss":139}],"is_beta":false,"boss_relics":[{"not_picked":["White Beast Statue","Pandora\u0027s Box"],"picked":"Eternal Feather"},{"not_picked":["Calling Bell","Coffee Dripper"],"picked":"Inserter"}],"items_purged_floors":[7,38],"is_endless":false,"potions_floor_spawned":[1,2,22,27,33,47],"killed_by":"Reptomancer","ascension_level":10}