{"gold_per_floor":[218,229,22,40,55,55,85,101,101,127,145,145,172,122,122,226,226,237,251,251,268,284,284,299,125,150,165,165,183,183,196,196,294,294,309,409,97,110,124,124,143,171,171,171,217,230,230,230,230,230],"floor_reached":51,"playtime":2961,"items_purged":["Strike_R","Strike_R"],"score":1110,"play_id":"b2dc688e-a43a-45d9-9718-b673dcb92d6d","local_time":"20190621222130","is_ascension_mode":true,"campfire_choices":[{"data":"Clothesline","floor":6.0,"key":"SMITH"},{"data":"Flame Barrier","floor":12.0,"key":"SMITH"},{"data":"Battle Trance","floor":15.0,"key":"SMITH"},{"floor":23.0,"key":"REST"},{"floor":28.0,"key":"REST"},{"floor":32.0,"key":"REST"},{"floor":40.0,"key":"REST"},{"floor":44,"key":"REST"},{"data":"Demon Form","floor":47,"key":"SMITH"},{"data":"Sword Boomerang","floor":49,"key":"SMITH"}],"neow_cost":"NONE","seed_source_timestamp":0,"circlet_count":0,"master_deck":["AscendersBane","Strike_R","Strike_R","Strike_R+1","Defend_R","Defend_R","Defend_R","Defend_R","Bash+1","Anger","Clothesline+1","Shrug It Off","Shrug It Off","Headbutt","Flame Barrier+1","Battle Trance+1","Spot Weakness","Limit Break+1","Metallicize","Disarm","Inflame","Demon Form+1","Shrug It Off","Seeing Red+1","Offering","Cleave+1","Sword Boomerang+1","Disarm","Pommel Strike+1"],"special_seed":0,"relics":["Burning Blood","ClockworkSouvenir","Lantern","Smiling Mask","Whetstone","Paper Frog","Eternal Feather","Bag of Marbles","Sozu","Champion Belt","Shuriken","Mercury Hourglass","Mummified Hand","Anchor"],"potions_floor_usage":[],"damage_taken":[{"damage":1.0,"enemies":"Cultist","floor":1.0,"turns":4.0},{"damage":5.0,"enemies":"2 Louse","floor":2.0,"turns":3.0},{"damage":2.0,"enemies":"Small Slimes","floor":4.0,"turns":3.0},{"damage":15.0,"enemies":"Gremlin Gang","floor":5.0,"turns":6.0},{"damage":34.0,"enemies":"Lagavulin","floor":7.0,"turns":9.0},{"damage":8.0,"enemies":"Exordium Wildlife","floor":8.0,"turns":6.0},{"damage":12.0,"enemies":"Gremlin Nob","floor":10.0,"turns":4.0},{"damage":1.0,"enemies":"Blue Slaver","floor":11.0,"turns":3.0},{"damage":21.0,"enemies":"Lagavulin","floor":13.0,"turns":6.0},{"damage":22.0,"enemies":"The Guardian","floor":16.0,"turns":10.0},{"damage":38.0,"enemies":"Shell Parasite","floor":18.0,"turns":6.0},{"damage":12.0,"enemies":"Chosen","floor":19.0,"turns":5.0},{"damage":2.0,"enemies":"Snake Plant","floor":21.0,"turns":3.0},{"damage":27.0,"enemies":"Sentry and Sphere","floor":22.0,"turns":7.0},{"damage":21.0,"enemies":"Snecko","floor":24.0,"turns":5.0},{"damage":20.0,"enemies":"Snake Plant","floor":27.0,"turns":3.0},{"damage":20.0,"enemies":"Centurion and Healer","floor":29.0,"turns":8.0},{"damage":14.0,"enemies":"Cultist and Chosen","floor":31.0,"turns":6.0},{"damage":33.0,"enemies":"Champ","floor":33.0,"turns":11.0},{"damage":6.0,"enemies":"3 Shapes","floor":35.0,"turns":2.0},{"damage":12.0,"enemies":"Mind Bloom Boss Battle","floor":36.0,"turns":8.0},{"damage":25.0,"enemies":"3 Darklings","floor":38.0,"turns":6.0},{"damage":23.0,"enemies":"Writhing Mass","floor":39.0,"turns":9.0},{"damage":32.0,"enemies":"Jaw Worm Horde","floor":41.0,"turns":4.0},{"damage":31,"enemies":"Nemesis","floor":42,"turns":5},{"damage":14,"enemies":"3 Darklings","floor":46,"turns":5},{"damage":74,"enemies":"Awakened One","floor":50,"turns":8}],"seed_played":"6918213307230094769","potions_obtained":[{"floor":4.0,"key":"Regen Potion"},{"floor":5.0,"key":"Block Potion"},{"floor":16.0,"key":"LiquidBronze"},{"floor":18.0,"key":"Energy Potion"},{"floor":19.0,"key":"PowerPotion"},{"floor":21.0,"key":"Weak Potion"},{"floor":29.0,"key":"EssenceOfSteel"}],"is_trial":false,"path_per_floor":["M","M","$","M","M","R","E","M","T","E","M","R","E","?","R","B",null,"M","M","?","M","M","R","M","$","T","M","R","M","?","M","R","B",null,"M","?","$","M","M","R","M","E","T","R","T","M","R","?","R","B",null],"character_chosen":"IRONCLAD","items_purchased":["ClockworkSouvenir","Inflame","Dexterity Potion","Shuriken"],"campfire_rested":5,"item_purchase_floors":[3,25,25,37],"current_hp_per_floor":[77,78,78,80,71,71,43,41,41,47,52,52,37,37,37,21,65,33,27,27,31,10,46,31,31,31,17,53,39,39,31,70,43,71,71,65,65,46,29,68,42,17,17,56,56,48,63,63,78,10],"gold":230,"neow_bonus":"HUNDRED_GOLD","is_prod":false,"is_daily":false,"chose_seed":false,"campfire_upgraded":5,"win_rate":0,"timestamp":1561173690,"path_taken":["M","M","$","M","M","R","E","M","T","E","?","R","E","?","R","BOSS","M","M","?","?","M","R","M","$","T","M","R","M","?","M","R","BOSS","M","?","$","M","M","R","M","E","T","R","?","M","R","?","R","BOSS"],"build_version":"2019-01-23","purchased_purges":2,"victory":true,"max_hp_per_floor":[80,80,80,80,80,80,80,80,80,80,80,80,80,80,80,80,80,80,80,80,80,80,80,80,80,80,80,80,80,80,80,80,80,80,80,80,80,80,80,80,80,80,80,80,80,80,80,80,80,80],"card_choices":[{"not_picked":["Iron Wave","Clash"],"picked":"Anger","floor":1.0},{"not_picked":["Carnage","Shockwave"],"picked":"Clothesline","floor":2.0},{"not_picked":["Hemokinesis","Body Slam"],"picked":"Shrug It Off","floor":4.0},{"not_picked":["Reaper","Warcry"],"picked":"Shrug It Off","floor":5.0},{"not_picked":["Seeing Red","Power Through"],"picked":"Headbutt","floor":7.0},{"not_picked":["Sword Boomerang","Evolve"],"picked":"Flame Barrier","floor":8.0},{"not_picked":["Perfected Strike","Clothesline"],"picked":"Battle Trance","floor":10.0},{"not_picked":["Entrench","Second Wind","Iron Wave"],"picked":"SKIP","floor":11.0},{"not_picked":["Thunderclap","Sentinel"],"picked":"Spot Weakness","floor":13.0},{"not_picked":["Dark Embrace","Barricade"],"picked":"Limit Break","floor":16.0},{"not_picked":["Rampage","Clothesline","Anger"],"picked":"SKIP","floor":18.0},{"not_picked":["Perfected Strike","Twin Strike"],"picked":"Metallicize","floor":19.0},{"not_picked":["Blood for Blood","Rupture","Iron Wave"],"picked":"SKIP","floor":21.0},{"not_picked":["Entrench+1","Anger"],"picked":"Disarm","floor":22.0},{"not_picked":["Seeing Red","Body Slam","Clash"],"picked":"SKIP","floor":24.0},{"not_picked":["Flex","Dual Wield"],"picked":"Demon Form","floor":27.0},{"not_picked":["Armaments","Body Slam"],"picked":"Shrug It Off","floor":29.0},{"not_picked":["Flex","Corruption"],"picked":"Seeing Red+1","floor":31.0},{"not_picked":["Berserk","Exhume"],"picked":"Offering","floor":33.0},{"not_picked":["Rage","Clothesline","Warcry"],"picked":"SKIP","floor":35.0},{"not_picked":["Pummel","Entrench"],"picked":"Cleave+1","floor":36.0},{"not_picked":["Searing Blow","Dropkick"],"picked":"Sword Boomerang","floor":38.0},{"not_picked":["Combust","Dual Wield","Whirlwind"],"picked":"SKIP","floor":39.0},{"not_picked":["Burning Pact+1","Clothesline"],"picked":"Disarm","floor":41.0},{"not_picked":["Reckless Charge","Blood for Blood","Pommel Strike"],"picked":"SKIP","floor":42},{"not_picked":["Dark Embrace","Wild Strike"],"picked":"Pommel Strike+1","floor":46}],"player_experience":108478,"relics_obtained":[{"floor":7.0,"key":"Lantern"},{"floor":9.0,"key":"Smiling Mask"},{"floor":10.0,"key":"Whetstone"},{"floor":13.0,"key":"Paper Frog"},{"floor":26.0,"key":"Bag of Marbles"},{"floor":36.0,"key":"Champion Belt"},{"floor":42,"key":"Mercury Hourglass"},{"floor":43,"key":"Mummified Hand"},{"floor":45,"key":"Anchor"}],"event_choices":[{"damage_healed":0.0,"max_hp_gain":0.0,"max_hp_loss":0.0,"gold_gain":0.0,"event_name":"World of Goop","player_choice":"Left Gold","floor":14.0,"gold_loss":50.0,"damage_taken":0.0},{"damage_healed":0.0,"max_hp_gain":0.0,"max_hp_loss":0.0,"gold_gain":0.0,"event_name":"Accursed Blacksmith","player_choice":"Forge","floor":20.0,"gold_loss":0.0,"damage_taken":0.0,"cards_upgraded":["Limit Break"]},{"damage_healed":0.0,"max_hp_gain":0.0,"max_hp_loss":0.0,"gold_gain":0.0,"event_name":"Vampires","player_choice":"Ignored","floor":30.0,"gold_loss":0.0,"damage_taken":0.0},{"damage_healed":0.0,"max_hp_gain":0.0,"max_hp_loss":0.0,"gold_gain":0.0,"event_name":"MindBloom","player_choice":"Fight","floor":36.0,"gold_loss":0.0,"damage_taken":0.0},{"damage_healed":0,"gold_gain":0,"player_choice":"Bought 0 Potions","damage_taken":0,"max_hp_gain":0,"max_hp_loss":0,"event_name":"The Woman in Blue","floor":48,"gold_loss":0}],"is_beta":false,"boss_relics":[{"not_picked":["Runic Dome","Calling Bell"],"picked":"Eternal Feather"},{"not_picked":["Lizard Tail","Philosopher\u0027s Stone"],"picked":"Sozu"}],"items_purged_floors":[25,37],"is_endless":false,"potions_floor_spawned":[4,5,7,16,18,19,21,27,29,36,38,41],"ascension_level":12}