{"gold_per_floor":[117,129,141,141,66,66,12,37,37,37,51,51,64,77,77,175,175,190,26,37,37,54,54,73,73],"floor_reached":25,"playtime":1681,"items_purged":[],"score":205,"play_id":"64e53928-d44b-4517-8959-211345d9e10c","local_time":"20190630051938","is_ascension_mode":false,"campfire_choices":[{"data":"Demon Form","floor":6,"key":"SMITH"},{"data":"Armaments","floor":12,"key":"SMITH"},{"floor":15,"key":"REST"},{"floor":23,"key":"REST"}],"neow_cost":"NONE","seed_source_timestamp":658017270854156,"circlet_count":0,"master_deck":["Strike_R","Strike_R","Strike_R+1","Strike_R","Strike_R","Defend_R","Defend_R","Defend_R","Defend_R","Bash","Offering+1","Metallicize","Perfected Strike","Spot Weakness+1","Demon Form+1","Armaments+1","Anger","Pommel Strike","Body Slam","Spot Weakness","Juggernaut","Clothesline","Apotheosis","Rage","Twin Strike"],"relics":["Burning Blood","Red Skull","Pear","Runic Cube"],"potions_floor_usage":[16,16,16,24],"damage_taken":[{"damage":1,"enemies":"Cultist","floor":1,"turns":3},{"damage":9,"enemies":"Jaw Worm","floor":2,"turns":3},{"damage":6,"enemies":"2 Louse","floor":3,"turns":2},{"damage":37,"enemies":"Lagavulin","floor":8,"turns":6},{"damage":0,"enemies":"Looter","floor":11,"turns":2},{"damage":13,"enemies":"Exordium Thugs","floor":13,"turns":3},{"damage":7,"enemies":"3 Louse","floor":14,"turns":2},{"damage":42,"enemies":"Hexaghost","floor":16,"turns":6},{"damage":18,"enemies":"Shell Parasite","floor":18,"turns":4},{"damage":16,"enemies":"Chosen","floor":20,"turns":4},{"damage":52,"enemies":"Centurion and Healer","floor":22,"turns":6},{"damage":21,"enemies":"Chosen and Byrds","floor":24,"turns":5},{"damage":41,"enemies":"Gremlin Leader","floor":25,"turns":3}],"seed_played":"7717292750019616859","potions_obtained":[{"floor":1,"key":"SneckoOil"},{"floor":13,"key":"Explosive Potion"},{"floor":14,"key":"PowerPotion"},{"floor":22,"key":"EssenceOfSteel"},{"floor":24,"key":"GamblersBrew"}],"is_trial":false,"path_per_floor":["M","M","M","?","$","R","$","E","T","?","M","R","M","M","R","B",null,"M","$","M","?","M","R","M","E"],"character_chosen":"IRONCLAD","items_purchased":["Demon Form","Armaments","Apotheosis"],"campfire_rested":2,"item_purchase_floors":[5,7,19],"current_hp_per_floor":[80,77,77,77,77,77,77,46,56,38,44,44,37,36,63,27,90,78,78,68,68,22,49,34,0],"gold":73,"neow_bonus":"ONE_RANDOM_RARE_CARD","is_prod":false,"is_daily":false,"chose_seed":false,"campfire_upgraded":2,"win_rate":0.0,"timestamp":1561897178,"path_taken":["M","M","M","?","?","R","$","E","T","?","M","R","M","M","R","BOSS","M","$","M","?","M","R","M","E"],"build_version":"2019-01-23","purchased_purges":0,"victory":false,"max_hp_per_floor":[80,80,80,80,80,80,80,80,90,90,90,90,90,90,90,90,90,90,90,90,90,90,90,90,90],"card_choices":[{"not_picked":["Combust","Thunderclap"],"picked":"Metallicize","floor":1},{"not_picked":["Warcry","Pommel Strike"],"picked":"Perfected Strike","floor":2},{"not_picked":["Ghostly Armor","Sever Soul"],"picked":"Spot Weakness","floor":3},{"not_picked":["Power Through","Disarm"],"picked":"Anger","floor":8},{"not_picked":["Sword Boomerang","Warcry"],"picked":"Pommel Strike","floor":11},{"not_picked":["Headbutt","Bloodletting"],"picked":"Body Slam","floor":13},{"not_picked":["Second Wind","Iron Wave"],"picked":"Spot Weakness","floor":14},{"not_picked":["Offering","Dark Embrace"],"picked":"Juggernaut","floor":16},{"not_picked":["Entrench","Fire Breathing"],"picked":"Clothesline","floor":18},{"not_picked":["Sever Soul","Evolve","Havoc+1"],"picked":"SKIP","floor":20},{"not_picked":["Clash","Entrench"],"picked":"Rage","floor":22},{"not_picked":["Intimidate","Armaments"],"picked":"Twin Strike","floor":24}],"player_experience":29136,"relics_obtained":[{"floor":8,"key":"Red Skull"},{"floor":9,"key":"Pear"}],"event_choices":[{"damage_healed":0,"gold_gain":0,"player_choice":"Forge","damage_taken":0,"max_hp_gain":0,"max_hp_loss":0,"event_name":"Accursed Blacksmith","floor":4,"gold_loss":0,"cards_upgraded":["Spot Weakness"]},{"damage_healed":0,"gold_gain":0,"player_choice":"Entered Light","damage_taken":18,"max_hp_gain":0,"max_hp_loss":0,"event_name":"Shining Light","floor":10,"gold_loss":0,"cards_upgraded":["Offering","Strike_R"]},{"damage_healed":0,"gold_gain":0,"player_choice":"Ignored","damage_taken":0,"max_hp_gain":0,"max_hp_loss":0,"event_name":"Beggar","floor":21,"gold_loss":0}],"is_beta":false,"boss_relics":[{"not_picked":["Velvet Choker","Runic Pyramid"],"picked":"Runic Cube"}],"items_purged_floors":[],"is_endless":false,"potions_floor_spawned":[1,13,14,22,24],"killed_by":"Gremlin Leader","ascension_level":0}