{"gold_per_floor":[112,128,142,142,155,199,199,230,254,254,269,269,309,332,332,422,422,442,463,388,96,119,119,137,160,160,160,204,104,127,152,152,152],"floor_reached":33,"playtime":4660,"items_purged":["Strike_B","Strike_B"],"score":491,"play_id":"fb83774f-174d-4d88-b1c2-5b5dd24d164a","local_time":"20190701124352","is_ascension_mode":true,"campfire_choices":[{"data":"Zap","floor":7,"key":"SMITH"},{"floor":10,"key":"REST"},{"floor":15,"key":"REST"},{"data":"Apotheosis","floor":23,"key":"SMITH"},{"data":"BootSequence","floor":27,"key":"SMITH"},{"data":"Seek","floor":32,"key":"SMITH"}],"neow_cost":"NONE","seed_source_timestamp":173707293274096,"circlet_count":0,"master_deck":["AscendersBane","Strike_B","Defend_B","Defend_B","Defend_B","Defend_B","Zap+1","Dualcast","FTL","Coolheaded","Sweeping Beam","Steam","Sweeping Beam+1","Conserve Battery","Ball Lightning+1","Rainbow","Ball Lightning","Seek+1","Coolheaded","BootSequence+1","Turbo","Apotheosis+1","Glacier+1","Hologram","Turbo","Chill","FTL"],"relics":["Sozu","Golden Idol","Centennial Puzzle","DataDisk","Potion Belt","Whetstone","Coffee Dripper","Regal Pillow","Meat on the Bone","Lantern"],"potions_floor_usage":[],"damage_taken":[{"damage":1,"enemies":"Cultist","floor":1,"turns":3},{"damage":0,"enemies":"Small Slimes","floor":2,"turns":3},{"damage":0,"enemies":"Jaw Worm","floor":3,"turns":4},{"damage":1,"enemies":"Exordium Thugs","floor":5,"turns":4},{"damage":31,"enemies":"Lagavulin","floor":6,"turns":6},{"damage":16,"enemies":"Gremlin Nob","floor":8,"turns":4},{"damage":0,"enemies":"Large Slime","floor":11,"turns":5},{"damage":18,"enemies":"Lagavulin","floor":13,"turns":6},{"damage":5,"enemies":"Gremlin Gang","floor":14,"turns":3},{"damage":17,"enemies":"The Guardian","floor":16,"turns":9},{"damage":2,"enemies":"Chosen","floor":18,"turns":2},{"damage":9,"enemies":"2 Thieves","floor":19,"turns":2},{"damage":0,"enemies":"Centurion and Healer","floor":22,"turns":5},{"damage":6,"enemies":"Snake Plant","floor":24,"turns":3},{"damage":4,"enemies":"Cultist and Chosen","floor":25,"turns":6},{"damage":17,"enemies":"Gremlin Leader","floor":28,"turns":7},{"damage":0,"enemies":"3 Cultists","floor":30,"turns":4},{"damage":27,"enemies":"Automaton","floor":33,"turns":6}],"seed_played":"4132337185259368452","potions_obtained":[],"is_trial":false,"path_per_floor":["M","M","M","?","M","E","R","E","T","R","M","?","E","M","R","B",null,"M","M","?","$","M","R","M","M","T","R","E","$","M","T","R","B"],"character_chosen":"DEFECT","items_purchased":["Turbo","Apotheosis"],"campfire_rested":2,"item_purchase_floors":[21,21],"current_hp_per_floor":[63,63,63,63,62,31,31,15,15,34,34,34,16,11,30,13,53,51,42,42,42,42,42,36,32,32,32,15,15,27,27,27,0],"gold":152,"neow_bonus":"BOSS_RELIC","is_prod":false,"is_daily":false,"chose_seed":false,"campfire_upgraded":4,"win_rate":0,"timestamp":1561956232,"path_taken":["M","M","M","?","M","E","R","E","T","R","M","?","E","M","R","BOSS","M","M","?","$","M","R","M","M","T","R","E","$","M","?","R","BOSS"],"build_version":"2019-01-23","purchased_purges":2,"victory":false,"max_hp_per_floor":[71,71,71,66,66,66,66,66,66,66,66,66,66,66,66,66,66,66,66,66,66,66,66,66,66,66,66,66,66,66,66,66,66],"card_choices":[{"not_picked":["Rip and Tear","Capacitor"],"picked":"FTL","floor":1},{"not_picked":["Genetic Algorithm","Beam Cell"],"picked":"Coolheaded","floor":2},{"not_picked":["Barrage","Darkness"],"picked":"Sweeping Beam","floor":3},{"not_picked":["Redo","Cold Snap"],"picked":"Steam","floor":5},{"not_picked":["Blizzard","Compile Driver"],"picked":"Sweeping Beam","floor":6},{"not_picked":["Ball Lightning","Leap"],"picked":"Conserve Battery","floor":8},{"not_picked":["Aggregate","Gash"],"picked":"Ball Lightning","floor":11},{"not_picked":["Steam Power","Darkness"],"picked":"Rainbow","floor":13},{"not_picked":["Stack","Storm"],"picked":"Ball Lightning","floor":14},{"not_picked":["Hyperbeam","Reboot"],"picked":"Seek","floor":16},{"not_picked":["Redo","Scrape"],"picked":"Coolheaded","floor":18},{"not_picked":["Hologram","Beam Cell"],"picked":"BootSequence","floor":19},{"not_picked":["Sweeping Beam+1","Amplify"],"picked":"Glacier+1","floor":22},{"not_picked":["Turbo","Sunder"],"picked":"Hologram","floor":24},{"not_picked":["Streamline","Genetic Algorithm","Turbo"],"picked":"SKIP","floor":25},{"not_picked":["Streamline","Genetic Algorithm"],"picked":"Turbo","floor":25},{"not_picked":["Stack","Coolheaded"],"picked":"Chill","floor":28},{"not_picked":["Reprogram","Darkness"],"picked":"FTL","floor":30}],"player_experience":1114475,"relics_obtained":[{"floor":6,"key":"Centennial Puzzle"},{"floor":8,"key":"DataDisk"},{"floor":9,"key":"Potion Belt"},{"floor":13,"key":"Whetstone"},{"floor":26,"key":"Regal Pillow"},{"floor":28,"key":"Meat on the Bone"},{"floor":31,"key":"Lantern"}],"event_choices":[{"damage_healed":0,"gold_gain":0,"player_choice":"Lose Max HP","damage_taken":0,"relics_obtained":["Golden Idol"],"max_hp_gain":0,"max_hp_loss":5,"event_name":"Golden Idol","floor":4,"gold_loss":0},{"damage_healed":0,"gold_gain":0,"player_choice":"Ignored","damage_taken":0,"max_hp_gain":0,"max_hp_loss":0,"event_name":"Liars Game","floor":12,"gold_loss":0},{"cards_removed":["Strike_B"],"damage_healed":0,"gold_gain":0,"player_choice":"Gave Gold","damage_taken":0,"max_hp_gain":0,"max_hp_loss":0,"event_name":"Beggar","floor":20,"gold_loss":75}],"is_beta":false,"boss_relics":[{"not_picked":["Lizard Tail","White Beast Statue"],"picked":"Coffee Dripper"}],"items_purged_floors":[21,29],"is_endless":false,"potions_floor_spawned":[1,3,5,6,11,19,24,28],"killed_by":"Automaton","ascension_level":14}