{"gold_per_floor":[114,39,52,52,30,58,69,69,92,92,102,102,131,146,146,146],"floor_reached":16,"playtime":838,"items_purged":["Strike_B"],"score":189,"play_id":"6289975b-ea09-4ee2-8cc0-dd904aa94c9b","local_time":"20190206100831","is_ascension_mode":true,"campfire_choices":[{"data":"Zap","floor":8,"key":"SMITH"},{"data":"Dualcast","floor":10,"key":"SMITH"},{"data":"Static Discharge","floor":15,"key":"SMITH"}],"neow_cost":"NONE","seed_source_timestamp":251867579424908,"circlet_count":0,"master_deck":["Strike_B","Strike_B","Strike_B","Defend_B","Defend_B","Defend_B","Zap+1","Dualcast+1","Gash","Static Discharge","Sweeping Beam","Amplify","Static Discharge+1","BootSequence","Storm","Reprogram"],"relics":["Cracked Core","NeowsBlessing","Juzu Bracelet","Anchor","Happy Flower"],"potions_floor_usage":[],"damage_taken":[{"damage":0,"enemies":"Cultist","floor":1,"turns":1},{"damage":0,"enemies":"Jaw Worm","floor":3,"turns":1},{"damage":0,"enemies":"Lagavulin","floor":6,"turns":1},{"damage":1,"enemies":"2 Louse","floor":7,"turns":3},{"damage":3,"enemies":"Blue Slaver","floor":11,"turns":3},{"damage":40,"enemies":"Gremlin Nob","floor":13,"turns":4},{"damage":0,"enemies":"Lots of Slimes","floor":14,"turns":2},{"damage":36,"enemies":"The Guardian","floor":16,"turns":2}],"seed_played":"-5517859385741791216","potions_obtained":[{"floor":3,"key":"SpeedPotion"},{"floor":6,"key":"GamblersBrew"},{"floor":13,"key":"Regen Potion"}],"is_trial":false,"path_per_floor":["M","$","M","?","$","E","M","R","T","R","M","?","E","M","R","B"],"character_chosen":"DEFECT","items_purchased":["Sweeping Beam"],"campfire_rested":0,"item_purchase_floors":[5],"current_hp_per_floor":[68,68,68,68,68,68,67,67,67,67,64,64,24,24,24,0],"gold":146,"neow_bonus":"THREE_ENEMY_KILL","is_prod":false,"is_daily":false,"chose_seed":false,"campfire_upgraded":3,"win_rate":0,"timestamp":1549418911,"path_taken":["M","?","M","?","$","E","M","R","T","R","M","?","E","M","R","BOSS"],"build_version":"2019-01-23","purchased_purges":1,"victory":false,"max_hp_per_floor":[75,75,75,75,75,75,75,75,75,75,75,75,75,75,75,75],"card_choices":[{"not_picked":["Capacitor","Turbo"],"picked":"Gash","floor":1},{"not_picked":["Defragment","Capacitor"],"picked":"Static Discharge","floor":3},{"not_picked":["Steam","Sweeping Beam"],"picked":"Amplify","floor":6},{"not_picked":["Streamline","Aggregate"],"picked":"Static Discharge","floor":7},{"not_picked":["Gash","Darkness"],"picked":"BootSequence","floor":11},{"not_picked":["Blizzard","Stack"],"picked":"Storm","floor":13},{"not_picked":["Beam Cell","Turbo"],"picked":"Reprogram","floor":14}],"player_experience":671158,"relics_obtained":[{"floor":6,"key":"Juzu Bracelet"},{"floor":9,"key":"Anchor"},{"floor":13,"key":"Happy Flower"}],"event_choices":[{"cards_removed":["Defend_B"],"damage_healed":0,"gold_gain":0,"player_choice":"Forget","damage_taken":0,"max_hp_gain":0,"max_hp_loss":0,"event_name":"Living Wall","floor":4,"gold_loss":0},{"damage_healed":0,"gold_gain":0,"player_choice":"Ignored","damage_taken":0,"max_hp_gain":0,"max_hp_loss":0,"event_name":"Liars Game","floor":12,"gold_loss":0}],"is_beta":false,"boss_relics":[],"items_purged_floors":[2],"is_endless":false,"potions_floor_spawned":[3,6,13,14],"killed_by":"The Guardian","ascension_level":8}