{"gold_per_floor":[111,61,61,161,180,215,235,160,160,190,190,202,202,220,220,320,320,337,337,187,201,201,201,211,211,211,227,227],"floor_reached":28,"playtime":1975,"items_purged":["Strike_B","Strike_B"],"score":329,"play_id":"278e39f6-d965-45c6-9aa8-0055b7bddb06","local_time":"20190623132022","is_ascension_mode":true,"campfire_choices":[{"data":"Zap","floor":11,"key":"SMITH"},{"data":"Dualcast","floor":15,"key":"SMITH"},{"floor":23,"key":"REST"},{"floor":25,"key":"REST"}],"neow_cost":"NONE","seed_source_timestamp":49857394709472,"circlet_count":0,"master_deck":["Defend_B","Defend_B","Defend_B","Defend_B","Zap+1","Dualcast+1","Capacitor","Steam","Compile Driver","BootSequence","Conserve Battery","Streamline","Go for the Eyes"],"relics":["Cracked Core","NeowsBlessing","Du-Vu Doll","Meat on the Bone","Anchor","Ancient Tea Set","Philosopher\u0027s Stone","Enchiridion","Ornamental Fan"],"potions_floor_usage":[16,16,16,18,21],"damage_taken":[{"damage":0,"enemies":"Jaw Worm","floor":1,"turns":1},{"damage":0,"enemies":"2 Louse","floor":5,"turns":1},{"damage":0,"enemies":"3 Sentries","floor":6,"turns":2},{"damage":0,"enemies":"Small Slimes","floor":7,"turns":4},{"damage":27,"enemies":"Lagavulin","floor":10,"turns":8},{"damage":4,"enemies":"Gremlin Gang","floor":12,"turns":6},{"damage":1,"enemies":"Exordium Thugs","floor":14,"turns":5},{"damage":5,"enemies":"The Guardian","floor":16,"turns":11},{"damage":18,"enemies":"Shell Parasite","floor":18,"turns":8},{"damage":23,"enemies":"Chosen","floor":21,"turns":6},{"damage":27,"enemies":"Snake Plant","floor":24,"turns":5},{"damage":18,"enemies":"Shelled Parasite and Fungi","floor":27,"turns":8},{"damage":40,"enemies":"Cultist and Chosen","floor":28,"turns":9}],"seed_played":"-4026785527748933617","potions_obtained":[{"floor":1,"key":"GamblersBrew"},{"floor":6,"key":"EntropicBrew"}],"is_trial":false,"path_per_floor":["M","?","?","?","M","E","M","$","T","E","R","M","?","M","R","B",null,"M","?","$","M","?","R","M","R","T","M","M"],"character_chosen":"DEFECT","items_purchased":["Streamline"],"campfire_rested":2,"item_purchase_floors":[20],"current_hp_per_floor":[68,68,68,68,68,68,68,68,68,41,41,49,37,48,48,43,67,49,35,35,24,8,32,17,41,41,35,0],"gold":227,"neow_bonus":"THREE_ENEMY_KILL","is_prod":false,"is_daily":false,"chose_seed":false,"campfire_upgraded":2,"win_rate":0,"timestamp":1561310422,"path_taken":["M","?","?","?","?","E","M","?","T","E","R","M","?","M","R","BOSS","M","?","$","M","?","R","M","R","T","M","M"],"build_version":"2019-01-23","purchased_purges":2,"victory":false,"max_hp_per_floor":[75,75,75,75,75,75,75,75,75,75,75,75,75,75,75,75,75,75,80,80,80,80,80,80,80,80,80,80],"card_choices":[{"not_picked":["Rebound","White Noise"],"picked":"Capacitor","floor":1},{"not_picked":["Leap","Hologram"],"picked":"Steam","floor":5},{"not_picked":["Beam Cell","Leap"],"picked":"Compile Driver","floor":6},{"not_picked":["Compile Driver","Barrage","Redo"],"picked":"SKIP","floor":7},{"not_picked":["Compile Driver","Ball Lightning"],"picked":"BootSequence","floor":10},{"not_picked":["BootSequence","Rebound","Redo"],"picked":"SKIP","floor":12},{"not_picked":["Undo","Gash","Leap"],"picked":"SKIP","floor":14},{"not_picked":["Sweeping Beam","Aggregate+1"],"picked":"Conserve Battery","floor":18},{"not_picked":["Leap+1","Conserve Battery","Sweeping Beam"],"picked":"SKIP","floor":21},{"not_picked":["Gash","Skim"],"picked":"Go for the Eyes","floor":24},{"not_picked":["Rebound+1","Redo","Static Discharge+1"],"picked":"SKIP","floor":27}],"player_experience":399631,"relics_obtained":[{"floor":6,"key":"Du-Vu Doll"},{"floor":9,"key":"Meat on the Bone"},{"floor":10,"key":"Anchor"},{"floor":22,"key":"Enchiridion"},{"floor":26,"key":"Ornamental Fan"}],"event_choices":[{"cards_removed":["Strike_B"],"damage_healed":0,"gold_gain":0,"player_choice":"Card Removal","damage_taken":0,"max_hp_gain":0,"max_hp_loss":0,"event_name":"The Cleric","floor":2,"gold_loss":50},{"cards_removed":["Strike_B"],"damage_healed":0,"gold_gain":0,"player_choice":"Forget","damage_taken":0,"max_hp_gain":0,"max_hp_loss":0,"event_name":"Living Wall","floor":3,"gold_loss":0},{"damage_healed":0,"gold_gain":100,"player_choice":"Pray","damage_taken":0,"max_hp_gain":0,"max_hp_loss":0,"event_name":"Golden Shrine","floor":4,"gold_loss":0},{"damage_healed":0,"gold_gain":0,"player_choice":"Success","damage_taken":12,"relics_obtained":["Ancient Tea Set"],"max_hp_gain":0,"max_hp_loss":0,"event_name":"Scrap Ooze","floor":13,"gold_loss":0},{"damage_healed":0,"gold_gain":0,"player_choice":"Shed Blood","damage_taken":19,"max_hp_gain":5,"max_hp_loss":0,"event_name":"Forgotten Altar","floor":19,"gold_loss":0},{"damage_healed":0,"gold_gain":0,"player_choice":"Obtained Book","damage_taken":16,"max_hp_gain":0,"max_hp_loss":0,"event_name":"Cursed Tome","floor":22,"gold_loss":0}],"is_beta":false,"boss_relics":[{"not_picked":["Calling Bell","Runic Pyramid"],"picked":"Philosopher\u0027s Stone"}],"items_purged_floors":[8,20],"is_endless":false,"potions_floor_spawned":[1,6],"killed_by":"Cultist and Chosen","ascension_level":6}