{"gold_per_floor":[111,122,122,133,58,58,90,90,90,90,121,136,136,156,156,156],"floor_reached":16,"playtime":657,"items_purged":[],"score":160,"play_id":"ceeb708e-1edd-4a66-8fdd-1b39a22f8743","local_time":"20190625194635","is_ascension_mode":true,"campfire_choices":[{"data":"Zap","floor":6,"key":"SMITH"},{"data":"Dualcast","floor":8,"key":"SMITH"},{"data":"Coolheaded","floor":10,"key":"SMITH"},{"floor":13,"key":"REST"},{"floor":15,"key":"REST"}],"neow_cost":"NONE","seed_source_timestamp":957073036632139,"circlet_count":0,"master_deck":["Strike_B","Strike_B","Strike_B","Defend_B","Defend_B","Defend_B","Defend_B","Zap+1","Dualcast+1","Chill","Coolheaded+1","Ball Lightning","Storm","Consume","Coolheaded"],"relics":["Cracked Core","Pantograph","The Courier","Kunai"],"potions_floor_usage":[6,11,16],"damage_taken":[{"damage":12,"enemies":"Small Slimes","floor":1,"turns":3},{"damage":0,"enemies":"Cultist","floor":2,"turns":4},{"damage":1,"enemies":"2 Louse","floor":4,"turns":2},{"damage":28,"enemies":"Lagavulin","floor":7,"turns":6},{"damage":19,"enemies":"3 Sentries","floor":11,"turns":6},{"damage":6,"enemies":"Looter","floor":12,"turns":3},{"damage":18,"enemies":"Lots of Slimes","floor":14,"turns":3},{"damage":67,"enemies":"Slime Boss","floor":16,"turns":9}],"seed_played":"-216303774221326942","potions_obtained":[{"floor":4,"key":"Fruit Juice"},{"floor":7,"key":"Dexterity Potion"},{"floor":11,"key":"Dexterity Potion"}],"is_trial":false,"path_per_floor":["M","M","?","M","$","R","E","R","T","R","E","M","R","M","R","B"],"character_chosen":"DEFECT","items_purchased":["Storm"],"campfire_rested":2,"item_purchase_floors":[5],"current_hp_per_floor":[56,56,56,55,55,60,32,32,32,32,13,7,31,13,37,0],"gold":156,"neow_bonus":"THREE_CARDS","is_prod":false,"is_daily":false,"chose_seed":false,"campfire_upgraded":3,"win_rate":0,"timestamp":1561463195,"path_taken":["M","M","?","M","?","R","E","R","T","R","E","M","R","M","R","BOSS"],"build_version":"2019-01-23","purchased_purges":0,"victory":false,"max_hp_per_floor":[75,75,75,75,75,80,80,80,80,80,80,80,80,80,80,80],"card_choices":[{"not_picked":["Compile Driver","Streamline"],"picked":"Chill","floor":0},{"not_picked":["Stack","Rebound"],"picked":"Coolheaded","floor":1},{"not_picked":["Streamline","Compile Driver","Gash"],"picked":"SKIP","floor":2},{"not_picked":["Beam Cell","Gash"],"picked":"Ball Lightning","floor":4},{"not_picked":["Cold Snap","Beam Cell"],"picked":"Consume","floor":7},{"not_picked":["Rip and Tear","Rebound"],"picked":"Coolheaded","floor":11},{"not_picked":["Redo","Gash","Hologram"],"picked":"SKIP","floor":12},{"not_picked":["Compile Driver","Stack","Conserve Battery"],"picked":"SKIP","floor":14}],"player_experience":1043842,"relics_obtained":[{"floor":7,"key":"Pantograph"},{"floor":9,"key":"The Courier"},{"floor":11,"key":"Kunai"}],"event_choices":[{"cards_removed":["Strike_B"],"damage_healed":0,"gold_gain":0,"player_choice":"Offered Basic","damage_taken":0,"max_hp_gain":0,"max_hp_loss":0,"event_name":"Bonfire Elementals","floor":3,"gold_loss":0}],"is_beta":false,"boss_relics":[],"items_purged_floors":[],"is_endless":false,"potions_floor_spawned":[4,7,11],"killed_by":"Slime Boss","ascension_level":9}