{"gold_per_floor":[110,128,17,17,37,37,37,37,37,37,47,47,47,82,82,178,178,197,197,213,10,22,22,49,49,49,63,76,111,129,140,140,245,245,264,264,264,283,293,323,323],"floor_reached":41,"playtime":8008,"items_purged":["Strike_B"],"score":671,"play_id":"2607af54-8060-4716-b3fd-fca74a689aea","local_time":"20190625180121","is_ascension_mode":true,"campfire_choices":[{"data":"Consume","floor":6.0,"key":"SMITH"},{"data":"Dualcast","floor":8.0,"key":"SMITH"},{"data":"Glacier","floor":10.0,"key":"SMITH"},{"data":"Defragment","floor":15,"key":"SMITH"},{"data":"Seek","floor":23,"key":"SMITH"},{"floor":25,"key":"REST"},{"floor":32,"key":"REST"}],"neow_cost":"NONE","seed_source_timestamp":0,"circlet_count":0,"master_deck":["Strike_B+1","Defend_B+1","Defend_B","Defend_B+1","Defend_B","Zap+1","Dualcast+1","Glacier+1","Defragment+1","Blizzard","Consume+1","Seek+1","BootSequence","Hologram+1","Coolheaded+1","Fusion+1","Ball Lightning+1","Chill+1","Fission","Echo Form","Coolheaded+1","Madness","Madness","Redo+1"],"special_seed":0,"relics":["Cracked Core","The Courier","Boot","Inserter","Bottled Tornado","Bottled Lightning","Peace Pipe","Art of War","Black Star","War Paint","Vajra"],"potions_floor_usage":[14,14,16,16,20,24,24,29,31],"damage_taken":[{"damage":1.0,"enemies":"Cultist","floor":1.0,"turns":3.0},{"damage":2.0,"enemies":"Jaw Worm","floor":2.0,"turns":5.0},{"damage":0.0,"enemies":"Small Slimes","floor":5.0,"turns":4.0},{"damage":4,"enemies":"Red Slaver","floor":11,"turns":5},{"damage":10,"enemies":"3 Sentries","floor":14,"turns":6},{"damage":28,"enemies":"Hexaghost","floor":16,"turns":12},{"damage":33,"enemies":"Chosen","floor":18,"turns":5},{"damage":1,"enemies":"Spheric Guardian","floor":20,"turns":6},{"damage":0,"enemies":"Snecko","floor":22,"turns":8},{"damage":13,"enemies":"Slavers","floor":24,"turns":6},{"damage":4,"enemies":"3 Cultists","floor":27,"turns":8},{"damage":0,"enemies":"Snake Plant","floor":28,"turns":4},{"damage":7,"enemies":"Gremlin Leader","floor":29,"turns":10},{"damage":0,"enemies":"Centurion and Healer","floor":30,"turns":7},{"damage":8,"enemies":"Shelled Parasite and Fungi","floor":31,"turns":6},{"damage":3,"enemies":"Champ","floor":33,"turns":13},{"damage":0,"enemies":"Orb Walker","floor":35,"turns":5},{"damage":0,"enemies":"3 Shapes","floor":38,"turns":5},{"damage":0,"enemies":"3 Darklings","floor":39,"turns":5},{"damage":24,"enemies":"Giant Head","floor":40,"turns":10},{"damage":40,"enemies":"4 Shapes","floor":41,"turns":3}],"seed_played":"-5681577384049004008","potions_obtained":[{"floor":1.0,"key":"Regen Potion"},{"floor":5.0,"key":"Swift Potion"},{"floor":11,"key":"Fire Potion"},{"floor":14,"key":"Fire Potion"},{"floor":19,"key":"EssenceOfSteel"},{"floor":19,"key":"Energy Potion"},{"floor":19,"key":"Block Potion"},{"floor":20,"key":"SteroidPotion"},{"floor":27,"key":"Energy Potion"},{"floor":30,"key":"Regen Potion"},{"floor":38,"key":"Dexterity Potion"},{"floor":40,"key":"SpeedPotion"}],"is_trial":false,"path_per_floor":["M","M","$","?","M","R","$","R","T","R","M","$","?","E","R","B",null,"M","?","M","$","M","R","E","R","T","M","M","E","M","M","R","B",null,"M","?","?","M","M","E","M"],"character_chosen":"DEFECT","items_purchased":["Blizzard","Bottled Tornado"],"campfire_rested":2,"item_purchase_floors":[3,21],"current_hp_per_floor":[67,65,65,65,65,65,65,65,65,65,61,61,46,51,51,23,62,29,29,28,28,28,28,15,37,37,33,33,26,26,27,49,46,68,68,59,59,59,59,35,0],"gold":323,"neow_bonus":"REMOVE_CARD","is_prod":false,"is_daily":false,"chose_seed":false,"campfire_upgraded":5,"win_rate":0,"timestamp":1561456881,"path_taken":["M","M","$","?","M","R","$","R","T","R","M","$","?","E","R","BOSS","M","?","M","$","?","R","E","R","T","M","M","E","M","?","R","BOSS","M","?","?","M","?","E","M"],"build_version":"2019-01-23","purchased_purges":1,"victory":false,"max_hp_per_floor":[75,75,75,75,75,75,75,75,75,75,75,75,75,75,75,75,75,75,75,75,75,75,75,75,75,75,75,75,75,75,75,75,75,75,75,75,75,75,75,75,75],"card_choices":[{"not_picked":["Sweeping Beam","Barrage"],"picked":"Glacier","floor":1.0},{"not_picked":["Beam Cell","Coolheaded"],"picked":"Defragment","floor":2.0},{"not_picked":["Redo","Darkness"],"picked":"Consume","floor":5.0},{"not_picked":["Conserve Battery","Stack","Steam"],"picked":"SKIP","floor":11},{"not_picked":["Reprogram","Reinforced Body","Rebound"],"picked":"SKIP","floor":14},{"not_picked":["All For One","Biased Cognition"],"picked":"Seek","floor":16},{"not_picked":["Beam Cell","Hello World"],"picked":"BootSequence","floor":18},{"not_picked":["Compile Driver","FTL"],"picked":"Hologram","floor":20},{"not_picked":["Compile Driver","Steam Power","Turbo"],"picked":"SKIP","floor":22},{"not_picked":["Beam Cell+1","Conserve Battery"],"picked":"Coolheaded+1","floor":24},{"not_picked":["Heatsinks","Rebound","Sunder"],"picked":"SKIP","floor":27},{"not_picked":["Beam Cell+1","Storm"],"picked":"Fusion+1","floor":28},{"not_picked":["Force Field","Tempest"],"picked":"Ball Lightning+1","floor":29},{"not_picked":["Streamline","Hologram"],"picked":"Chill+1","floor":30},{"not_picked":["Rip and Tear","Stack"],"picked":"Fission","floor":31},{"not_picked":["Creative AI","Machine Learning"],"picked":"Echo Form","floor":33},{"not_picked":["Compile Driver+1","Streamline"],"picked":"Coolheaded+1","floor":35},{"not_picked":["Rebound","Stack+1","Lockon+1"],"picked":"SKIP","floor":38},{"not_picked":["Rebound","Hologram+1","Fission"],"picked":"SKIP","floor":39},{"not_picked":["Core Surge","Genetic Algorithm"],"picked":"Redo+1","floor":40}],"player_experience":1033495,"relics_obtained":[{"floor":9.0,"key":"The Courier"},{"floor":14,"key":"Boot"},{"floor":24,"key":"Bottled Lightning"},{"floor":26,"key":"Peace Pipe"},{"floor":29,"key":"Art of War"},{"floor":40,"key":"War Paint"},{"floor":40,"key":"Vajra"}],"event_choices":[{"damage_healed":0.0,"max_hp_gain":0.0,"max_hp_loss":0.0,"gold_gain":0.0,"event_name":"Living Wall","player_choice":"Grow","floor":4.0,"gold_loss":0.0,"damage_taken":0.0,"cards_upgraded":["Zap"]},{"damage_healed":0,"gold_gain":0,"player_choice":"Entered Light","damage_taken":15,"max_hp_gain":0,"max_hp_loss":0,"event_name":"Shining Light","floor":13,"gold_loss":0,"cards_upgraded":["Defend_B","Strike_B"]},{"damage_healed":0,"gold_gain":0,"player_choice":"Got Potions","damage_taken":0,"max_hp_gain":0,"max_hp_loss":0,"event_name":"Lab","floor":19,"gold_loss":0},{"damage_healed":0,"gold_gain":0,"player_choice":"Embrace Madness","damage_taken":9,"max_hp_gain":0,"max_hp_loss":0,"event_name":"Winding Halls","floor":36,"gold_loss":0,"cards_obtained":["Madness","Madness"]},{"cards_removed":["Strike_B"],"damage_healed":0,"gold_gain":0,"player_choice":"Removed Attack","damage_taken":0,"max_hp_gain":0,"max_hp_loss":0,"event_name":"Falling","floor":37,"gold_loss":0}],"is_beta":false,"boss_relics":[{"not_picked":["Nuclear Battery","Eternal Feather"],"picked":"Inserter"},{"not_picked":["Lizard Tail","Orrery"],"picked":"Black Star"}],"items_purged_floors":[3],"is_endless":false,"potions_floor_spawned":[1,5,11,14,20,27,30,38,40],"killed_by":"4 Shapes","ascension_level":9}