{"gold_per_floor":[118,118,18,37,37,37,77,77,104,134,178,178,253,317,317,410,410,431,454,123,123,70,70,70],"floor_reached":24,"playtime":928,"items_purged":["Strike_B","Strike_B"],"score":439,"play_id":"26e6b6d1-7d71-4306-bf55-4b7cce863b1a","local_time":"20190701105943","is_ascension_mode":true,"campfire_choices":[{"data":"Zap","floor":6,"key":"SMITH"},{"data":"Buffer","floor":8,"key":"SMITH"},{"data":"Dualcast","floor":12,"key":"SMITH"},{"data":"Loop","floor":15,"key":"SMITH"},{"data":"Turbo","floor":23,"key":"SMITH"}],"neow_cost":"NONE","seed_source_timestamp":171190349213091,"circlet_count":0,"master_deck":["AscendersBane","Strike_B","Defend_B","Defend_B","Defend_B","Defend_B","Zap+1","Dualcast+1","Tempest","Sweeping Beam","FTL","Buffer+1","Core Surge","Loop+1","Electrodynamics","Recycle+1","Steam","Echo Form","Self Repair","Decay","Turbo+1"],"relics":["Cracked Core","NeowsBlessing","Golden Idol","Bottled Flame","Pen Nib","Symbiotic Virus","Prayer Wheel","Tiny Chest","Runic Pyramid","Orichalcum"],"potions_floor_usage":[11,16,16],"damage_taken":[{"damage":0,"enemies":"2 Louse","floor":1,"turns":1},{"damage":0,"enemies":"Cultist","floor":4,"turns":1},{"damage":0,"enemies":"Lagavulin","floor":7,"turns":1},{"damage":0,"enemies":"Gremlin Nob","floor":11,"turns":3},{"damage":10,"enemies":"3 Sentries","floor":14,"turns":5},{"damage":12,"enemies":"The Guardian","floor":16,"turns":9},{"damage":14,"enemies":"2 Thieves","floor":18,"turns":4},{"damage":9,"enemies":"Shell Parasite","floor":19,"turns":4},{"damage":35,"enemies":"Slavers","floor":24,"turns":2}],"seed_played":"-4017510767979386229","potions_obtained":[{"floor":4,"key":"EssenceOfSteel"},{"floor":7,"key":"Energy Potion"},{"floor":11,"key":"SkillPotion"},{"floor":14,"key":"PowerPotion"}],"is_trial":false,"path_per_floor":["M","?","$","M","?","R","E","R","T","?","E","R","?","E","R","B",null,"M","M","$","?","$","R","E"],"character_chosen":"DEFECT","items_purchased":["Sweeping Beam","Self Repair","Orichalcum","Turbo"],"campfire_rested":0,"item_purchase_floors":[3,20,20,22],"current_hp_per_floor":[64,64,64,64,64,64,64,64,64,64,64,64,53,43,43,31,57,43,34,34,34,34,34,0],"gold":70,"neow_bonus":"THREE_ENEMY_KILL","is_prod":false,"is_daily":false,"chose_seed":false,"campfire_upgraded":5,"win_rate":0,"timestamp":1561949983,"path_taken":["M","?","$","?","?","R","E","R","T","?","E","R","?","E","R","BOSS","M","M","$","?","?","R","E"],"build_version":"2019-01-23","purchased_purges":2,"victory":false,"max_hp_per_floor":[71,71,71,71,66,66,66,66,66,66,66,66,66,66,66,66,66,66,66,66,66,66,66,66],"card_choices":[{"not_picked":["Barrage","Beam Cell"],"picked":"Tempest","floor":1},{"not_picked":["Hologram","Blizzard"],"picked":"FTL","floor":4},{"not_picked":["Recycle","Glacier"],"picked":"Buffer","floor":7},{"not_picked":["Genetic Algorithm","Leap"],"picked":"Core Surge","floor":11},{"not_picked":["Darkness","Barrage"],"picked":"Loop","floor":14},{"not_picked":["Reboot","Seek"],"picked":"Electrodynamics","floor":16},{"not_picked":["Scrape","Stack"],"picked":"Recycle+1","floor":18},{"not_picked":["Compile Driver","Reinforced Body"],"picked":"Steam","floor":18},{"not_picked":["Go for the Eyes","Gash"],"picked":"Echo Form","floor":19},{"not_picked":["Streamline","Redo","Hologram"],"picked":"SKIP","floor":19}],"player_experience":1111993,"relics_obtained":[{"floor":7,"key":"Bottled Flame"},{"floor":9,"key":"Pen Nib"},{"floor":11,"key":"Prayer Wheel"},{"floor":14,"key":"Tiny Chest"}],"event_choices":[{"cards_removed":["Strike_B"],"damage_healed":0,"gold_gain":0,"player_choice":"Offered Basic","damage_taken":0,"max_hp_gain":0,"max_hp_loss":0,"event_name":"Bonfire Elementals","floor":2,"gold_loss":0},{"damage_healed":0,"gold_gain":0,"player_choice":"Lose Max HP","damage_taken":0,"relics_obtained":["Golden Idol"],"max_hp_gain":0,"max_hp_loss":5,"event_name":"Golden Idol","floor":5,"gold_loss":0},{"damage_healed":0,"gold_gain":30,"player_choice":"Searched \u00272\u0027 times","damage_taken":0,"relics_obtained":["Symbiotic Virus"],"max_hp_gain":0,"max_hp_loss":0,"event_name":"Dead Adventurer","floor":10,"gold_loss":0},{"damage_healed":0,"gold_gain":75,"player_choice":"Gather Gold","damage_taken":11,"max_hp_gain":0,"max_hp_loss":0,"event_name":"World of Goop","floor":13,"gold_loss":0},{"damage_healed":0,"gold_gain":0,"player_choice":"Cursed","damage_taken":0,"max_hp_gain":0,"max_hp_loss":0,"event_name":"Wheel of Change","floor":21,"gold_loss":0,"cards_obtained":["Decay"]}],"is_beta":false,"boss_relics":[{"not_picked":["White Beast Statue","Black Star"],"picked":"Runic Pyramid"}],"items_purged_floors":[3,20],"is_endless":false,"potions_floor_spawned":[4,7,11,14],"killed_by":"Slavers","ascension_level":14}