{"gold_per_floor":[117,137,137,149,166,197,197,197,197,216,216,251,270,283,283,414,414,427,44,44,59,73,109,123,123],"floor_reached":25,"playtime":1090,"items_purged":[],"score":320,"play_id":"96360b67-88fd-430e-82b2-3eff775274c3","local_time":"20190606210959","is_ascension_mode":true,"campfire_choices":[{"floor":7.0,"key":"REST"},{"floor":15,"key":"REST"}],"neow_cost":"NONE","seed_source_timestamp":523835055434145,"circlet_count":0,"master_deck":["Strike_B","Strike_B","Strike_B","Strike_B","Defend_B","Defend_B","Defend_B","Defend_B","Zap+1","Dualcast+1","Cold Snap","Ball Lightning","All For One","Sweeping Beam","Cold Snap","Ball Lightning","Echo Form","Glacier","Core Surge","Glacier","Fusion+1"],"special_seed":0,"relics":["Cracked Core","Juzu Bracelet","Ornamental Fan","Singing Bowl","Golden Idol","Sundial","Sozu","Anchor","Letter Opener","Omamori"],"potions_floor_usage":[12,23],"damage_taken":[{"damage":9.0,"enemies":"2 Louse","floor":1.0,"turns":3.0},{"damage":0.0,"enemies":"Cultist","floor":2.0,"turns":3.0},{"damage":5.0,"enemies":"Jaw Worm","floor":4.0,"turns":2.0},{"damage":14.0,"enemies":"Exordium Wildlife","floor":5.0,"turns":3.0},{"damage":30.0,"enemies":"3 Sentries","floor":6.0,"turns":6.0},{"damage":2.0,"enemies":"Looter","floor":10.0,"turns":3.0},{"damage":19,"enemies":"Lagavulin","floor":12,"turns":4},{"damage":7,"enemies":"Gremlin Gang","floor":13,"turns":2},{"damage":5,"enemies":"2 Fungi Beasts","floor":14,"turns":2},{"damage":13,"enemies":"Slime Boss","floor":16,"turns":10},{"damage":9,"enemies":"3 Byrds","floor":18,"turns":4},{"damage":0,"enemies":"Shell Parasite","floor":21,"turns":5},{"damage":14,"enemies":"Snake Plant","floor":22,"turns":5},{"damage":19,"enemies":"Slavers","floor":23,"turns":5},{"damage":8,"enemies":"Snecko","floor":24,"turns":6},{"damage":13,"enemies":"3 Cultists","floor":25,"turns":2}],"seed_played":"-7796869485163149132","potions_obtained":[{"floor":4.0,"key":"Ancient Potion"},{"floor":10.0,"key":"AttackPotion"},{"floor":13,"key":"AttackPotion"}],"is_trial":false,"path_per_floor":["M","M","?","M","M","E","R","?","T","M","?","E","M","M","R","B",null,"M","$","?","M","M","E","M","M"],"character_chosen":"DEFECT","items_purchased":["Anchor","Letter Opener"],"campfire_rested":2,"item_purchase_floors":[19,19],"current_hp_per_floor":[59,59,59,54,40,10,32,32,32,30,30,11,6,1,22,9,56,47,47,47,47,35,18,12,0],"gold":123,"neow_bonus":"RANDOM_COMMON_RELIC","is_prod":false,"is_daily":false,"chose_seed":false,"campfire_upgraded":0,"win_rate":0,"timestamp":1559876999,"path_taken":["M","M","?","M","M","E","R","?","T","M","?","E","M","M","R","BOSS","M","$","?","M","M","E","M","M"],"build_version":"2019-01-23","purchased_purges":0,"victory":false,"max_hp_per_floor":[75,75,75,75,75,75,75,75,75,75,69,69,71,71,71,71,71,71,71,71,71,73,75,77,77],"card_choices":[{"not_picked":["Tempest","Chaos"],"picked":"Cold Snap","floor":1.0},{"not_picked":["Conserve Battery","Aggregate"],"picked":"Ball Lightning","floor":2.0},{"not_picked":["Genetic Algorithm","Go for the Eyes"],"picked":"All For One","floor":4.0},{"not_picked":["Double Energy","Redo"],"picked":"Sweeping Beam","floor":5.0},{"not_picked":["Reprogram","Sweeping Beam"],"picked":"Cold Snap","floor":6.0},{"not_picked":["Rebound","Conserve Battery"],"picked":"Ball Lightning","floor":10.0},{"not_picked":["Force Field","Rebound"],"picked":"Echo Form","floor":12},{"not_picked":["Beam Cell","Steam","Go for the Eyes"],"picked":"Singing Bowl","floor":13},{"not_picked":["Sunder","Streamline"],"picked":"Glacier","floor":14},{"not_picked":["All For One","Thunder Strike"],"picked":"Core Surge","floor":16},{"not_picked":["Leap+1","Go for the Eyes"],"picked":"Glacier","floor":18},{"not_picked":["Leap","Streamline+1"],"picked":"Fusion+1","floor":21},{"not_picked":["Stack","Cold Snap","Lockon"],"picked":"Singing Bowl","floor":22},{"not_picked":["Chaos","Sweeping Beam","Lockon+1"],"picked":"Singing Bowl","floor":23},{"not_picked":["Cold Snap","Go for the Eyes+1","Consume+1"],"picked":"Singing Bowl","floor":24}],"player_experience":702380,"relics_obtained":[{"floor":6.0,"key":"Ornamental Fan"},{"floor":9.0,"key":"Singing Bowl"},{"floor":12,"key":"Sundial"},{"floor":23,"key":"Omamori"}],"event_choices":[{"damage_healed":0.0,"max_hp_gain":0.0,"max_hp_loss":0.0,"gold_gain":0.0,"event_name":"Upgrade Shrine","player_choice":"Upgraded","floor":3.0,"gold_loss":0.0,"damage_taken":0.0,"cards_upgraded":["Zap"]},{"damage_healed":0.0,"max_hp_gain":0.0,"max_hp_loss":0.0,"gold_gain":0.0,"event_name":"Living Wall","player_choice":"Grow","floor":8.0,"gold_loss":0.0,"damage_taken":0.0,"cards_upgraded":["Dualcast"]},{"damage_healed":0.0,"max_hp_gain":0.0,"max_hp_loss":6.0,"gold_gain":0.0,"event_name":"Golden Idol","player_choice":"Lose Max HP","floor":11.0,"gold_loss":0.0,"damage_taken":0.0,"relics_obtained":["Golden Idol"]},{"damage_healed":0,"gold_gain":0,"player_choice":"Ignored","damage_taken":0,"max_hp_gain":0,"max_hp_loss":0,"event_name":"The Mausoleum","floor":20,"gold_loss":0}],"is_beta":false,"boss_relics":[{"not_picked":["Ectoplasm","Nuclear Battery"],"picked":"Sozu"}],"items_purged_floors":[],"is_endless":false,"potions_floor_spawned":[4,10,13,21,22],"killed_by":"3 Cultists","ascension_level":7}