{"path_per_floor":["M","M","?","M","M","R","M","M","T","R","?","R","M","M","R","B",null,"M","M","$","M","?","E","R","E","T","M","?","?","R","M","R","B",null,"M","?","T","M","?","R","E","R","T","E","M","$","M","?","R"],"character_chosen":"IRONCLAD","items_purchased":["Omamori"],"gold_per_floor":[18,34,134,151,163,163,175,185,185,185,185,185,202,219,219,322,322,322,262,115,115,115,115,115,115,115,115,38,38,38,38,38,38,38,38,38,38,38,0,0,0,0,0,0,0,0,0,0,0,0],"floor_reached":50,"campfire_rested":2,"playtime":3316,"item_purchase_floors":[20],"current_hp_per_floor":[80,80,80,74,59,59,59,60,60,60,65,65,53,48,48,38,85,85,59,59,37,37,30,55,36,36,45,45,45,45,51,51,36,85,62,62,62,66,66,66,68,68,68,24,24,24,13,13,40,0],"items_purged":[],"gold":0,"score":534,"play_id":"b947a97a-f618-4bf8-b673-7ac3b4f62f77","local_time":"20180531194916","is_prod":false,"is_daily":false,"chose_seed":false,"is_ascension_mode":false,"campfire_upgraded":5,"win_rate":0,"timestamp":1527760156,"campfire_choices":[{"data":"1","floor":6,"key":"LIFT"},{"data":"2","floor":10,"key":"LIFT"},{"data":"3","floor":12,"key":"LIFT"},{"data":"Shockwave","floor":15,"key":"SMITH"},{"floor":24,"key":"REST"},{"data":"Double Tap","floor":30,"key":"SMITH"},{"data":"Inflame","floor":32,"key":"SMITH"},{"data":"Demon Form","floor":40,"key":"SMITH"},{"data":"J.A.X.","floor":42,"key":"SMITH"},{"floor":49,"key":"REST"}],"path_taken":["M","M","?","M","M","R","M","M","T","R","?","R","?","?","R","BOSS","M","?","$","M","?","E","R","E","T","M","?","?","R","M","R","BOSS","M","?","?","M","?","R","E","R","T","E","?","?","M","?","R","BOSS"],"build_version":"2018-05-30v2","seed_source_timestamp":36484561598971,"purchased_purges":0,"victory":false,"master_deck":["Strike_R+1","Strike_R+1","Strike_R+1","Strike_R+1","Strike_R+1","Defend_R+1","Defend_R+1","Defend_R+1","Defend_R+1","Bash","Headbutt","Pommel Strike","Spot Weakness","Inflame+1","Twin Strike","Shockwave+1","Double Tap+1","Pommel Strike+1","Twin Strike+1","J.A.X.+1","Cleave","Demon Form+1","Bandage Up"],"max_hp_per_floor":[80,80,80,80,80,80,80,80,80,80,85,85,85,85,85,85,85,85,85,85,85,85,85,85,85,85,85,85,85,85,85,85,85,85,85,85,85,90,90,90,90,90,90,90,90,90,90,90,90,90],"relics":["Burning Blood","Girya","Shuriken","Ectoplasm","Omamori","Gremlin Horn","Magic Flower","Unceasing Top","Runic Pyramid","Bottled Flame","Red Mask","Matryoshka","Bag of Marbles","Molten Egg 2","Pen Nib"],"card_choices":[{"not_picked":["Clash","Sword Boomerang","Perfected Strike"],"picked":"SKIP","floor":1},{"not_picked":["Corruption","Ghostly Armor"],"picked":"Headbutt","floor":2},{"not_picked":["Warcry","Sever Soul"],"picked":"Pommel Strike","floor":4},{"not_picked":["Body Slam","Reckless Charge"],"picked":"Spot Weakness","floor":5},{"not_picked":["Perfected Strike","Carnage"],"picked":"Inflame","floor":7},{"not_picked":["Flex","Shrug It Off","Body Slam"],"picked":"SKIP","floor":8},{"not_picked":["True Grit","Blood for Blood"],"picked":"Twin Strike","floor":13},{"not_picked":["Shrug It Off","Wild Strike"],"picked":"Shockwave","floor":14},{"not_picked":["Juggernaut","Berserk"],"picked":"Double Tap","floor":16},{"not_picked":["Anger","Carnage+1","Thunderclap"],"picked":"SKIP","floor":18},{"not_picked":["Clothesline","Perfected Strike","Headbutt"],"picked":"SKIP","floor":19},{"not_picked":["Hemokinesis+1","Body Slam"],"picked":"Pommel Strike+1","floor":21},{"not_picked":["Sword Boomerang","Corruption+1","Twin Strike"],"picked":"SKIP","floor":23},{"not_picked":["Disarm","Bludgeon"],"picked":"Twin Strike+1","floor":25},{"not_picked":["True Grit","Perfected Strike","Reckless Charge+1"],"picked":"SKIP","floor":27},{"not_picked":["Carnage","Wild Strike"],"picked":"Cleave","floor":31},{"not_picked":["Dark Embrace","Offering"],"picked":"Demon Form","floor":33},{"not_picked":["Thunderclap","Bloodletting+1","Wild Strike"],"picked":"SKIP","floor":35},{"not_picked":["Purity","Sadistic Nature"],"picked":"Bandage Up","floor":36},{"not_picked":["Perfected Strike","Battle Trance+1","Bloodletting"],"picked":"SKIP","floor":38},{"not_picked":["Disarm","True Grit+1","Clothesline"],"picked":"SKIP","floor":41},{"not_picked":["Iron Wave+1","Metallicize+1","Bloodletting+1"],"picked":"SKIP","floor":44},{"not_picked":["Warcry+1","Anger+1","Rupture+1"],"picked":"SKIP","floor":45},{"not_picked":["Body Slam+1","Wild Strike+1","Shrug It Off+1"],"picked":"SKIP","floor":47}],"player_experience":29579,"potions_floor_usage":[21,25,31,33,33,38,47,50],"damage_taken":[{"damage":3,"enemies":"Jaw Worm","floor":1,"turns":4},{"damage":1,"enemies":"Cultist","floor":2,"turns":3},{"damage":12,"enemies":"2 Louse","floor":4,"turns":3},{"damage":21,"enemies":"Exordium Wildlife","floor":5,"turns":4},{"damage":6,"enemies":"Blue Slaver","floor":7,"turns":4},{"damage":5,"enemies":"Looter","floor":8,"turns":4},{"damage":18,"enemies":"Lots of Slimes","floor":13,"turns":5},{"damage":11,"enemies":"Red Slaver","floor":14,"turns":3},{"damage":16,"enemies":"Slime Boss","floor":16,"turns":8},{"damage":5,"enemies":"Spheric Guardian","floor":18,"turns":3},{"damage":32,"enemies":"2 Thieves","floor":19,"turns":4},{"damage":28,"enemies":"Chosen and Byrds","floor":21,"turns":5},{"damage":13,"enemies":"Book of Stabbing","floor":23,"turns":5},{"damage":25,"enemies":"Slavers","floor":25,"turns":4},{"damage":0,"enemies":"Snecko","floor":27,"turns":2},{"damage":3,"enemies":"Snake Plant","floor":31,"turns":2},{"damage":36,"enemies":"Champ","floor":33,"turns":6},{"damage":32,"enemies":"3 Shapes","floor":35,"turns":3},{"damage":19,"enemies":"Orb Walker","floor":38,"turns":4},{"damage":13,"enemies":"Giant Head","floor":41,"turns":5},{"damage":53,"enemies":"2 Orb Walkers","floor":44,"turns":5},{"damage":15,"enemies":"Maw","floor":45,"turns":6},{"damage":26,"enemies":"4 Shapes","floor":47,"turns":6},{"damage":72,"enemies":"Time Eater","floor":50,"turns":5}],"relics_obtained":[{"floor":9,"key":"Shuriken"},{"floor":23,"key":"Gremlin Horn"},{"floor":25,"key":"Magic Flower"},{"floor":26,"key":"Unceasing Top"},{"floor":37,"key":"Bottled Flame"},{"floor":41,"key":"Matryoshka"},{"floor":43,"key":"Bag of Marbles"},{"floor":43,"key":"Molten Egg 2"},{"floor":44,"key":"Pen Nib"}],"event_choices":[{"event_name":"Golden Shrine","player_choice":"Pray","floor":3,"damage_taken":0},{"event_name":"Big Fish","player_choice":"Donut","floor":11,"damage_taken":0},{"event_name":"Back to Basics","player_choice":"Simplicity","floor":22,"damage_taken":0},{"event_name":"Drug Dealer","player_choice":"Got JAXXED","floor":28,"damage_taken":0},{"event_name":"Vampires","player_choice":"Ignored","floor":29,"damage_taken":0},{"event_name":"SensoryStone","player_choice":"Memory 1","floor":36,"damage_taken":0},{"event_name":"Tomb of Lord Red Mask","player_choice":"Paid","floor":39,"damage_taken":0},{"event_name":"Golden Shrine","player_choice":"Pray","floor":48,"damage_taken":0}],"boss_relics":[{"not_picked":["Black Blood","Snecko Eye"],"picked":"Ectoplasm"},{"not_picked":["Eternal Feather","Runic Cube"],"picked":"Runic Pyramid"}],"items_purged_floors":[],"potions_floor_spawned":[1,8,14,21,23,31,35,41,45],"seed_played":"-3162334318250119220","killed_by":"Time Eater","ascension_level":0,"potions_obtained":[{"floor":1,"key":"Fire Potion"},{"floor":8,"key":"FearPotion"},{"floor":14,"key":"SpeedPotion"},{"floor":21,"key":"Swift Potion"},{"floor":23,"key":"Strength Potion"},{"floor":31,"key":"BloodPotion"},{"floor":35,"key":"Fruit Juice"},{"floor":41,"key":"Poison Potion"},{"floor":45,"key":"FearPotion"}],"is_trial":false}