{"gold_per_floor":[211,221,19,19,32,32,61,61,61,75,90,120,195,207,207,303,303,314,314,314,314,328,357,372,372,399,425,425,94,114,144,144,246,246,265,365,365,379,394,394,409,409,409,420,60,71,106,120,120,120],"floor_reached":51,"playtime":2134,"items_purged":["Strike_R","Parasite"],"score":1049,"play_id":"d7704493-0f11-4e6b-bfb9-3f29ee19743a","local_time":"20190421230145","is_ascension_mode":true,"campfire_choices":[{"data":"Ghostly Armor","floor":6.0,"key":"SMITH"},{"data":"Heavy Blade","floor":8.0,"key":"SMITH"},{"data":"Shrug It Off","floor":15.0,"key":"SMITH"},{"data":"Heavy Blade","floor":25.0,"key":"SMITH"},{"data":"Ghostly Armor","floor":28.0,"key":"SMITH"},{"data":"Inflame","floor":32.0,"key":"SMITH"},{"data":"Strike_R","floor":40.0,"key":"PURGE"},{"data":"Strike_R","floor":42.0,"key":"PURGE"},{"data":"Strike_R","floor":49,"key":"PURGE"}],"neow_cost":"NONE","seed_source_timestamp":692045528046246,"circlet_count":0,"master_deck":["Strike_R","Defend_R+1","Defend_R+1","Defend_R","Bash","Ghostly Armor+1","Ghostly Armor+1","Heavy Blade+1","Shrug It Off+1","Impervious","Twin Strike","Heavy Blade+1","Metallicize","Inflame+1","Flame Barrier"],"special_seed":0,"relics":["Burning Blood","Brimstone","Pear","Kunai","Bottled Lightning","Velvet Choker","Question Card","War Paint","Omamori","Bag of Marbles","Pantograph","Incense Burner","Calling Bell","Blood Vial","Matryoshka","StoneCalendar","Peace Pipe","Vajra","The Courier","Membership Card","Boot","Mummified Hand"],"potions_floor_usage":[50],"damage_taken":[{"damage":14.0,"enemies":"2 Louse","floor":1.0,"turns":3.0},{"damage":5.0,"enemies":"Cultist","floor":2.0,"turns":4.0},{"damage":14.0,"enemies":"Small Slimes","floor":5.0,"turns":3.0},{"damage":10.0,"enemies":"Gremlin Nob","floor":7.0,"turns":3.0},{"damage":2.0,"enemies":"3 Louse","floor":10.0,"turns":3.0},{"damage":1.0,"enemies":"Exordium Thugs","floor":11.0,"turns":3.0},{"damage":23.0,"enemies":"3 Sentries","floor":12.0,"turns":6.0},{"damage":0.0,"enemies":"Large Slime","floor":14.0,"turns":4.0},{"damage":0.0,"enemies":"Slime Boss","floor":16.0,"turns":7.0},{"damage":0.0,"enemies":"Chosen","floor":18.0,"turns":3.0},{"damage":7.0,"enemies":"Shell Parasite","floor":22.0,"turns":4.0},{"damage":0.0,"enemies":"Gremlin Leader","floor":23.0,"turns":5.0},{"damage":17.0,"enemies":"Snake Plant","floor":24.0,"turns":3.0},{"damage":24.0,"enemies":"Slavers","floor":27.0,"turns":5.0},{"damage":30.0,"enemies":"Centurion and Healer","floor":30.0,"turns":4.0},{"damage":11.0,"enemies":"Gremlin Leader","floor":31.0,"turns":5.0},{"damage":34.0,"enemies":"Collector","floor":33.0,"turns":7.0},{"damage":0.0,"enemies":"3 Shapes","floor":35.0,"turns":4.0},{"damage":3.0,"enemies":"Mind Bloom Boss Battle","floor":36.0,"turns":6.0},{"damage":15.0,"enemies":"3 Darklings","floor":38.0,"turns":4.0},{"damage":7.0,"enemies":"Sphere and 2 Shapes","floor":39.0,"turns":5.0},{"damage":14.0,"enemies":"Spire Growth","floor":41.0,"turns":4.0},{"damage":13.0,"enemies":"4 Shapes","floor":44.0,"turns":6.0},{"damage":3,"enemies":"3 Darklings","floor":46,"turns":6},{"damage":3,"enemies":"Giant Head","floor":47,"turns":7},{"damage":14,"enemies":"Writhing Mass","floor":48,"turns":3},{"damage":29,"enemies":"Time Eater","floor":50,"turns":7}],"seed_played":"5880592721166377079","potions_obtained":[{"floor":5.0,"key":"Ancient Potion"},{"floor":7.0,"key":"Fire Potion"},{"floor":10.0,"key":"Block Potion"},{"floor":11.0,"key":"Poison Potion"},{"floor":18.0,"key":"Strength Potion"},{"floor":30.0,"key":"BloodPotion"},{"floor":31.0,"key":"Energy Potion"},{"floor":33.0,"key":"SpeedPotion"},{"floor":36.0,"key":"EssenceOfSteel"},{"floor":38.0,"key":"Block Potion"},{"floor":41.0,"key":"FearPotion"}],"is_trial":false,"path_per_floor":["M","M","$","?","M","R","E","R","T","M","M","E","?","M","R","B",null,"M","?","T","?","M","E","M","R","T","E","R","$","M","E","R","B",null,"M","?","?","M","M","R","M","R","T","M","$","M","E","M","R","B",null],"character_chosen":"IRONCLAD","items_purchased":["Brimstone","Pantograph","Flame Barrier","Membership Card","Boot"],"campfire_rested":0,"item_purchase_floors":[3,29,45,45,45],"current_hp_per_floor":[72,73,73,73,65,65,71,71,71,75,80,63,52,58,58,64,84,90,72,72,72,71,77,66,66,66,48,48,48,24,28,28,25,78,86,95,90,81,82,82,76,76,76,71,71,76,81,75,75,64],"gold":120,"neow_bonus":"HUNDRED_GOLD","is_prod":false,"is_daily":false,"chose_seed":false,"campfire_upgraded":6,"win_rate":0,"timestamp":1555909305,"path_taken":["M","M","$","?","M","R","E","R","T","M","?","E","?","M","R","BOSS","M","?","?","?","M","E","M","R","T","E","R","$","M","E","R","BOSS","M","?","?","M","M","R","M","R","T","M","$","M","E","M","R","BOSS"],"build_version":"2019-01-23","purchased_purges":2,"victory":true,"max_hp_per_floor":[80,80,80,80,80,80,90,90,90,90,90,90,90,90,90,90,90,90,95,95,95,95,95,95,95,95,95,95,95,95,95,95,95,95,95,95,90,90,90,90,90,90,90,90,87,87,87,87,87,87],"card_choices":[{"not_picked":["Iron Wave","Wild Strike"],"picked":"Ghostly Armor","floor":1.0},{"not_picked":["Sword Boomerang","Headbutt","Flex"],"picked":"SKIP","floor":2.0},{"not_picked":["Clash","Twin Strike"],"picked":"Ghostly Armor","floor":5.0},{"not_picked":["Armaments","Clothesline"],"picked":"Heavy Blade","floor":7.0},{"not_picked":["Wild Strike","Havoc","True Grit"],"picked":"SKIP","floor":10.0},{"not_picked":["Clothesline","Clash","Iron Wave"],"picked":"SKIP","floor":11.0},{"not_picked":["Wild Strike","Anger","Seeing Red"],"picked":"SKIP","floor":12.0},{"not_picked":["Feed","Body Slam"],"picked":"Shrug It Off","floor":14.0},{"not_picked":["Brutality","Limit Break"],"picked":"Impervious","floor":16.0},{"not_picked":["Body Slam+1","Disarm","Feel No Pain"],"picked":"SKIP","floor":18.0},{"not_picked":["Flex","True Grit","Clash+1","Carnage"],"picked":"SKIP","floor":22.0},{"not_picked":["Clothesline","Dropkick","Headbutt"],"picked":"Twin Strike","floor":23.0},{"not_picked":["Pommel Strike+1","Thunderclap","Perfected Strike"],"picked":"Heavy Blade","floor":24.0},{"not_picked":["Rupture","Hemokinesis","Sword Boomerang+1","Rampage+1"],"picked":"SKIP","floor":27.0},{"not_picked":["Juggernaut","Flex","Dual Wield"],"picked":"Metallicize","floor":30.0},{"not_picked":["Headbutt","Warcry","Dual Wield+1"],"picked":"Inflame","floor":31.0},{"not_picked":["Headbutt","Pommel Strike+1","True Grit+1","Iron Wave"],"picked":"SKIP","floor":35.0},{"not_picked":["Ghostly Armor","Entrench","Perfected Strike","Offering"],"picked":"SKIP","floor":38.0},{"not_picked":["Sentinel+1","Thunderclap+1","Infernal Blade+1","Warcry"],"picked":"SKIP","floor":39.0},{"not_picked":["Sentinel+1","Thunderclap","Perfected Strike+1","Cleave+1"],"picked":"SKIP","floor":41.0},{"not_picked":["Body Slam+1","Thunderclap+1","Power Through+1","Pommel Strike+1"],"picked":"SKIP","floor":44.0},{"not_picked":["Thunderclap+1","Carnage","Warcry+1","Body Slam+1"],"picked":"SKIP","floor":46},{"not_picked":["Second Wind","Exhume","Sword Boomerang+1","Juggernaut"],"picked":"SKIP","floor":47},{"not_picked":["Rampage","Fire Breathing+1","Flex+1","Sword Boomerang+1"],"picked":"SKIP","floor":48}],"player_experience":502754,"relics_obtained":[{"floor":7.0,"key":"Pear"},{"floor":9.0,"key":"Kunai"},{"floor":12.0,"key":"Bottled Lightning"},{"floor":20.0,"key":"Question Card"},{"floor":23.0,"key":"War Paint"},{"floor":26.0,"key":"Omamori"},{"floor":27.0,"key":"Bag of Marbles"},{"floor":31.0,"key":"Incense Burner"},{"floor":34.0,"key":"Blood Vial"},{"floor":34.0,"key":"Matryoshka"},{"floor":34.0,"key":"StoneCalendar"},{"floor":36.0,"key":"Peace Pipe"},{"floor":43.0,"key":"Vajra"},{"floor":43.0,"key":"The Courier"},{"floor":47,"key":"Mummified Hand"}],"event_choices":[{"cards_removed":["Defend_R"],"damage_healed":0.0,"max_hp_gain":0.0,"max_hp_loss":0.0,"gold_gain":0.0,"event_name":"Purifier","player_choice":"Purged","floor":4.0,"gold_loss":0.0,"damage_taken":0.0},{"damage_healed":0.0,"max_hp_gain":0.0,"max_hp_loss":0.0,"gold_gain":75.0,"event_name":"World of Goop","player_choice":"Gather Gold","floor":13.0,"gold_loss":0.0,"damage_taken":11.0},{"damage_healed":0.0,"max_hp_gain":5.0,"max_hp_loss":0.0,"gold_gain":0.0,"event_name":"Forgotten Altar","player_choice":"Shed Blood","floor":19.0,"gold_loss":0.0,"damage_taken":23.0},{"damage_healed":0.0,"max_hp_gain":0.0,"max_hp_loss":0.0,"gold_gain":0.0,"event_name":"The Mausoleum","player_choice":"Ignored","floor":21.0,"gold_loss":0.0,"damage_taken":0.0},{"damage_healed":0.0,"max_hp_gain":0.0,"max_hp_loss":0.0,"gold_gain":0.0,"event_name":"MindBloom","player_choice":"Fight","floor":36.0,"gold_loss":0.0,"damage_taken":0.0},{"damage_healed":0.0,"max_hp_gain":0.0,"max_hp_loss":5.0,"gold_gain":0.0,"event_name":"Winding Halls","player_choice":"Max HP","floor":37.0,"gold_loss":0.0,"damage_taken":0.0}],"is_beta":false,"boss_relics":[{"not_picked":["Busted Crown","Snecko Eye"],"picked":"Velvet Choker"},{"not_picked":["Runic Cube","Runic Dome"],"picked":"Calling Bell"}],"items_purged_floors":[29,45],"is_endless":false,"potions_floor_spawned":[5,7,10,11,12,18,30,31,33,36,38,41,46],"ascension_level":5}