{"gold_per_floor":[111,126,139,89,150,176,193,173,173,173,191,191,222,239,239,342,342,357,374,374,392,408,408,439,439,439,439,466,466,477,392,392,488,488,507,97,97,0,0,0,17,17,17,44,44,54,54,85,85,85],"floor_reached":51,"playtime":2839,"items_purged":["Strike_B"],"score":1114,"play_id":"ea5686de-dc9b-4e80-86ef-d9e95c4002f6","local_time":"20190605125822","is_ascension_mode":true,"campfire_choices":[{"data":"Buffer","floor":10.0,"key":"SMITH"},{"data":"Defragment","floor":12.0,"key":"SMITH"},{"data":"Zap","floor":15.0,"key":"SMITH"},{"data":"Self Repair","floor":23.0,"key":"SMITH"},{"data":"Dualcast","floor":25.0,"key":"SMITH"},{"floor":29,"key":"REST"},{"data":"Coolheaded","floor":32,"key":"SMITH"},{"data":"Sweeping Beam","floor":40,"key":"SMITH"},{"data":"Conserve Battery","floor":42,"key":"SMITH"},{"data":"Defend_B","floor":49,"key":"SMITH"}],"neow_cost":"TEN_PERCENT_HP_LOSS","seed_source_timestamp":406049064884511,"circlet_count":0,"master_deck":["Defend_B","Defend_B+1","Zap+1","Dualcast+1","Melter+1","Sweeping Beam+1","Buffer+1","Conserve Battery+1","Coolheaded+1","Defragment+1","Cold Snap+1","Self Repair+1","Compile Driver+1","Master of Strategy+1"],"special_seed":0,"relics":["Cracked Core","Meat on the Bone","StoneCalendar","Peace Pipe","Busted Crown","Bottled Flame","Thread and Needle","Toxic Egg 2","Bottled Lightning","Frozen Egg 2","Velvet Choker","Whetstone","Red Mask","Ornamental Fan","Mango","Omamori","Molten Egg 2"],"potions_floor_usage":[28,28,28,46,50,50,50],"damage_taken":[{"damage":7.0,"enemies":"Small Slimes","floor":1.0,"turns":4.0},{"damage":0.0,"enemies":"2 Louse","floor":2.0,"turns":2.0},{"damage":1.0,"enemies":"Cultist","floor":3.0,"turns":3.0},{"damage":16.0,"enemies":"Gremlin Nob","floor":6.0,"turns":4.0},{"damage":10.0,"enemies":"Gremlin Gang","floor":7.0,"turns":5.0},{"damage":0.0,"enemies":"Large Slime","floor":11.0,"turns":4.0},{"damage":0.0,"enemies":"3 Sentries","floor":13.0,"turns":7.0},{"damage":6.0,"enemies":"3 Louse","floor":14.0,"turns":3.0},{"damage":0.0,"enemies":"The Guardian","floor":16.0,"turns":10.0},{"damage":8.0,"enemies":"3 Byrds","floor":18.0,"turns":5.0},{"damage":6.0,"enemies":"Shell Parasite","floor":19.0,"turns":5.0},{"damage":0.0,"enemies":"Cultist and Chosen","floor":21.0,"turns":7.0},{"damage":1.0,"enemies":"Snecko","floor":22.0,"turns":7.0},{"damage":35.0,"enemies":"Gremlin Leader","floor":24.0,"turns":8.0},{"damage":36,"enemies":"Slavers","floor":28,"turns":5},{"damage":0,"enemies":"Snake Plant","floor":30,"turns":5},{"damage":30,"enemies":"Automaton","floor":33,"turns":12},{"damage":21,"enemies":"3 Shapes","floor":35,"turns":6},{"damage":27,"enemies":"3 Darklings","floor":41,"turns":4},{"damage":35,"enemies":"Giant Head","floor":44,"turns":9},{"damage":0,"enemies":"Sphere and 2 Shapes","floor":46,"turns":5},{"damage":0,"enemies":"Reptomancer","floor":48,"turns":8},{"damage":26,"enemies":"Awakened One","floor":50,"turns":18}],"seed_played":"8664414135516217240","potions_obtained":[{"floor":1.0,"key":"FocusPotion"},{"floor":8.0,"key":"AttackPotion"},{"floor":11.0,"key":"EssenceOfSteel"},{"floor":13.0,"key":"GamblersBrew"},{"floor":16.0,"key":"SteroidPotion"},{"floor":24.0,"key":"FocusPotion"},{"floor":30,"key":"LiquidBronze"},{"floor":33,"key":"LiquidBronze"},{"floor":44,"key":"Fruit Juice"},{"floor":46,"key":"Dexterity Potion"}],"is_trial":false,"path_per_floor":["M","M","M","?","?","E","M","?","T","R","M","R","E","M","R","B",null,"M","M","T","M","M","R","E","R","T","?","E","R","M","?","R","B",null,"M","$","?","?","?","R","M","R","T","E","T","M","$","E","R","B",null],"character_chosen":"DEFECT","items_purchased":["Whetstone","Master of Strategy+1"],"campfire_rested":1,"item_purchase_floors":[36,36],"current_hp_per_floor":[61,61,60,60,60,44,46,46,46,46,46,46,46,40,40,47,68,67,68,68,68,68,68,55,55,55,43,19,40,50,50,50,42,73,62,62,62,62,62,62,57,57,57,58,58,73,73,83,83,67],"gold":85,"neow_bonus":"REMOVE_TWO","is_prod":false,"is_daily":false,"chose_seed":false,"campfire_upgraded":9,"win_rate":0,"timestamp":1559761102,"path_taken":["M","M","M","?","?","E","M","?","T","R","M","R","E","M","R","BOSS","M","M","?","?","M","R","E","R","T","?","E","R","M","?","R","BOSS","M","$","?","?","?","R","?","R","T","E","?","M","?","E","R","BOSS"],"build_version":"2019-01-23","purchased_purges":1,"victory":true,"max_hp_per_floor":[68,68,68,68,68,68,68,68,68,68,68,68,68,68,68,68,68,68,68,68,68,68,68,68,68,68,73,73,73,73,73,73,73,73,73,73,73,73,73,73,73,73,73,87,87,92,92,92,92,92],"card_choices":[{"not_picked":["Stack","Compile Driver"],"picked":"Melter","floor":1.0},{"not_picked":["Go for the Eyes","Lockon"],"picked":"Sweeping Beam","floor":2.0},{"not_picked":["Beam Cell","Hologram"],"picked":"Buffer","floor":3.0},{"not_picked":["Compile Driver","Recycle"],"picked":"Conserve Battery","floor":6.0},{"not_picked":["Blizzard","Go for the Eyes"],"picked":"Coolheaded","floor":7.0},{"not_picked":["Rebound","Beam Cell"],"picked":"Defragment","floor":11.0},{"not_picked":["Rebound","Fission"],"picked":"Cold Snap","floor":13.0},{"not_picked":["Beam Cell","Redo"],"picked":"Self Repair","floor":14.0},{"not_picked":["Lockon+1"],"picked":"SKIP","floor":18.0},{"not_picked":["Ball Lightning"],"picked":"SKIP","floor":19.0},{"not_picked":["Beam Cell"],"picked":"SKIP","floor":21.0},{"not_picked":["Cold Snap"],"picked":"SKIP","floor":22.0},{"not_picked":[],"picked":"Compile Driver+1","floor":24.0},{"not_picked":["Barrage"],"picked":"SKIP","floor":28},{"not_picked":["Streamline"],"picked":"SKIP","floor":30},{"not_picked":["White Noise+1"],"picked":"SKIP","floor":35},{"not_picked":["Streamline"],"picked":"SKIP","floor":41},{"not_picked":["Cold Snap"],"picked":"SKIP","floor":44},{"not_picked":["Fusion+1"],"picked":"SKIP","floor":46},{"not_picked":["Undo+1"],"picked":"SKIP","floor":48}],"player_experience":675628,"relics_obtained":[{"floor":6.0,"key":"Meat on the Bone"},{"floor":9.0,"key":"StoneCalendar"},{"floor":13.0,"key":"Peace Pipe"},{"floor":20.0,"key":"Bottled Flame"},{"floor":24.0,"key":"Thread and Needle"},{"floor":26.0,"key":"Toxic Egg 2"},{"floor":28,"key":"Bottled Lightning"},{"floor":43,"key":"Ornamental Fan"},{"floor":44,"key":"Mango"},{"floor":45,"key":"Omamori"},{"floor":48,"key":"Molten Egg 2"}],"event_choices":[{"cards_removed":["Strike_B"],"damage_healed":0.0,"max_hp_gain":0.0,"max_hp_loss":0.0,"gold_gain":0.0,"event_name":"The Cleric","player_choice":"Card Removal","floor":4.0,"gold_loss":50.0,"damage_taken":0.0},{"damage_healed":0.0,"max_hp_gain":0.0,"max_hp_loss":0.0,"gold_gain":61.0,"event_name":"Golden Wing","player_choice":"Gained Gold","floor":5.0,"gold_loss":0.0,"damage_taken":0.0},{"damage_healed":0.0,"max_hp_gain":0.0,"max_hp_loss":0.0,"gold_gain":0.0,"event_name":"The Woman in Blue","player_choice":"Bought 1 Potion","floor":8.0,"gold_loss":0.0,"damage_taken":0.0},{"damage_healed":0.0,"max_hp_gain":5.0,"max_hp_loss":0.0,"gold_gain":0.0,"event_name":"Forgotten Altar","player_choice":"Shed Blood","floor":27.0,"gold_loss":0.0,"damage_taken":17.0},{"damage_healed":0,"gold_gain":0,"player_choice":"Obtained Relic","damage_taken":0,"relics_obtained":["Frozen Egg 2"],"max_hp_gain":0,"max_hp_loss":0,"event_name":"Addict","floor":31,"gold_loss":85},{"cards_removed":["Strike_B"],"damage_healed":0,"gold_gain":0,"player_choice":"Removed Attack","damage_taken":0,"max_hp_gain":0,"max_hp_loss":0,"event_name":"Falling","floor":37,"gold_loss":0},{"damage_healed":0,"gold_gain":0,"player_choice":"Paid","damage_taken":0,"relics_obtained":["Red Mask"],"max_hp_gain":0,"max_hp_loss":0,"event_name":"Tomb of Lord Red Mask","floor":38,"gold_loss":97},{"cards_removed":["Defend_B"],"damage_healed":0,"gold_gain":0,"player_choice":"Offered Basic","damage_taken":0,"max_hp_gain":0,"max_hp_loss":0,"event_name":"Bonfire Elementals","floor":39,"gold_loss":0}],"is_beta":false,"boss_relics":[{"not_picked":["Astrolabe","Empty Cage"],"picked":"Busted Crown"},{"not_picked":["Cursed Key","Calling Bell"],"picked":"Velvet Choker"}],"items_purged_floors":[36],"is_endless":false,"potions_floor_spawned":[1,11,13,16,19,24,30,33,44,46],"ascension_level":4}