{"gold_per_floor":[219,219,219,143,143,143,108,139,139,165,183,193,66,94,94,94],"floor_reached":16,"playtime":713,"items_purged":["Strike_G"],"score":174,"play_id":"c3243788-63fa-49c4-8702-31b3479156c1","local_time":"20190606142849","is_ascension_mode":true,"campfire_choices":[{"floor":6.0,"key":"REST"},{"floor":15,"key":"REST"}],"neow_cost":"NONE","seed_source_timestamp":4370447453879563,"circlet_count":0,"master_deck":["AscendersBane","Defend_G","Defend_G+1","Defend_G","Defend_G","Defend_G","Strike_G","Strike_G","Strike_G","Strike_G","Survivor+1","Neutralize","Infinite Blades+1","Flying Knee","Dagger Spray","Cloak And Dagger","Quick Slash","Backflip","Leg Sweep"],"special_seed":0,"relics":["Ring of the Snake","Question Card","Bag of Marbles","Dodecahedron","Lantern","Juzu Bracelet"],"potions_floor_usage":[14,16,16],"damage_taken":[{"damage":0.0,"enemies":"2 Louse","floor":1.0,"turns":3.0},{"damage":37.0,"enemies":"3 Sentries","floor":8.0,"turns":11.0},{"damage":28.0,"enemies":"Gremlin Nob","floor":10.0,"turns":4.0},{"damage":0,"enemies":"Small Slimes","floor":11,"turns":3},{"damage":1,"enemies":"Jaw Worm","floor":12,"turns":2},{"damage":1,"enemies":"Lagavulin","floor":14,"turns":5},{"damage":45,"enemies":"Slime Boss","floor":16,"turns":7}],"seed_played":"-601142389621448617","potions_obtained":[{"floor":1.0,"key":"Regen Potion"},{"floor":11,"key":"SkillPotion"},{"floor":12,"key":"Energy Potion"}],"is_trial":false,"path_per_floor":["M","?","?","$","?","R","?","E","T","E","M","M","$","E","R","B"],"character_chosen":"THE_SILENT","items_purchased":["Flying Knee","Poison Potion","Poison Potion"],"campfire_rested":2,"item_purchase_floors":[4,4,13],"current_hp_per_floor":[63,49,49,49,37,58,70,48,48,20,20,19,19,18,39,0],"gold":94,"neow_bonus":"HUNDRED_GOLD","is_prod":false,"is_daily":false,"chose_seed":false,"campfire_upgraded":0,"win_rate":0,"timestamp":1559845729,"path_taken":["M","?","?","$","?","R","?","E","T","E","?","M","$","E","R","BOSS"],"build_version":"2019-01-23","purchased_purges":1,"victory":false,"max_hp_per_floor":[70,70,70,70,70,70,70,70,70,70,70,70,70,70,70,70],"card_choices":[{"not_picked":["Accuracy","Finisher"],"picked":"Infinite Blades","floor":1.0},{"not_picked":["Dodge and Roll","Expertise","Reflex"],"picked":"Dagger Spray","floor":8.0},{"not_picked":["Skewer","Expertise","Eviscerate"],"picked":"Cloak And Dagger","floor":10.0},{"not_picked":["Backflip","Catalyst","Calculated Gamble"],"picked":"Quick Slash","floor":11},{"not_picked":["Dagger Throw","Poisoned Stab","Prepared"],"picked":"Backflip","floor":12},{"not_picked":["Doppelganger","Accuracy","Night Terror"],"picked":"Leg Sweep","floor":14}],"player_experience":185247,"relics_obtained":[{"floor":8.0,"key":"Bag of Marbles"},{"floor":9.0,"key":"Dodecahedron"},{"floor":10.0,"key":"Lantern"},{"floor":14,"key":"Juzu Bracelet"}],"event_choices":[{"damage_healed":0.0,"max_hp_gain":0.0,"max_hp_loss":0.0,"gold_gain":0.0,"event_name":"Shining Light","player_choice":"Entered Light","floor":2.0,"gold_loss":0.0,"damage_taken":14.0,"cards_upgraded":["Defend_G","Survivor"]},{"damage_healed":0.0,"max_hp_gain":0.0,"max_hp_loss":0.0,"gold_gain":0.0,"event_name":"Living Wall","player_choice":"Grow","floor":3.0,"gold_loss":0.0,"damage_taken":0.0,"cards_upgraded":["Infinite Blades"]},{"damage_healed":0.0,"max_hp_gain":0.0,"max_hp_loss":0.0,"gold_gain":0.0,"event_name":"Scrap Ooze","player_choice":"Success","floor":5.0,"gold_loss":0.0,"damage_taken":12.0,"relics_obtained":["Question Card"]},{"damage_healed":17.0,"max_hp_gain":0.0,"max_hp_loss":0.0,"gold_gain":0.0,"event_name":"The Cleric","player_choice":"Healed","floor":7.0,"gold_loss":35.0,"damage_taken":0.0}],"is_beta":false,"boss_relics":[],"items_purged_floors":[13],"is_endless":false,"potions_floor_spawned":[1,11,12],"killed_by":"Slime Boss","ascension_level":10}