{"gold_per_floor":[119,134,145,155,171,171,136,136,136,150,150,150,65,86,86,182,182,196,219,219],"floor_reached":20,"playtime":1082,"items_purged":[],"score":328,"play_id":"fe533889-af87-463e-8331-db5e05bef0e1","local_time":"20190330234700","is_ascension_mode":true,"campfire_choices":[{"floor":6,"key":"REST"},{"data":"Predator","floor":8,"key":"SMITH"},{"data":"Neutralize","floor":12,"key":"SMITH"},{"data":"Well Laid Plans","floor":15,"key":"SMITH"}],"neow_cost":"NONE","seed_source_timestamp":181860364105154,"circlet_count":0,"master_deck":["AscendersBane","Defend_G","Defend_G","Defend_G","Defend_G","Defend_G","Strike_G","Strike_G","Strike_G","Strike_G","Strike_G","Survivor","Neutralize+1","Quick Slash","Predator+1","Deflect","Well Laid Plans+1","Venomology","Escape Plan"],"relics":["Ring of the Snake","Gremlin Horn","Golden Idol","Coffee Dripper"],"potions_floor_usage":[5,16,16,18,18,19,19,20],"damage_taken":[{"damage":0,"enemies":"2 Louse","floor":1,"turns":2},{"damage":21,"enemies":"Jaw Worm","floor":2,"turns":10},{"damage":4,"enemies":"Small Slimes","floor":3,"turns":3},{"damage":12,"enemies":"Looter","floor":4,"turns":4},{"damage":17,"enemies":"Large Slime","floor":5,"turns":5},{"damage":2,"enemies":"2 Fungi Beasts","floor":10,"turns":3},{"damage":6,"enemies":"Looter","floor":14,"turns":3},{"damage":5,"enemies":"The Guardian","floor":16,"turns":13},{"damage":35,"enemies":"3 Byrds","floor":18,"turns":9},{"damage":10,"enemies":"Spheric Guardian","floor":19,"turns":4},{"damage":15,"enemies":"3 Cultists","floor":20,"turns":4}],"seed_played":"-4163437032160592310","potions_obtained":[{"floor":0,"key":"LiquidBronze"},{"floor":0,"key":"Poison Potion"},{"floor":5,"key":"AttackPotion"},{"floor":10,"key":"Dexterity Potion"},{"floor":16,"key":"Swift Potion"},{"floor":18,"key":"Fire Potion"}],"is_trial":false,"path_per_floor":["M","M","M","M","M","R","?","R","T","M","?","R","$","M","R","B",null,"M","M","M"],"character_chosen":"THE_SILENT","items_purchased":["Well Laid Plans"],"campfire_rested":1,"item_purchase_floors":[13],"current_hp_per_floor":[59,38,34,22,5,24,40,40,40,38,38,38,38,32,32,27,52,17,7,0],"gold":219,"neow_bonus":"THREE_SMALL_POTIONS","is_prod":false,"is_daily":false,"chose_seed":false,"campfire_upgraded":3,"win_rate":0,"timestamp":1554011220,"path_taken":["M","M","M","M","M","R","?","R","T","M","?","R","$","M","R","BOSS","M","M","M"],"build_version":"2019-01-23","purchased_purges":0,"victory":false,"max_hp_per_floor":[66,66,66,66,66,66,66,66,66,66,60,60,60,60,60,60,60,60,60,60],"card_choices":[{"not_picked":["Setup","Outmaneuver","Bouncing Flask"],"picked":"SKIP","floor":1},{"not_picked":["Bane","Accuracy","Deadly Poison"],"picked":"SKIP","floor":2},{"not_picked":["Deflect","Dagger Throw"],"picked":"Quick Slash","floor":3},{"not_picked":["Leg Sweep","Concentrate"],"picked":"Predator","floor":4},{"not_picked":["Reflex","Quick Slash","Slice"],"picked":"SKIP","floor":5},{"not_picked":["Infinite Blades","Deadly Poison"],"picked":"Deflect","floor":10},{"not_picked":["Underhanded Strike","Predator","Catalyst"],"picked":"SKIP","floor":14},{"not_picked":["Glass Knife","Corpse Explosion"],"picked":"Venomology","floor":16},{"not_picked":["Deflect","Dodge and Roll","Deadly Poison"],"picked":"SKIP","floor":18},{"not_picked":["Masterful Stab+1","Crippling Poison"],"picked":"Escape Plan","floor":19}],"player_experience":374442,"relics_obtained":[{"floor":9,"key":"Gremlin Horn"}],"event_choices":[{"damage_healed":16,"gold_gain":0,"player_choice":"Healed","damage_taken":0,"max_hp_gain":0,"max_hp_loss":0,"event_name":"The Cleric","floor":7,"gold_loss":35},{"damage_healed":0,"gold_gain":0,"player_choice":"Lose Max HP","damage_taken":0,"relics_obtained":["Golden Idol"],"max_hp_gain":0,"max_hp_loss":6,"event_name":"Golden Idol","floor":11,"gold_loss":0}],"is_beta":false,"boss_relics":[{"not_picked":["Eternal Feather","Orrery"],"picked":"Coffee Dripper"}],"items_purged_floors":[],"is_endless":false,"potions_floor_spawned":[2,5,10,16,18],"killed_by":"3 Cultists","ascension_level":19}