{"path_per_floor":["M","?","M","?","M","E","R","M","T","R","M","?","M","M","R","B",null,"M","?"],"character_chosen":"THE_SILENT","items_purchased":[],"gold_per_floor":[115,115,125,125,138,177,177,191,245,245,261,261,282,302,302,423,423,438,438,438],"floor_reached":20,"campfire_rested":3,"playtime":2531,"current_hp_per_floor":[69,69,69,69,62,9,30,28,28,49,51,51,53,52,70,48,70,16,16,0],"items_purged":[],"gold":438,"score":175,"play_id":"c2e19237-2e80-4276-8a9c-13247cfb2493","local_time":"20180521142031","is_prod":false,"is_daily":false,"chose_seed":false,"is_ascension_mode":false,"campfire_upgraded":0,"timestamp":1526876431,"campfire_choices":[{"floor":7,"key":"REST"},{"floor":10,"key":"REST"},{"floor":15,"key":"REST"}],"path_taken":["M","?","M","?","M","E","R","M","T","R","?","?","M","M","R","BOSS","M","?","?"],"build_version":"2018-05-17","seed_source_timestamp":17171586886746,"purchased_purges":0,"victory":false,"master_deck":["Defend_G","Defend_G","Defend_G","Defend_G","Defend_G","Strike_G","Strike_G","Strike_G","Strike_G","Strike_G","Survivor","Neutralize","Finisher+1","Blur","Underhanded Strike","Tools of the Trade","Dagger Spray","PiercingWail","Deflect","Deadly Poison","Wraith Form v2","Malaise","Writhe"],"max_hp_per_floor":[70,70,70,70,70,70,70,70,70,70,70,70,70,70,70,70,70,70,70,70],"relics":["Ring of the Snake","Golden Idol","Paper Crane","Blood Vial","Spirit Poop","Velvet Choker","Pen Nib"],"card_choices":[{"not_picked":["Malaise","Blade Dance"],"picked":"Finisher","floor":1},{"not_picked":["Dodge and Roll","Reflex"],"picked":"Blur","floor":3},{"not_picked":["Backflip","Deflect"],"picked":"Underhanded Strike","floor":5},{"not_picked":["Underhanded Strike","Deflect"],"picked":"Tools of the Trade","floor":6},{"not_picked":["Leg Sweep","Slice"],"picked":"Dagger Spray","floor":8},{"not_picked":["All Out Attack","Finisher"],"picked":"PiercingWail","floor":11},{"not_picked":["Finisher","Masterful Stab"],"picked":"Deflect","floor":13},{"not_picked":["Flying Knee","Riddle With Holes"],"picked":"Deadly Poison","floor":14},{"not_picked":["Adrenaline","Tactician"],"picked":"Wraith Form v2","floor":16},{"not_picked":["PiercingWail","Deadly Poison"],"picked":"Malaise","floor":18}],"player_experience":2545,"potions_floor_usage":[5,6,16,16],"damage_taken":[{"damage":1,"enemies":"2 Louse","floor":1,"turns":5},{"damage":0,"enemies":"Cultist","floor":3,"turns":3},{"damage":7,"enemies":"Small Slimes","floor":5,"turns":3},{"damage":53,"enemies":"Gremlin Nob","floor":6,"turns":7},{"damage":2,"enemies":"Blue Slaver","floor":8,"turns":4},{"damage":0,"enemies":"Large Slime","floor":11,"turns":6},{"damage":0,"enemies":"Red Slaver","floor":13,"turns":2},{"damage":3,"enemies":"2 Fungi Beasts","floor":14,"turns":3},{"damage":22,"enemies":"Hexaghost","floor":16,"turns":14},{"damage":54,"enemies":"Shell Parasite","floor":18,"turns":10},{"damage":21,"enemies":"Spheric Guardian","floor":20,"turns":5}],"relics_obtained":[{"floor":6,"key":"Paper Crane"},{"floor":9,"key":"Blood Vial"}],"event_choices":[{"event_name":"Upgrade Shrine","player_choice":"Upgraded","floor":2,"damage_taken":0},{"event_name":"Golden Idol","player_choice":"Take Wound","floor":4,"damage_taken":0},{"event_name":"Bonfire Elementals","player_choice":"CURSE","floor":12,"damage_taken":0},{"event_name":"The Mausoleum","player_choice":"Yes","floor":19,"damage_taken":0}],"boss_relics":[{"not_picked":["Cursed Key","Ectoplasm"],"picked":"Velvet Choker"}],"potions_floor_spawned":[1,5,8,13],"seed_played":"5325253573129361744","killed_by":"Spheric Guardian","ascension_level":0,"potions_obtained":[{"floor":1,"key":"Poison Potion"},{"floor":5,"key":"Dexterity Potion"},{"floor":8,"key":"Explosive Potion"},{"floor":13,"key":"SteroidPotion"}],"is_trial":false}