{"gold_per_floor":[117,117,117,135,146,176,176,210,210,226,242,267,285,314,314,418,418,434,434,349,349,365,365,378,378,378,378,389,389,399,399],"floor_reached":31,"playtime":1310,"items_purged":[],"score":320,"play_id":"8f14268b-8576-429a-9655-3d6debea9e5b","local_time":"20181028212903","is_ascension_mode":true,"campfire_choices":[{"floor":7,"key":"REST"},{"floor":15,"key":"REST"},{"data":"Demon Form","floor":23,"key":"SMITH"},{"floor":25,"key":"REST"},{"floor":27,"key":"REST"}],"neow_cost":"PERCENT_DAMAGE","seed_source_timestamp":41506704558321,"circlet_count":0,"master_deck":["Strike_R","Strike_R","Strike_R","Strike_R","Strike_R","Defend_R","Defend_R","Defend_R","Defend_R","Bash","Ghostly Armor","Disarm","Thunderclap","Pommel Strike","Shrug It Off","Warcry","Demon Form+1","Rampage","Rage","Impervious","Feel No Pain+1","Headbutt","Armaments"],"relics":["Burning Blood","Incense Burner","Kunai","Ornamental Fan","Lantern","Matryoshka","Ancient Tea Set","Potion Belt","Philosopher\u0027s Stone","Mercury Hourglass","GremlinMask","Regal Pillow","Unceasing Top","MutagenicStrength"],"potions_floor_usage":[6,11,12,14,30,31],"damage_taken":[{"damage":3,"enemies":"Jaw Worm","floor":1,"turns":4},{"damage":0,"enemies":"2 Louse","floor":4,"turns":3},{"damage":8,"enemies":"Cultist","floor":5,"turns":5},{"damage":30,"enemies":"3 Sentries","floor":6,"turns":11},{"damage":14,"enemies":"Gremlin Nob","floor":8,"turns":5},{"damage":5,"enemies":"Blue Slaver","floor":10,"turns":5},{"damage":15,"enemies":"Exordium Thugs","floor":11,"turns":7},{"damage":13,"enemies":"3 Sentries","floor":12,"turns":11},{"damage":3,"enemies":"3 Louse","floor":13,"turns":3},{"damage":26,"enemies":"Lagavulin","floor":14,"turns":5},{"damage":16,"enemies":"The Guardian","floor":16,"turns":11},{"damage":20,"enemies":"Shell Parasite","floor":18,"turns":7},{"damage":35,"enemies":"3 Byrds","floor":22,"turns":6},{"damage":31,"enemies":"Snake Plant","floor":24,"turns":5},{"damage":19,"enemies":"Shelled Parasite and Fungi","floor":28,"turns":5},{"damage":20,"enemies":"3 Cultists","floor":30,"turns":5},{"damage":56,"enemies":"Slavers","floor":31,"turns":3}],"seed_played":"6111887167242666383","potions_obtained":[{"floor":4,"key":"SkillPotion"},{"floor":6,"key":"Energy Potion"},{"floor":11,"key":"Regen Potion"},{"floor":13,"key":"Fire Potion"},{"floor":18,"key":"Swift Potion"},{"floor":24,"key":"Energy Potion"},{"floor":30,"key":"FearPotion"}],"is_trial":false,"path_per_floor":["M","?","?","M","M","E","R","E","T","M","M","E","M","E","R","B",null,"M","?","?","?","M","R","M","R","T","R","M","?","M"],"character_chosen":"IRONCLAD","items_purchased":[],"campfire_rested":4,"item_purchase_floors":[],"current_hp_per_floor":[59,56,56,62,60,36,60,52,52,53,44,52,55,35,59,49,80,66,66,66,66,37,37,12,36,36,75,62,62,48,0],"gold":399,"neow_bonus":"ONE_RARE_RELIC","is_prod":false,"is_daily":false,"chose_seed":false,"campfire_upgraded":1,"win_rate":0,"timestamp":1540722543,"path_taken":["M","?","?","M","?","E","R","E","T","M","M","E","M","E","R","BOSS","M","?","?","?","?","R","M","R","T","R","M","?","M","E"],"build_version":"2018-10-25v2","purchased_purges":0,"victory":false,"max_hp_per_floor":[80,80,80,80,80,80,80,80,80,80,80,80,80,80,80,80,80,80,80,80,80,80,80,80,80,80,80,80,80,80,80],"card_choices":[{"not_picked":["Warcry","Sword Boomerang"],"picked":"Ghostly Armor","floor":1},{"not_picked":["True Grit","Clash"],"picked":"Disarm","floor":4},{"not_picked":["Corruption","Intimidate"],"picked":"Thunderclap","floor":5},{"not_picked":["Ghostly Armor","Sword Boomerang"],"picked":"Pommel Strike","floor":6},{"not_picked":["Seeing Red","Hemokinesis"],"picked":"Shrug It Off","floor":8},{"not_picked":["Heavy Blade","Thunderclap"],"picked":"Warcry","floor":10},{"not_picked":["Shrug It Off","Sentinel"],"picked":"Demon Form","floor":11},{"not_picked":["Iron Wave","Cleave"],"picked":"Rampage","floor":12},{"not_picked":["Dual Wield","Rampage","Bloodletting"],"picked":"SKIP","floor":13},{"not_picked":["Evolve","Havoc"],"picked":"Rage","floor":14},{"not_picked":["Berserk","Fiend Fire"],"picked":"Impervious","floor":16},{"not_picked":["Shrug It Off","Sword Boomerang"],"picked":"Feel No Pain+1","floor":18},{"not_picked":["Body Slam","Thunderclap","Bludgeon"],"picked":"SKIP","floor":22},{"not_picked":["Havoc","Clash","Perfected Strike"],"picked":"SKIP","floor":24},{"not_picked":["Uppercut","Entrench"],"picked":"Headbutt","floor":28},{"not_picked":["Clothesline","Dropkick"],"picked":"Armaments","floor":30}],"player_experience":131843,"relics_obtained":[{"floor":6,"key":"Ornamental Fan"},{"floor":8,"key":"Lantern"},{"floor":9,"key":"Matryoshka"},{"floor":12,"key":"Ancient Tea Set"},{"floor":14,"key":"Potion Belt"},{"floor":26,"key":"Regal Pillow"},{"floor":26,"key":"Unceasing Top"}],"event_choices":[{"damage_healed":0,"gold_gain":0,"player_choice":"Success","damage_taken":3,"relics_obtained":["Kunai"],"max_hp_gain":0,"max_hp_loss":0,"event_name":"Scrap Ooze","floor":2,"gold_loss":0},{"damage_healed":0,"gold_gain":0,"player_choice":"Ignored","damage_taken":0,"max_hp_gain":0,"max_hp_loss":0,"event_name":"Golden Wing","floor":3,"gold_loss":0},{"damage_healed":0,"gold_gain":0,"player_choice":"Ignored","damage_taken":0,"max_hp_gain":0,"max_hp_loss":0,"event_name":"Ghosts","floor":19,"gold_loss":0},{"damage_healed":0,"gold_gain":0,"player_choice":"Obtained Relic","damage_taken":0,"relics_obtained":["Mercury Hourglass"],"max_hp_gain":0,"max_hp_loss":0,"event_name":"Addict","floor":20,"gold_loss":85},{"damage_healed":0,"gold_gain":0,"player_choice":"Trade","damage_taken":0,"relics_obtained":["GremlinMask"],"max_hp_gain":0,"max_hp_loss":0,"event_name":"FaceTrader","floor":21,"gold_loss":0},{"damage_healed":0,"gold_gain":0,"player_choice":"Inject Mutagens","damage_taken":0,"relics_obtained":["MutagenicStrength"],"max_hp_gain":0,"max_hp_loss":0,"event_name":"Drug Dealer","floor":29,"gold_loss":0}],"is_beta":true,"boss_relics":[{"not_picked":["Eternal Feather","Astrolabe"],"picked":"Philosopher\u0027s Stone"}],"items_purged_floors":[],"is_endless":false,"potions_floor_spawned":[4,6,11,13,18,24,30],"killed_by":"Slavers","ascension_level":4}