{"path_per_floor":["M","?","M","M","M","R","E","?","T","R","?","M","T","M","R","B",null,"M","M","?","M","M","R"],"character_chosen":"DEFECT","items_purchased":[],"gold_per_floor":[117,117,137,162,175,175,219,219,245,245,210,231,231,249,249,374,374,392,417,417,437,451,451,451],"floor_reached":24,"campfire_rested":0,"playtime":1948,"item_purchase_floors":[],"current_hp_per_floor":[75,75,67,66,59,59,43,36,36,36,54,48,48,46,46,40,75,75,70,70,42,41,41,0],"items_purged":[],"gold":451,"score":200,"play_id":"9ef4b944-c909-48ec-89df-2315f4615380","local_time":"20180529105824","is_prod":false,"is_daily":false,"chose_seed":false,"is_ascension_mode":false,"campfire_upgraded":4,"win_rate":0.0,"timestamp":1527555504,"campfire_choices":[{"data":"Defragment","floor":6,"key":"SMITH"},{"data":"Redo","floor":10,"key":"SMITH"},{"data":"Fusion","floor":15,"key":"SMITH"},{"data":"Defragment","floor":23,"key":"SMITH"}],"path_taken":["M","?","M","M","M","R","E","?","T","R","?","?","?","M","R","BOSS","M","M","?","M","M","R","E"],"build_version":"2018-05-27","seed_source_timestamp":5240218553379,"purchased_purges":0,"victory":false,"master_deck":["Strike_B","Strike_B","Strike_B","Strike_B","Defend_B","Defend_B","Defend_B","Defend_B","Zap","Dualcast","Sweeping Beam","Compile Driver","Cold Snap","Defragment+1","Redo+1","Fusion+1","Chill","Creative AI","Doom and Gloom","Leap+1","Ball Lightning","Defragment+1"],"max_hp_per_floor":[75,75,75,75,75,75,75,75,75,75,75,75,75,75,75,75,75,75,75,75,75,75,75,75],"relics":["Cracked Core","Golden Idol","Happy Flower","Bag of Preparation","Pantograph","Runic Pyramid"],"card_choices":[{"not_picked":["Compile Driver","Steam"],"picked":"Sweeping Beam","floor":1},{"not_picked":["Barrage","Hologram"],"picked":"Compile Driver","floor":3},{"not_picked":["Stack","Go for the Eyes"],"picked":"Cold Snap","floor":4},{"not_picked":["Stack","Steam"],"picked":"Defragment","floor":5},{"not_picked":["Stack","Consume"],"picked":"Redo","floor":7},{"not_picked":["Leap","FTL"],"picked":"Fusion","floor":12},{"not_picked":["Go for the Eyes","Tempest"],"picked":"Chill","floor":14},{"not_picked":["All For One","Buffer"],"picked":"Creative AI","floor":16},{"not_picked":["Go for the Eyes","Coolheaded"],"picked":"Doom and Gloom","floor":18},{"not_picked":["Cold Snap","Stack"],"picked":"Leap+1","floor":19},{"not_picked":["Heatsinks","Stack"],"picked":"Ball Lightning","floor":21},{"not_picked":["Static Discharge+1","Skim"],"picked":"Defragment","floor":22}],"player_experience":4847,"potions_floor_usage":[7,19,24],"damage_taken":[{"damage":0,"enemies":"2 Louse","floor":1,"turns":2},{"damage":8,"enemies":"Jaw Worm","floor":3,"turns":3},{"damage":1,"enemies":"Small Slimes","floor":4,"turns":2},{"damage":7,"enemies":"Exordium Thugs","floor":5,"turns":5},{"damage":16,"enemies":"Gremlin Nob","floor":7,"turns":4},{"damage":6,"enemies":"Large Slime","floor":12,"turns":5},{"damage":2,"enemies":"Looter","floor":14,"turns":3},{"damage":31,"enemies":"Slime Boss","floor":16,"turns":9},{"damage":0,"enemies":"Chosen","floor":18,"turns":6},{"damage":5,"enemies":"3 Byrds","floor":19,"turns":4},{"damage":28,"enemies":"Snake Plant","floor":21,"turns":6},{"damage":1,"enemies":"Centurion and Healer","floor":22,"turns":6},{"damage":63,"enemies":"Gremlin Leader","floor":24,"turns":5}],"relics_obtained":[{"floor":7,"key":"Happy Flower"},{"floor":9,"key":"Bag of Preparation"},{"floor":13,"key":"Pantograph"}],"event_choices":[{"event_name":"Golden Idol","player_choice":"Take Wound","floor":2,"damage_taken":0},{"event_name":"Golden Wing","player_choice":"Card Removal","floor":8,"damage_taken":0},{"event_name":"The Cleric","player_choice":"Healed","floor":11,"damage_taken":0},{"event_name":"Vampires","player_choice":"Ignored","floor":20,"damage_taken":0}],"boss_relics":[{"not_picked":["Runic Dome","Philosopher\u0027s Stone"],"picked":"Runic Pyramid"}],"items_purged_floors":[],"potions_floor_spawned":[5,12,16,22],"seed_played":"-2825793313792539815","killed_by":"Gremlin Leader","ascension_level":0,"potions_obtained":[{"floor":5,"key":"Poison Potion"},{"floor":12,"key":"Ancient Potion"},{"floor":16,"key":"SkillPotion"},{"floor":22,"key":"Regen Potion"}],"is_trial":false}