{"gold_per_floor":[112,130,130,130,155,155,169,204,204,77,77,77,77,102,102,201,201,221,246,171,123,0,0],"floor_reached":23,"playtime":561,"items_purged":["Pain"],"score":331,"play_id":"6103b6b0-0d52-42e8-bc3d-77b0c8caeaf5","local_time":"20190524135138","is_ascension_mode":true,"campfire_choices":[{"data":"Pommel Strike","floor":6.0,"key":"SMITH"},{"data":"Inflame","floor":13.0,"key":"SMITH"},{"data":"Twin Strike","floor":15.0,"key":"SMITH"}],"neow_cost":"NONE","seed_source_timestamp":273197648188286,"circlet_count":0,"master_deck":["AscendersBane","Strike_R","Strike_R","Strike_R","Strike_R","Defend_R","Defend_R","Defend_R","Defend_R","Bash","Pommel Strike+1","Twin Strike+1","Inflame+1","Limit Break"],"special_seed":0,"relics":["Burning Blood","NeowsBlessing","Golden Idol","WarpedTongs","Oddly Smooth Stone","Bronze Scales","Philosopher\u0027s Stone"],"potions_floor_usage":[23],"damage_taken":[{"damage":0.0,"enemies":"Small Slimes","floor":1.0,"turns":1.0},{"damage":0.0,"enemies":"Cultist","floor":2.0,"turns":1.0},{"damage":0.0,"enemies":"2 Louse","floor":5.0,"turns":1.0},{"damage":29.0,"enemies":"Lots of Slimes","floor":7.0,"turns":4.0},{"damage":34.0,"enemies":"Gremlin Nob","floor":8.0,"turns":4.0},{"damage":0.0,"enemies":"2 Fungi Beasts","floor":14.0,"turns":3.0},{"damage":13.0,"enemies":"Slime Boss","floor":16.0,"turns":7.0},{"damage":24.0,"enemies":"2 Thieves","floor":18.0,"turns":4.0},{"damage":34.0,"enemies":"3 Byrds","floor":19.0,"turns":3.0},{"damage":31,"enemies":"Book of Stabbing","floor":23,"turns":3}],"seed_played":"405974558147201298","potions_obtained":[{"floor":2.0,"key":"FearPotion"},{"floor":7.0,"key":"PowerPotion"},{"floor":18.0,"key":"SpeedPotion"}],"is_trial":false,"path_per_floor":["M","M","?","?","M","R","M","E","T","$","?","?","R","M","R","B",null,"M","M","?","$","?","E"],"character_chosen":"IRONCLAD","items_purchased":["Clash","Block Potion"],"campfire_rested":0,"item_purchase_floors":[10,21],"current_hp_per_floor":[74,75,68,68,68,68,45,17,17,17,39,44,44,50,50,43,62,44,16,16,16,16,0],"gold":0,"neow_bonus":"THREE_ENEMY_KILL","is_prod":false,"is_daily":false,"chose_seed":false,"campfire_upgraded":3,"win_rate":0,"timestamp":1558727498,"path_taken":["M","M","?","?","?","R","M","E","T","$","?","?","R","M","R","BOSS","M","?","?","$","?","E"],"build_version":"2019-01-23","purchased_purges":1,"victory":false,"max_hp_per_floor":[75,75,68,68,68,68,68,68,68,68,68,68,68,68,68,68,68,68,68,68,68,68,68],"card_choices":[{"not_picked":["Flex","Hemokinesis"],"picked":"Pommel Strike","floor":1.0},{"not_picked":["Havoc","Shrug It Off"],"picked":"Twin Strike","floor":2.0},{"not_picked":["Clash","Headbutt","Rampage"],"picked":"SKIP","floor":5.0},{"not_picked":["Perfected Strike","True Grit","Evolve"],"picked":"SKIP","floor":7.0},{"not_picked":["Spot Weakness","Cleave"],"picked":"Inflame","floor":8.0},{"not_picked":["True Grit","Twin Strike","Shockwave"],"picked":"SKIP","floor":14.0},{"not_picked":["Immolate","Demon Form"],"picked":"Limit Break","floor":16.0},{"not_picked":["Havoc","Iron Wave","True Grit"],"picked":"SKIP","floor":18.0},{"not_picked":["Fire Breathing","Rampage","True Grit"],"picked":"SKIP","floor":19.0}],"player_experience":581152,"relics_obtained":[{"floor":8.0,"key":"Oddly Smooth Stone"},{"floor":9.0,"key":"Bronze Scales"}],"event_choices":[{"damage_healed":0.0,"max_hp_gain":0.0,"max_hp_loss":7.0,"gold_gain":0.0,"event_name":"Golden Idol","player_choice":"Lose Max HP","floor":3.0,"gold_loss":0.0,"damage_taken":0.0,"relics_obtained":["Golden Idol"]},{"damage_healed":0.0,"max_hp_gain":0.0,"max_hp_loss":0.0,"gold_gain":0.0,"event_name":"Accursed Blacksmith","player_choice":"Rummage","floor":4.0,"gold_loss":0.0,"damage_taken":0.0,"relics_obtained":["WarpedTongs"],"cards_obtained":["Pain"]},{"damage_healed":22.0,"max_hp_gain":0.0,"max_hp_loss":0.0,"gold_gain":0.0,"event_name":"Big Fish","player_choice":"Banana","floor":11.0,"gold_loss":0.0,"damage_taken":0.0},{"cards_removed":["Clash"],"damage_healed":5.0,"max_hp_gain":0.0,"max_hp_loss":0.0,"gold_gain":0.0,"event_name":"Bonfire Elementals","player_choice":"Offered Common","floor":12.0,"gold_loss":0.0,"damage_taken":0.0},{"cards_removed":["Clash"],"damage_healed":5.0,"max_hp_gain":0.0,"max_hp_loss":0.0,"gold_gain":0.0,"event_name":"Bonfire Elementals","player_choice":"Offered Special","floor":12.0,"gold_loss":0.0,"damage_taken":0.0},{"cards_removed":["Strike_R"],"damage_healed":0.0,"max_hp_gain":0.0,"max_hp_loss":0.0,"gold_gain":0.0,"event_name":"Beggar","player_choice":"Gave Gold","floor":20.0,"gold_loss":75.0,"damage_taken":0.0},{"damage_healed":0,"gold_gain":0,"player_choice":"Paid Fearfully","damage_taken":0,"max_hp_gain":0,"max_hp_loss":0,"event_name":"Masked Bandits","floor":22,"gold_loss":123}],"is_beta":false,"boss_relics":[{"not_picked":["Fusion Hammer","Empty Cage"],"picked":"Philosopher\u0027s Stone"}],"items_purged_floors":[10],"is_endless":false,"potions_floor_spawned":[2,7,18],"killed_by":"Book of Stabbing","ascension_level":15}