{"gold_per_floor":[99,99,99,99,99,99,99,99,99,99,99,99,99,84,84,84,84,24,24,24,24,24,24,24,24,24,24,24,24,24,24,24,24],"floor_reached":33,"playtime":1161,"items_purged":[],"score":255,"play_id":"b5053a16-e962-41db-b68d-dee31cad65ee","local_time":"20181103112654","is_ascension_mode":false,"campfire_choices":[{"floor":10,"key":"RECALL"},{"data":"Footwork","floor":15,"key":"SMITH"},{"floor":23,"key":"REST"},{"data":"Storm of Steel","floor":27,"key":"SMITH"},{"floor":32,"key":"REST"}],"neow_cost":"NONE","seed_source_timestamp":23522359488403,"circlet_count":0,"master_deck":["Defend_G+1","Defend_G","Defend_G","Defend_G","Defend_G","Strike_G","Strike_G","Strike_G+1","Strike_G","Strike_G","Survivor","Neutralize","Backflip","Dash","Prepared","Backstab+1","Dagger Spray","Adrenaline","Footwork+1","Burst","Blade Dance+1","Dagger Spray+1","Distraction+1","Storm of Steel+1","Flying Knee","Backstab","Distraction+1"],"relics":["Ectoplasm","Pen Nib","Blood Vial","Sozu","MutagenicStrength","Matryoshka"],"potions_floor_usage":[6,8,16,16,33],"damage_taken":[{"damage":0,"enemies":"2 Louse","floor":1,"turns":2},{"damage":0,"enemies":"Small Slimes","floor":2,"turns":4},{"damage":0,"enemies":"Cultist","floor":4,"turns":3},{"damage":5,"enemies":"Gremlin Nob","floor":6,"turns":5},{"damage":3,"enemies":"Red Slaver","floor":7,"turns":4},{"damage":3,"enemies":"2 Fungi Beasts","floor":8,"turns":3},{"damage":0,"enemies":"3 Louse","floor":11,"turns":3},{"damage":2,"enemies":"Exordium Thugs","floor":14,"turns":2},{"damage":10,"enemies":"Slime Boss","floor":16,"turns":8},{"damage":7,"enemies":"2 Thieves","floor":18,"turns":5},{"damage":17,"enemies":"Spheric Guardian","floor":19,"turns":4},{"damage":7,"enemies":"Centurion and Healer","floor":21,"turns":4},{"damage":18,"enemies":"Shelled Parasite and Fungi","floor":22,"turns":6},{"damage":10,"enemies":"Cultist and Chosen","floor":28,"turns":4},{"damage":0,"enemies":"3 Cultists","floor":29,"turns":4},{"damage":3,"enemies":"Snake Plant","floor":30,"turns":4},{"damage":25,"enemies":"Centurion and Healer","floor":31,"turns":4},{"damage":60,"enemies":"Automaton","floor":33,"turns":10}],"seed_played":"1312418733372092028","potions_obtained":[{"floor":2,"key":"Swift Potion"},{"floor":4,"key":"Explosive Potion"},{"floor":7,"key":"Fruit Juice"},{"floor":8,"key":"LiquidBronze"},{"floor":14,"key":"Fire Potion"}],"is_trial":false,"path_per_floor":["M","M","?","M","?","E","M","M","T","R","M","?","?","M","R","B",null,"M","M","$","M","M","R","?","?","T","R","M","M","M","M","R","B"],"character_chosen":"THE_SILENT","items_purchased":[],"campfire_rested":2,"item_purchase_floors":[],"current_hp_per_floor":[70,70,63,63,49,44,43,47,47,47,49,49,49,49,49,41,75,68,53,53,48,32,54,54,54,54,54,46,48,47,24,46,0],"gold":24,"neow_bonus":"BOSS_RELIC","is_prod":false,"is_daily":false,"chose_seed":false,"campfire_upgraded":2,"win_rate":0,"timestamp":1541204814,"path_taken":["M","M","?","M","?","E","M","M","T","R","M","?","?","M","R","BOSS","M","?","?","M","M","R","?","?","T","R","M","?","?","M","R","BOSS"],"build_version":"2018-11-02","purchased_purges":0,"victory":false,"max_hp_per_floor":[70,70,70,70,70,70,70,75,75,75,75,75,75,75,75,75,75,75,75,75,75,75,75,75,75,75,75,75,75,75,75,75,75],"card_choices":[{"not_picked":["Heel Hook","Bane"],"picked":"Backflip","floor":1},{"not_picked":["Terror","Expertise"],"picked":"Dash","floor":2},{"not_picked":["Heel Hook","Expertise"],"picked":"Prepared","floor":4},{"not_picked":["Underhanded Strike","Skewer"],"picked":"Backstab","floor":6},{"not_picked":["Deflect","Flechettes"],"picked":"Dagger Spray","floor":7},{"not_picked":["Poisoned Stab","Slice"],"picked":"Adrenaline","floor":8},{"not_picked":["Underhanded Strike","Blur","Acrobatics"],"picked":"SKIP","floor":11},{"not_picked":["Dagger Spray","Dodge and Roll"],"picked":"Footwork","floor":14},{"not_picked":["Venomology","Doppelganger"],"picked":"Burst","floor":16},{"not_picked":["Dagger Spray","Deadly Poison"],"picked":"Blade Dance+1","floor":18},{"not_picked":["PiercingWail","Dodge and Roll"],"picked":"Dagger Spray+1","floor":19},{"not_picked":["Quick Slash","Flying Knee"],"picked":"Distraction+1","floor":21},{"not_picked":["Prepared","Concentrate"],"picked":"Storm of Steel","floor":22},{"not_picked":["Outmaneuver","Cloak And Dagger"],"picked":"Flying Knee","floor":28},{"not_picked":["Dagger Spray","Calculated Gamble"],"picked":"Backstab","floor":29},{"not_picked":["Slice","Tactician","Terror"],"picked":"SKIP","floor":30},{"not_picked":["Calculated Gamble","Backflip+1"],"picked":"Distraction+1","floor":31}],"player_experience":168496,"relics_obtained":[{"floor":6,"key":"Blood Vial"},{"floor":26,"key":"Matryoshka"}],"event_choices":[{"damage_healed":0,"gold_gain":0,"player_choice":"Success","damage_taken":7,"relics_obtained":["Pen Nib"],"max_hp_gain":0,"max_hp_loss":0,"event_name":"Scrap Ooze","floor":3,"gold_loss":0},{"damage_healed":0,"gold_gain":0,"player_choice":"Entered Light","damage_taken":14,"max_hp_gain":0,"max_hp_loss":0,"event_name":"Shining Light","floor":5,"gold_loss":0,"cards_upgraded":["Strike_G","Defend_G"]},{"damage_healed":0,"gold_gain":0,"player_choice":"Ignored","damage_taken":0,"max_hp_gain":0,"max_hp_loss":0,"event_name":"Liars Game","floor":12,"gold_loss":0},{"damage_healed":0,"gold_gain":0,"player_choice":"Upgraded","damage_taken":0,"max_hp_gain":0,"max_hp_loss":0,"event_name":"Upgrade Shrine","floor":13,"gold_loss":0,"cards_upgraded":["Backstab"]},{"damage_healed":0,"gold_gain":0,"player_choice":"Inject Mutagens","damage_taken":0,"relics_obtained":["MutagenicStrength"],"max_hp_gain":0,"max_hp_loss":0,"event_name":"Drug Dealer","floor":24,"gold_loss":0},{"damage_healed":0,"gold_gain":99,"player_choice":"Stole From Cult","damage_taken":0,"max_hp_gain":0,"max_hp_loss":0,"event_name":"Nest","floor":25,"gold_loss":0}],"is_beta":true,"boss_relics":[{"not_picked":["Empty Cage","Lizard Tail"],"picked":"Sozu"}],"items_purged_floors":[],"is_endless":false,"potions_floor_spawned":[2,4,7,8,14,19,28,31],"killed_by":"Automaton","ascension_level":0}