{"gold_per_floor":[114,125,125,145,158,158,191,191,191,223,234,234,234,253,253,354,354,370,370,370,128,146,162,162,172,196,212,212],"floor_reached":28,"playtime":1574,"items_purged":[],"score":232,"play_id":"f4569c7c-7cf9-4ab4-bcee-5c9abebeae3c","local_time":"20181106201640","is_ascension_mode":false,"campfire_choices":[{"data":"Fusion","floor":6,"key":"SMITH"},{"floor":8,"key":"REST"},{"data":"White Noise","floor":12,"key":"SMITH"},{"floor":15,"key":"REST"},{"floor":24,"key":"RECALL"}],"neow_cost":"PERCENT_DAMAGE","seed_source_timestamp":9261061448593,"circlet_count":0,"master_deck":["Strike_B","Strike_B","Strike_B","Strike_B","Defend_B","Defend_B","Defend_B","Defend_B","Zap","Dualcast","Darkness","Fusion+1","Ball Lightning","Cold Snap","Aggregate","Sweeping Beam","White Noise+1","Double Energy","Creative AI","Steam","FTL+1","Skim","Melter"],"relics":["Cracked Core","Pocketwatch","Mercury Hourglass","Bag of Preparation","Orichalcum","Sozu","Anchor","Cables","Bag of Marbles"],"potions_floor_usage":[16,22,27],"damage_taken":[{"damage":1,"enemies":"Cultist","floor":1,"turns":3},{"damage":12,"enemies":"Small Slimes","floor":2,"turns":3},{"damage":6,"enemies":"Jaw Worm","floor":4,"turns":3},{"damage":12,"enemies":"Blue Slaver","floor":5,"turns":2},{"damage":15,"enemies":"3 Sentries","floor":7,"turns":6},{"damage":8,"enemies":"Gremlin Nob","floor":10,"turns":3},{"damage":0,"enemies":"Large Slime","floor":11,"turns":3},{"damage":7,"enemies":"Gremlin Gang","floor":14,"turns":3},{"damage":22,"enemies":"The Guardian","floor":16,"turns":8},{"damage":31,"enemies":"2 Thieves","floor":18,"turns":4},{"damage":0,"enemies":"Chosen","floor":22,"turns":4},{"damage":24,"enemies":"3 Cultists","floor":23,"turns":4},{"damage":5,"enemies":"Centurion and Healer","floor":25,"turns":6},{"damage":11,"enemies":"Snecko","floor":27,"turns":5},{"damage":6,"enemies":"Snake Plant","floor":28,"turns":2}],"seed_played":"-935164632895406093","potions_obtained":[{"floor":4,"key":"PowerPotion"},{"floor":5,"key":"Swift Potion"},{"floor":14,"key":"Explosive Potion"},{"floor":16,"key":"GamblersBrew"}],"is_trial":false,"path_per_floor":["M","M","T","M","M","R","E","R","T","E","M","R","?","M","R","B",null,"M","?","?","$","M","M","R","M","T","M","M"],"character_chosen":"DEFECT","items_purchased":["Cables"],"campfire_rested":2,"item_purchase_floors":[21],"current_hp_per_floor":[53,41,41,35,23,23,8,30,30,22,22,22,22,15,37,15,75,44,44,44,44,44,20,20,15,15,4,0],"gold":212,"neow_bonus":"ONE_RARE_RELIC","is_prod":false,"is_daily":false,"chose_seed":false,"campfire_upgraded":2,"win_rate":0,"timestamp":1541495800,"path_taken":["M","M","?","M","M","R","E","R","T","E","M","R","?","M","R","BOSS","M","?","?","$","M","M","R","M","T","M","M"],"build_version":"2018-11-02","purchased_purges":0,"victory":false,"max_hp_per_floor":[75,75,75,75,75,75,75,75,75,75,75,75,75,75,75,75,75,75,75,75,75,75,75,75,75,75,75,75],"card_choices":[{"not_picked":["Barrage","Storm"],"picked":"Darkness","floor":1},{"not_picked":["Stack","Beam Cell"],"picked":"Fusion","floor":2},{"not_picked":["Redo","Hologram"],"picked":"Ball Lightning","floor":4},{"not_picked":["Streamline","Tempest"],"picked":"Cold Snap","floor":5},{"not_picked":["Gash","Turbo"],"picked":"Aggregate","floor":7},{"not_picked":["Streamline","Scrape"],"picked":"Sweeping Beam","floor":10},{"not_picked":["Stack","Beam Cell"],"picked":"White Noise","floor":11},{"not_picked":["Capacitor","Go for the Eyes"],"picked":"Double Energy","floor":14},{"not_picked":["All For One","Core Surge"],"picked":"Creative AI","floor":16},{"not_picked":["Fusion","Aggregate","Doom and Gloom"],"picked":"SKIP","floor":18},{"not_picked":["Doom and Gloom","Rebound"],"picked":"Steam","floor":22},{"not_picked":["Reprogram","Cold Snap"],"picked":"FTL+1","floor":23},{"not_picked":["Turbo","Streamline"],"picked":"Skim","floor":25},{"not_picked":["Genetic Algorithm","Beam Cell"],"picked":"Melter","floor":27}],"player_experience":188239,"relics_obtained":[{"floor":7,"key":"Mercury Hourglass"},{"floor":9,"key":"Bag of Preparation"},{"floor":10,"key":"Orichalcum"},{"floor":26,"key":"Bag of Marbles"}],"event_choices":[{"damage_healed":0,"gold_gain":0,"player_choice":"Ignored","damage_taken":0,"max_hp_gain":0,"max_hp_loss":0,"event_name":"Golden Wing","floor":13,"gold_loss":0},{"damage_healed":0,"gold_gain":0,"player_choice":"Ignored","damage_taken":0,"max_hp_gain":0,"max_hp_loss":0,"event_name":"Vampires","floor":19,"gold_loss":0},{"damage_healed":0,"gold_gain":0,"player_choice":"Opened","damage_taken":0,"relics_obtained":["Anchor"],"max_hp_gain":0,"max_hp_loss":0,"event_name":"The Mausoleum","floor":20,"gold_loss":0}],"is_beta":true,"boss_relics":[{"not_picked":["Black Star","Calling Bell"],"picked":"Sozu"}],"items_purged_floors":[],"is_endless":false,"potions_floor_spawned":[4,5,14,16,22,25,27],"killed_by":"Snake Plant","ascension_level":0}