{"gold_per_floor":[115,135,135,35,55,84,104,116,162,162,193,193,209,234,234,234],"floor_reached":16,"playtime":618,"items_purged":["Pain"],"score":244,"play_id":"aab37f3d-83fd-4272-b3d2-9d6e33eb7faf","local_time":"20190404014649","is_ascension_mode":true,"campfire_choices":[{"data":"Predator","floor":10,"key":"SMITH"},{"floor":12,"key":"REST"},{"data":"Tools of the Trade","floor":15,"key":"SMITH"}],"neow_cost":"NONE","seed_source_timestamp":535114601109221,"circlet_count":0,"master_deck":["AscendersBane","Defend_G","Defend_G","Defend_G","Defend_G+1","Defend_G","Strike_G","Strike_G","Strike_G","Strike_G","Strike_G","Survivor","Neutralize","Quick Slash","Predator+1","Backflip+1","Cloak And Dagger","Dodge and Roll","Tools of the Trade+1"],"relics":["Ring of the Snake","NeowsBlessing","WarpedTongs","Ancient Tea Set","Lantern","Sundial","War Paint"],"potions_floor_usage":[11,14,16,16],"damage_taken":[{"damage":0,"enemies":"Small Slimes","floor":1,"turns":1},{"damage":0,"enemies":"Cultist","floor":2,"turns":1},{"damage":0,"enemies":"2 Louse","floor":5,"turns":1},{"damage":16,"enemies":"3 Sentries","floor":6,"turns":10},{"damage":0,"enemies":"2 Fungi Beasts","floor":7,"turns":4},{"damage":0,"enemies":"Red Slaver","floor":8,"turns":4},{"damage":21,"enemies":"Lagavulin","floor":11,"turns":5},{"damage":8,"enemies":"Gremlin Gang","floor":13,"turns":5},{"damage":14,"enemies":"Gremlin Nob","floor":14,"turns":4},{"damage":19,"enemies":"Slime Boss","floor":16,"turns":6}],"seed_played":"8603838185369091974","potions_obtained":[{"floor":5,"key":"Swift Potion"},{"floor":7,"key":"Ancient Potion"},{"floor":13,"key":"Swift Potion"},{"floor":14,"key":"EssenceOfSteel"}],"is_trial":false,"path_per_floor":["M","M","?","$","M","E","M","M","T","R","E","R","M","E","R","B"],"character_chosen":"THE_SILENT","items_purchased":["Backflip"],"campfire_rested":1,"item_purchase_floors":[4],"current_hp_per_floor":[59,59,59,59,59,43,43,43,43,43,22,41,33,19,19,0],"gold":234,"neow_bonus":"THREE_ENEMY_KILL","is_prod":false,"is_daily":false,"chose_seed":false,"campfire_upgraded":2,"win_rate":0,"timestamp":1554364009,"path_taken":["M","M","?","$","?","E","M","?","T","R","E","R","M","E","R","BOSS"],"build_version":"2019-01-23","purchased_purges":1,"victory":false,"max_hp_per_floor":[66,66,66,66,66,66,66,66,66,66,66,66,66,66,66,66],"card_choices":[{"not_picked":["Bane","Expertise"],"picked":"Quick Slash","floor":1},{"not_picked":["Accuracy","Blade Dance"],"picked":"Predator","floor":2},{"not_picked":["Slice","PiercingWail"],"picked":"Cloak And Dagger","floor":5},{"not_picked":["Flechettes","Bane","Masterful Stab"],"picked":"SKIP","floor":6},{"not_picked":["Finisher","Underhanded Strike","Blade Dance"],"picked":"SKIP","floor":7},{"not_picked":["Distraction","Flechettes","Underhanded Strike"],"picked":"SKIP","floor":8},{"not_picked":["Blade Dance","Slice"],"picked":"Dodge and Roll","floor":11},{"not_picked":["Dagger Spray","Riddle With Holes","Blade Dance"],"picked":"SKIP","floor":13},{"not_picked":["Acrobatics","Cloak And Dagger"],"picked":"Tools of the Trade","floor":14}],"player_experience":439909,"relics_obtained":[{"floor":6,"key":"Ancient Tea Set"},{"floor":9,"key":"Lantern"},{"floor":11,"key":"Sundial"},{"floor":14,"key":"War Paint"}],"event_choices":[{"damage_healed":0,"gold_gain":0,"player_choice":"Rummage","damage_taken":0,"relics_obtained":["WarpedTongs"],"max_hp_gain":0,"max_hp_loss":0,"event_name":"Accursed Blacksmith","floor":3,"gold_loss":0,"cards_obtained":["Pain"]}],"is_beta":false,"boss_relics":[],"items_purged_floors":[4],"is_endless":false,"potions_floor_spawned":[5,7,13,14],"killed_by":"Slime Boss","ascension_level":20}