{"gold_per_floor":[110,129,141,25,25,25,58,58,58,89,103,114,124,137,137,213,213,231,241,257,48,48,77,77,111,111,123,141,541,561,561,561,632,632,642,692,703,723,501,531,531,556,637,649,673,92,107,122,122,122],"floor_reached":51,"playtime":11656,"items_purged":["Strike_B","Zap"],"score":1385,"play_id":"d0bb1df2-b855-4438-b6b5-680549c066db","local_time":"20190521201420","is_ascension_mode":true,"campfire_choices":[{"floor":6.0,"key":"REST"},{"data":"Hologram","floor":15.0,"key":"SMITH"},{"data":"Loop","floor":24.0,"key":"SMITH"},{"data":"Consume","floor":32.0,"key":"SMITH"},{"data":"Amplify","floor":44.0,"key":"SMITH"},{"data":"Fusion","floor":49,"key":"SMITH"}],"neow_cost":"PERCENT_DAMAGE","seed_source_timestamp":169286171034200,"circlet_count":0,"master_deck":["AscendersBane","Defend_B","Defend_B","Defend_B","Defend_B","Dualcast","Ball Lightning","Cold Snap","Glacier","Loop+1","Undo","Core Surge","Recycle","Glacier","Hologram+1","Electrodynamics","Hologram","Streamline","Storm+1","Consume+1","Fusion+1","Loop+1","Static Discharge+1","Creative AI+1","Steam Power","Self Repair+1","Parasite","Glacier","Amplify+1","Loop+1","Storm+1","Self Repair+1","Defragment+1","Fission+1"],"special_seed":0,"relics":["Cracked Core","Bird Faced Urn","Incense Burner","Pocketwatch","Cables","Velvet Choker","Runic Capacitor","Frozen Egg 2","Ornamental Fan","Old Coin","Kunai","Runic Dome","Ginger","MawBank","Toxic Egg 2","Gambling Chip"],"potions_floor_usage":[50,50],"damage_taken":[{"damage":10.0,"enemies":"Small Slimes","floor":1.0,"turns":4.0},{"damage":1.0,"enemies":"Cultist","floor":2.0,"turns":3.0},{"damage":7.0,"enemies":"2 Louse","floor":3.0,"turns":2.0},{"damage":5.0,"enemies":"3 Sentries","floor":7.0,"turns":9.0},{"damage":0.0,"enemies":"Lagavulin","floor":10.0,"turns":9.0},{"damage":0.0,"enemies":"Large Slime","floor":11.0,"turns":5.0},{"damage":9.0,"enemies":"Lots of Slimes","floor":12.0,"turns":2.0},{"damage":1.0,"enemies":"3 Louse","floor":13.0,"turns":2.0},{"damage":0.0,"enemies":"Red Slaver","floor":14.0,"turns":4.0},{"damage":16.0,"enemies":"The Guardian","floor":16.0,"turns":18.0},{"damage":2.0,"enemies":"2 Thieves","floor":18.0,"turns":3.0},{"damage":0.0,"enemies":"Chosen","floor":19.0,"turns":5.0},{"damage":10.0,"enemies":"Snake Plant","floor":20.0,"turns":4.0},{"damage":2.0,"enemies":"Book of Stabbing","floor":23.0,"turns":7.0},{"damage":0.0,"enemies":"Slavers","floor":25.0,"turns":4.0},{"damage":5.0,"enemies":"3 Cultists","floor":27.0,"turns":4.0},{"damage":5.0,"enemies":"Chosen and Byrds","floor":28.0,"turns":4.0},{"damage":0.0,"enemies":"Colosseum Slavers","floor":29.0,"turns":3.0},{"damage":12.0,"enemies":"Colosseum Nobs","floor":29.0,"turns":4.0},{"damage":10.0,"enemies":"Shelled Parasite and Fungi","floor":30.0,"turns":5.0},{"damage":25.0,"enemies":"Collector","floor":33.0,"turns":7.0},{"damage":9.0,"enemies":"3 Shapes","floor":35.0,"turns":2.0},{"damage":23.0,"enemies":"3 Darklings","floor":37.0,"turns":4.0},{"damage":36.0,"enemies":"Writhing Mass","floor":38.0,"turns":6.0},{"damage":10.0,"enemies":"Giant Head","floor":40.0,"turns":7.0},{"damage":33.0,"enemies":"Reptomancer","floor":42.0,"turns":5.0},{"damage":35.0,"enemies":"4 Shapes","floor":45.0,"turns":3.0},{"damage":31.0,"enemies":"Sphere and 2 Shapes","floor":47.0,"turns":2.0},{"damage":1,"enemies":"Spire Growth","floor":48,"turns":3},{"damage":69,"enemies":"Time Eater","floor":50,"turns":5}],"seed_played":"915516861094164731","potions_obtained":[{"floor":10.0,"key":"Dexterity Potion"},{"floor":11.0,"key":"SteroidPotion"},{"floor":14.0,"key":"Strength Potion"},{"floor":18.0,"key":"PowerPotion"},{"floor":23.0,"key":"SkillPotion"},{"floor":27.0,"key":"SkillPotion"},{"floor":30.0,"key":"Poison Potion"},{"floor":37.0,"key":"Fruit Juice"},{"floor":40.0,"key":"Poison Potion"},{"floor":45.0,"key":"SpeedPotion"}],"is_trial":false,"path_per_floor":["M","M","M","$","?","R","E","?","T","E","M","M","M","M","R","B",null,"M","M","M","$","?","E","R","E","T","M","M","?","M","?","R","B",null,"M","?","M","M","$","E","?","E","T","R","M","$","M","M","R","B",null],"character_chosen":"DEFECT","items_purchased":["Loop","Undo","Runic Capacitor","Amplify","Defragment+1","Fission+1","Gambling Chip","PowerPotion"],"campfire_rested":1,"item_purchase_floors":[4,4,21,39,46,46,46,46],"current_hp_per_floor":[36,35,28,28,28,49,46,46,46,48,50,43,44,46,46,32,61,63,65,57,57,57,61,61,67,67,68,69,61,59,39,39,24,63,62,55,53,45,45,67,91,76,76,76,53,53,46,91,91,38],"gold":122,"neow_bonus":"ONE_RARE_RELIC","is_prod":false,"is_daily":false,"chose_seed":false,"campfire_upgraded":5,"win_rate":0,"timestamp":1558491260,"path_taken":["M","M","M","$","?","R","E","?","T","E","?","M","M","M","R","BOSS","M","M","M","$","?","E","R","E","T","M","M","?","M","?","R","BOSS","M","?","?","M","$","E","?","E","T","R","?","$","M","M","R","BOSS"],"build_version":"2019-01-23","purchased_purges":2,"victory":true,"max_hp_per_floor":[71,71,71,71,71,71,71,71,71,71,71,71,71,71,71,71,71,71,71,71,71,71,71,71,71,71,71,71,71,71,76,76,76,76,76,76,81,81,81,81,91,91,91,91,91,91,91,91,91,91],"card_choices":[{"not_picked":["Streamline","Go for the Eyes"],"picked":"Ball Lightning","floor":1.0},{"not_picked":["Turbo","Sunder"],"picked":"Cold Snap","floor":2.0},{"not_picked":["Consume","Barrage"],"picked":"Glacier","floor":3.0},{"not_picked":["Fission","Coolheaded"],"picked":"Core Surge","floor":7.0},{"not_picked":["Gash","Leap"],"picked":"Recycle","floor":10.0},{"not_picked":["Redo","Sweeping Beam","Coolheaded"],"picked":"SKIP","floor":11.0},{"not_picked":["Turbo","Double Energy","Streamline"],"picked":"SKIP","floor":12.0},{"not_picked":["Sweeping Beam","Skim"],"picked":"Glacier","floor":13.0},{"not_picked":["Gash","Barrage"],"picked":"Hologram","floor":14.0},{"not_picked":["Reboot","Thunder Strike"],"picked":"Electrodynamics","floor":16.0},{"not_picked":["Rebound","Barrage+1","Hologram"],"picked":"SKIP","floor":18.0},{"not_picked":["Go for the Eyes","Barrage","Turbo+1"],"picked":"SKIP","floor":19.0},{"not_picked":["Skim","Glacier","Cold Snap"],"picked":"SKIP","floor":20.0},{"not_picked":["Hologram","Seek"],"picked":"Storm+1","floor":23.0},{"not_picked":["Redo","Gash"],"picked":"Consume","floor":25.0},{"not_picked":["Beam Cell+1","Go for the Eyes","Coolheaded"],"picked":"SKIP","floor":27.0},{"not_picked":["Force Field","Steam"],"picked":"Fusion","floor":28.0},{"not_picked":["Melter","Steam"],"picked":"Loop+1","floor":29.0},{"not_picked":["Glacier+1","Beam Cell"],"picked":"Static Discharge+1","floor":30.0},{"not_picked":["Biased Cognition+1","All For One"],"picked":"Creative AI+1","floor":33.0},{"not_picked":["Double Energy+1","Redo+1"],"picked":"Steam Power","floor":35.0},{"not_picked":["BootSequence","Barrage"],"picked":"Self Repair+1","floor":37.0},{"not_picked":["Go for the Eyes","Sweeping Beam+1"],"picked":"Glacier","floor":38.0},{"not_picked":["Beam Cell","FTL"],"picked":"Loop+1","floor":40.0},{"not_picked":["Melter","Steam Power"],"picked":"Storm+1","floor":42.0},{"not_picked":["Gash+1","All For One"],"picked":"Self Repair+1","floor":45.0},{"not_picked":["Go for the Eyes+1","Doom and Gloom+1","Conserve Battery+1"],"picked":"SKIP","floor":47.0},{"not_picked":["Sweeping Beam","Sunder","Fusion+1"],"picked":"SKIP","floor":48}],"player_experience":757321,"relics_obtained":[{"floor":7.0,"key":"Incense Burner"},{"floor":9.0,"key":"Pocketwatch"},{"floor":10.0,"key":"Cables"},{"floor":23.0,"key":"Frozen Egg 2"},{"floor":25.0,"key":"Ornamental Fan"},{"floor":29.0,"key":"Old Coin"},{"floor":29.0,"key":"Kunai"},{"floor":40.0,"key":"Ginger"},{"floor":42.0,"key":"MawBank"},{"floor":43.0,"key":"Toxic Egg 2"}],"event_choices":[{"damage_healed":0.0,"max_hp_gain":0.0,"max_hp_loss":0.0,"gold_gain":0.0,"event_name":"Liars Game","player_choice":"Ignored","floor":5.0,"gold_loss":0.0,"damage_taken":0.0},{"damage_healed":0.0,"max_hp_gain":0.0,"max_hp_loss":0.0,"gold_gain":0.0,"cards_transformed":["Strike_B"],"event_name":"Transmorgrifier","player_choice":"Transformed","floor":8.0,"gold_loss":0.0,"damage_taken":0.0,"cards_obtained":["Hyperbeam"]},{"damage_healed":0.0,"max_hp_gain":0.0,"max_hp_loss":0.0,"gold_gain":0.0,"cards_transformed":["Strike_B","Strike_B"],"event_name":"Drug Dealer","player_choice":"Became Test Subject","floor":22.0,"gold_loss":0.0,"damage_taken":0.0,"cards_obtained":["Hologram","Streamline"]},{"damage_healed":0.0,"max_hp_gain":0.0,"max_hp_loss":0.0,"gold_gain":0.0,"event_name":"Colosseum","player_choice":"Fight","floor":29.0,"gold_loss":0.0,"damage_taken":0.0},{"damage_healed":0.0,"max_hp_gain":0.0,"max_hp_loss":0.0,"gold_gain":0.0,"event_name":"Colosseum","player_choice":"Fought Nobs","floor":29.0,"gold_loss":0.0,"damage_taken":0.0},{"damage_healed":0.0,"max_hp_gain":5.0,"max_hp_loss":0.0,"gold_gain":0.0,"event_name":"Forgotten Altar","player_choice":"Shed Blood","floor":31.0,"gold_loss":0.0,"damage_taken":25.0},{"damage_healed":0.0,"max_hp_gain":0.0,"max_hp_loss":0.0,"gold_gain":50.0,"event_name":"FaceTrader","player_choice":"Touch","floor":36.0,"gold_loss":0.0,"damage_taken":7.0},{"cards_removed":["Hyperbeam"],"damage_healed":14.0,"max_hp_gain":10.0,"max_hp_loss":0.0,"gold_gain":0.0,"event_name":"Bonfire Elementals","player_choice":"Offered Rare","floor":41.0,"gold_loss":0.0,"damage_taken":0.0}],"is_beta":false,"boss_relics":[{"not_picked":["Empty Cage","Busted Crown"],"picked":"Velvet Choker"},{"not_picked":["Runic Pyramid","White Beast Statue"],"picked":"Runic Dome"}],"items_purged_floors":[39,46],"is_endless":false,"potions_floor_spawned":[10,11,13,14,18,19,23,27,30,37,40,45],"ascension_level":15}