{"gold_per_floor":[110,130,141,91,103,135,135,135,135,135,149,149,175,175,175,278,278,294,104,104,119,218,218,249,249,249,249,266,266,266,280,280,383,383,402,402,422,422,422,422,422],"floor_reached":41,"playtime":1782,"items_purged":[],"score":442,"play_id":"d04ce452-0b75-4ed0-81e9-b35edf27c48b","local_time":"20181108141459","is_ascension_mode":false,"campfire_choices":[{"floor":7,"key":"RECALL"},{"data":"Iron Wave","floor":10,"key":"SMITH"},{"data":"Armaments","floor":15,"key":"SMITH"},{"data":"Barricade","floor":23,"key":"SMITH"},{"floor":25,"key":"REST"},{"data":"Spot Weakness","floor":27,"key":"SMITH"},{"data":"Thunderclap","floor":30,"key":"SMITH"},{"floor":32,"key":"REST"},{"data":"Madness","floor":40,"key":"SMITH"}],"neow_cost":"NONE","seed_source_timestamp":251184562176,"circlet_count":0,"master_deck":["Strike_R+1","Strike_R+1","Strike_R+1","Strike_R+1","Strike_R+1","Defend_R+1","Defend_R+1","Defend_R+1","Defend_R+1","Clothesline","Iron Wave+1","Twin Strike","Thunderclap+1","Clash","Armaments+1","Headbutt","Barricade+1","Spot Weakness+1","Entrench+1","Madness","Ghostly Armor+1","Madness","Madness+1"],"relics":["Burning Blood","Bag of Preparation","Gremlin Horn","Mummified Hand","Self Forming Clay","The Courier","Black Star","Singing Bowl","WingedGreaves","FossilizedHelix","Paper Frog","Runic Pyramid"],"potions_floor_usage":[18,21,33],"damage_taken":[{"damage":2,"enemies":"2 Louse","floor":1,"turns":3},{"damage":0,"enemies":"Small Slimes","floor":2,"turns":3},{"damage":4,"enemies":"Cultist","floor":3,"turns":4},{"damage":7,"enemies":"Red Slaver","floor":5,"turns":5},{"damage":31,"enemies":"Gremlin Nob","floor":6,"turns":5},{"damage":0,"enemies":"Exordium Wildlife","floor":11,"turns":4},{"damage":19,"enemies":"3 Sentries","floor":13,"turns":8},{"damage":32,"enemies":"Hexaghost","floor":16,"turns":14},{"damage":13,"enemies":"3 Byrds","floor":18,"turns":7},{"damage":2,"enemies":"Chosen","floor":21,"turns":6},{"damage":49,"enemies":"Slavers","floor":24,"turns":7},{"damage":2,"enemies":"Centurion and Healer","floor":28,"turns":9},{"damage":5,"enemies":"3 Cultists","floor":31,"turns":5},{"damage":28,"enemies":"Collector","floor":33,"turns":13},{"damage":10,"enemies":"Orb Walker","floor":35,"turns":5},{"damage":37,"enemies":"3 Darklings","floor":37,"turns":7},{"damage":89,"enemies":"Giant Head","floor":41,"turns":9}],"seed_played":"-6268764491896497112","potions_obtained":[{"floor":1,"key":"FearPotion"},{"floor":13,"key":"Block Potion"},{"floor":16,"key":"SteroidPotion"},{"floor":28,"key":"PowerPotion"},{"floor":31,"key":"Energy Potion"}],"is_trial":false,"path_per_floor":["M","M","M","?","M","E","R","?","T","R","M","$","E","$","R","B",null,"M","$","?","M","?","R","E","R","T","R","M","?","R","M","R","B",null,"M","?","M","?","?","R","E"],"character_chosen":"IRONCLAD","items_purchased":["Singing Bowl"],"campfire_rested":2,"item_purchase_floors":[19],"current_hp_per_floor":[80,80,80,80,79,54,54,54,54,54,60,60,47,47,47,21,80,73,73,58,64,64,64,21,47,47,47,53,53,53,56,83,63,93,91,91,60,48,48,48,0],"gold":422,"neow_bonus":"RANDOM_COMMON_RELIC","is_prod":false,"is_daily":false,"chose_seed":false,"campfire_upgraded":6,"win_rate":0,"timestamp":1541646899,"path_taken":["M","M","M","?","M","E","R","?","T","R","?","?","E","$","R","BOSS","M","$","?","M","?","R","E","R","T","R","M","?","R","M","R","BOSS","M","?","M","?","?","R","E"],"build_version":"2018-11-06","purchased_purges":0,"victory":false,"max_hp_per_floor":[80,80,80,80,80,80,80,80,80,80,80,80,80,80,80,80,80,80,80,85,87,87,87,87,87,87,87,89,89,89,91,91,93,93,95,95,95,95,95,95,95],"card_choices":[{"not_picked":["Battle Trance","Wild Strike"],"picked":"Clothesline","floor":1},{"not_picked":["Sword Boomerang","Clothesline"],"picked":"Iron Wave","floor":2},{"not_picked":["Evolve","Clash"],"picked":"Twin Strike","floor":3},{"not_picked":["Dual Wield","Fire Breathing"],"picked":"Thunderclap","floor":5},{"not_picked":["Warcry","Corruption"],"picked":"Clash","floor":6},{"not_picked":["True Grit","Iron Wave"],"picked":"Armaments","floor":11},{"not_picked":["Bludgeon","Bloodletting"],"picked":"Headbutt","floor":13},{"not_picked":["Demon Form","Double Tap"],"picked":"Barricade","floor":16},{"not_picked":["Headbutt+1","Second Wind+1"],"picked":"Spot Weakness","floor":18},{"not_picked":["Headbutt","True Grit+1","Blood for Blood+1"],"picked":"Singing Bowl","floor":21},{"not_picked":["Uppercut","Brutality"],"picked":"Entrench+1","floor":24},{"not_picked":["Dropkick+1","Dual Wield","Evolve"],"picked":"Singing Bowl","floor":28},{"not_picked":["Sword Boomerang","Warcry+1","Armaments"],"picked":"Singing Bowl","floor":31},{"not_picked":["Berserk","Barricade","Feed"],"picked":"Singing Bowl","floor":33},{"not_picked":["Blood for Blood","Thunderclap+1","Armaments+1"],"picked":"Singing Bowl","floor":35},{"not_picked":["Purity","The Bomb"],"picked":"Madness","floor":36},{"not_picked":["Shrug It Off","Havoc"],"picked":"Ghostly Armor+1","floor":37}],"player_experience":192312,"relics_obtained":[{"floor":6,"key":"Gremlin Horn"},{"floor":9,"key":"Self Forming Clay"},{"floor":13,"key":"The Courier"},{"floor":24,"key":"WingedGreaves"},{"floor":24,"key":"FossilizedHelix"},{"floor":26,"key":"Paper Frog"}],"event_choices":[{"cards_removed":["Bash"],"damage_healed":0,"gold_gain":0,"player_choice":"Card Removal","damage_taken":0,"max_hp_gain":0,"max_hp_loss":0,"event_name":"The Cleric","floor":4,"gold_loss":50},{"damage_healed":0,"gold_gain":0,"player_choice":"Gave Potion","damage_taken":0,"relics_obtained":["Mummified Hand"],"max_hp_gain":0,"max_hp_loss":0,"event_name":"WeMeetAgain","floor":8,"gold_loss":0},{"damage_healed":0,"gold_gain":0,"player_choice":"Shed Blood","damage_taken":20,"max_hp_gain":5,"max_hp_loss":0,"event_name":"Forgotten Altar","floor":20,"gold_loss":0},{"damage_healed":0,"gold_gain":99,"player_choice":"Stole From Cult","damage_taken":0,"max_hp_gain":0,"max_hp_loss":0,"event_name":"Nest","floor":22,"gold_loss":0},{"damage_healed":0,"gold_gain":0,"player_choice":"Simplicity","damage_taken":0,"max_hp_gain":0,"max_hp_loss":0,"event_name":"Back to Basics","floor":29,"gold_loss":0,"cards_upgraded":["Strike_R","Strike_R","Strike_R","Strike_R","Strike_R","Defend_R","Defend_R","Defend_R","Defend_R"]},{"damage_healed":0,"gold_gain":0,"player_choice":"Memory 1","damage_taken":0,"max_hp_gain":0,"max_hp_loss":0,"event_name":"SensoryStone","floor":36,"gold_loss":0},{"damage_healed":0,"gold_gain":0,"player_choice":"Embrace Madness","damage_taken":12,"max_hp_gain":0,"max_hp_loss":0,"event_name":"Winding Halls","floor":38,"gold_loss":0,"cards_obtained":["Madness","Madness"]},{"damage_healed":0,"gold_gain":0,"player_choice":"Ignored","damage_taken":0,"max_hp_gain":0,"max_hp_loss":0,"event_name":"Tomb of Lord Red Mask","floor":39,"gold_loss":0}],"is_beta":true,"boss_relics":[{"not_picked":["Coffee Dripper","Orrery"],"picked":"Black Star"},{"not_picked":["Runic Cube","Mark of Pain"],"picked":"Runic Pyramid"}],"items_purged_floors":[],"is_endless":false,"potions_floor_spawned":[1,13,16,28,31],"killed_by":"Giant Head","ascension_level":0}