{"gold_per_floor":[117,137,87,87,105,105,131,148,148,163,163,15,32,32,32,132,132,150,150,167,67,85,85],"floor_reached":23,"playtime":589,"items_purged":["Strike_R","Pain"],"score":377,"play_id":"b301a05c-0afd-4e0b-8be7-be9b8b9a3b8a","local_time":"20190425233233","is_ascension_mode":true,"campfire_choices":[{"data":"Cleave","floor":6.0,"key":"SMITH"},{"data":"Twin Strike","floor":11.0,"key":"SMITH"},{"floor":15.0,"key":"REST"}],"neow_cost":"NONE","seed_source_timestamp":27331911433077,"circlet_count":0,"master_deck":["AscendersBane","Strike_R","Strike_R","Defend_R","Defend_R","Defend_R","Defend_R","Bash","Twin Strike+1","Cleave+1","Pommel Strike","Whirlwind","Demon Form","Flame Barrier"],"special_seed":0,"relics":["Burning Blood","NeowsBlessing","Gremlin Horn","Sundial","CultistMask","Fusion Hammer","WarpedTongs"],"potions_floor_usage":[],"damage_taken":[{"damage":0.0,"enemies":"Jaw Worm","floor":1.0,"turns":1.0},{"damage":0.0,"enemies":"Cultist","floor":2.0,"turns":1.0},{"damage":0.0,"enemies":"Small Slimes","floor":5.0,"turns":1.0},{"damage":30.0,"enemies":"3 Sentries","floor":7.0,"turns":6.0},{"damage":28.0,"enemies":"Gremlin Gang","floor":8.0,"turns":3.0},{"damage":18.0,"enemies":"Exordium Wildlife","floor":10.0,"turns":2.0},{"damage":1.0,"enemies":"3 Louse","floor":13.0,"turns":2.0},{"damage":0.0,"enemies":"Slime Boss","floor":16.0,"turns":6.0},{"damage":11,"enemies":"Shell Parasite","floor":18,"turns":4},{"damage":16,"enemies":"Chosen","floor":20,"turns":4},{"damage":33,"enemies":"Centurion and Healer","floor":22,"turns":5},{"damage":34,"enemies":"Gremlin Leader","floor":23,"turns":4}],"seed_played":"6534764882634336693","potions_obtained":[{"floor":2.0,"key":"AttackPotion"},{"floor":8.0,"key":"LiquidBronze"},{"floor":20,"key":"SmokeBomb"}],"is_trial":false,"path_per_floor":["M","M","?","?","M","R","E","M","T","M","R","$","M","?","R","B",null,"M","?","M","$","M","E"],"character_chosen":"IRONCLAD","items_purchased":["Whirlwind"],"campfire_rested":1,"item_purchase_floors":[12],"current_hp_per_floor":[78,80,80,73,79,79,55,33,33,21,21,21,26,26,50,56,74,69,69,59,59,32,0],"gold":85,"neow_bonus":"THREE_ENEMY_KILL","is_prod":false,"is_daily":false,"chose_seed":false,"campfire_upgraded":2,"win_rate":0,"timestamp":1556256753,"path_taken":["M","M","?","?","?","R","E","M","T","M","R","$","M","?","R","BOSS","M","?","M","$","?","E"],"build_version":"2019-01-23","purchased_purges":2,"victory":false,"max_hp_per_floor":[80,80,80,80,80,80,80,80,80,80,80,80,80,80,80,80,80,80,80,80,80,80,80],"card_choices":[{"not_picked":["Havoc","Body Slam"],"picked":"Twin Strike","floor":1.0},{"not_picked":["Disarm","Warcry"],"picked":"Cleave","floor":2.0},{"not_picked":["Havoc","Feel No Pain"],"picked":"Pommel Strike","floor":5.0},{"not_picked":["Dark Embrace","Havoc","Thunderclap"],"picked":"SKIP","floor":7.0},{"not_picked":["Rupture","Combust","Perfected Strike"],"picked":"SKIP","floor":8.0},{"not_picked":["Rupture","Combust","Perfected Strike"],"picked":"SKIP","floor":8.0},{"not_picked":["Rupture","Seeing Red","Perfected Strike"],"picked":"SKIP","floor":10.0},{"not_picked":["Sever Soul","Bloodletting","Flex"],"picked":"SKIP","floor":13.0},{"not_picked":["Offering","Dark Embrace"],"picked":"Demon Form","floor":16.0},{"not_picked":["Perfected Strike","Body Slam","Havoc"],"picked":"SKIP","floor":18},{"not_picked":["Havoc","Anger"],"picked":"Flame Barrier","floor":20},{"not_picked":["Body Slam","Pummel+1","Twin Strike"],"picked":"SKIP","floor":22}],"player_experience":536435,"relics_obtained":[{"floor":7.0,"key":"Gremlin Horn"},{"floor":9.0,"key":"Sundial"}],"event_choices":[{"cards_removed":["Strike_R"],"damage_healed":0.0,"max_hp_gain":0.0,"max_hp_loss":0.0,"gold_gain":0.0,"event_name":"The Cleric","player_choice":"Card Removal","floor":3.0,"gold_loss":50.0,"damage_taken":0.0},{"cards_removed":["Strike_R"],"damage_healed":0.0,"max_hp_gain":0.0,"max_hp_loss":0.0,"gold_gain":0.0,"event_name":"Golden Wing","player_choice":"Card Removal","floor":4.0,"gold_loss":0.0,"damage_taken":7.0},{"damage_healed":0.0,"max_hp_gain":0.0,"max_hp_loss":0.0,"gold_gain":0.0,"event_name":"FaceTrader","player_choice":"Trade","floor":14.0,"gold_loss":0.0,"damage_taken":0.0,"relics_obtained":["CultistMask"]},{"damage_healed":0,"gold_gain":0,"player_choice":"Rummage","damage_taken":0,"relics_obtained":["WarpedTongs"],"max_hp_gain":0,"max_hp_loss":0,"event_name":"Accursed Blacksmith","floor":19,"gold_loss":0,"cards_obtained":["Pain"]}],"is_beta":false,"boss_relics":[{"not_picked":["Pandora\u0027s Box","Orrery"],"picked":"Fusion Hammer"}],"items_purged_floors":[12,21],"is_endless":false,"potions_floor_spawned":[2,8,13,20],"killed_by":"Gremlin Leader","ascension_level":11}