{"gold_per_floor":[210,230,246,264,0,35,185,185,185,110,141,153,153,179,179,179],"floor_reached":16,"playtime":641,"items_purged":["Doubt"],"score":234,"play_id":"0572ae3e-0cd5-4d5a-90c5-1163506f9003","local_time":"20190526141943","is_ascension_mode":true,"campfire_choices":[{"data":"Uppercut","floor":8.0,"key":"SMITH"},{"data":"Whirlwind","floor":13,"key":"SMITH"},{"data":"Iron Wave","floor":15,"key":"SMITH"}],"neow_cost":"NONE","seed_source_timestamp":82598950752683,"circlet_count":0,"master_deck":["AscendersBane","Strike_R","Strike_R","Strike_R","Strike_R","Strike_R","Defend_R","Defend_R","Defend_R","Defend_R","Bash","Whirlwind+1","Battle Trance","Iron Wave+1","Uppercut+1"],"special_seed":0,"relics":["Burning Blood","Meat on the Bone","Darkstone Periapt","Blue Candle","Molten Egg 2","Vajra"],"potions_floor_usage":[],"damage_taken":[{"damage":10.0,"enemies":"Small Slimes","floor":1.0,"turns":3.0},{"damage":8.0,"enemies":"Jaw Worm","floor":2.0,"turns":5.0},{"damage":1.0,"enemies":"Cultist","floor":3.0,"turns":3.0},{"damage":21.0,"enemies":"Exordium Wildlife","floor":4.0,"turns":4.0},{"damage":27.0,"enemies":"Gremlin Nob","floor":6.0,"turns":4.0},{"damage":25,"enemies":"3 Sentries","floor":11,"turns":6},{"damage":17,"enemies":"2 Fungi Beasts","floor":12,"turns":4},{"damage":30,"enemies":"Lagavulin","floor":14,"turns":5},{"damage":33,"enemies":"The Guardian","floor":16,"turns":14}],"seed_played":"2997992933282573973","potions_obtained":[{"floor":4.0,"key":"FearPotion"},{"floor":14,"key":"Fire Potion"}],"is_trial":false,"path_per_floor":["M","M","M","M","$","E","?","R","T","$","E","M","R","E","R","B"],"character_chosen":"IRONCLAD","items_purchased":["Meat on the Bone"],"campfire_rested":0,"item_purchase_floors":[5],"current_hp_per_floor":[64,62,67,52,52,43,49,49,49,49,42,43,43,31,31,0],"gold":179,"neow_bonus":"HUNDRED_GOLD","is_prod":false,"is_daily":false,"chose_seed":false,"campfire_upgraded":3,"win_rate":0,"timestamp":1558901983,"path_taken":["M","M","M","M","$","E","?","R","T","$","E","M","R","E","R","BOSS"],"build_version":"2019-01-23","purchased_purges":1,"victory":false,"max_hp_per_floor":[75,75,75,75,75,75,81,81,81,81,81,81,81,81,81,81],"card_choices":[{"not_picked":["Iron Wave","Perfected Strike"],"picked":"Whirlwind","floor":1.0},{"not_picked":["Warcry","Perfected Strike"],"picked":"Battle Trance","floor":2.0},{"not_picked":["Clash","Anger"],"picked":"Iron Wave","floor":3.0},{"not_picked":["Thunderclap","Pommel Strike"],"picked":"Uppercut","floor":4.0},{"not_picked":["Headbutt","Cleave","Entrench"],"picked":"SKIP","floor":6.0},{"not_picked":["Thunderclap","Exhume","True Grit"],"picked":"SKIP","floor":11},{"not_picked":["Sword Boomerang+1","Seeing Red","Body Slam+1"],"picked":"SKIP","floor":12},{"not_picked":["Berserk","True Grit","Armaments"],"picked":"SKIP","floor":14}],"player_experience":617182,"relics_obtained":[{"floor":6.0,"key":"Darkstone Periapt"},{"floor":9.0,"key":"Blue Candle"},{"floor":11,"key":"Molten Egg 2"},{"floor":14,"key":"Vajra"}],"event_choices":[{"damage_healed":0.0,"max_hp_gain":0.0,"max_hp_loss":0.0,"gold_gain":150.0,"event_name":"Liars Game","player_choice":"AGREE","floor":7.0,"gold_loss":0.0,"damage_taken":0.0,"cards_obtained":["Doubt"]}],"is_beta":false,"boss_relics":[],"items_purged_floors":[10],"is_endless":false,"potions_floor_spawned":[4,14],"killed_by":"The Guardian","ascension_level":19}