{"gold_per_floor":[119,129,149,162,162,162,187,187,187,221,221,238,264,264,264,363,363,381,456,471,488,506,539,539,597,597,609,626,300,300,319,319,319],"floor_reached":33,"playtime":1352,"items_purged":[],"score":374,"play_id":"aeb521f7-8052-4718-a985-3e2c36a85d4c","local_time":"20181112190505","is_ascension_mode":false,"campfire_choices":[{"data":"Inflame","floor":6,"key":"SMITH"},{"data":"Whirlwind","floor":8,"key":"SMITH"},{"data":"Armaments","floor":15,"key":"SMITH"},{"floor":24,"key":"REST"},{"floor":30,"key":"REST"},{"floor":32,"key":"RECALL"}],"neow_cost":"NONE","seed_source_timestamp":7157431486070,"circlet_count":0,"master_deck":["Strike_R","Strike_R","Strike_R","Strike_R","Strike_R","Defend_R","Defend_R","Defend_R","Defend_R","Bash","Ghostly Armor","Iron Wave","Flex","Inflame+1","Whirlwind+1","Thunderclap","Armaments+1","Feed","Inflame+1","Impervious","Uppercut+1","Mayhem"],"relics":["Burning Blood","Odd Mushroom","Bag of Marbles","Singing Bowl","Matryoshka","WingedGreaves","Mark of Pain","Lantern","Tiny Chest","Art of War","Ancient Tea Set"],"potions_floor_usage":[12,13,18,33,33,33],"damage_taken":[{"damage":10,"enemies":"Jaw Worm","floor":1,"turns":4},{"damage":1,"enemies":"Small Slimes","floor":2,"turns":3},{"damage":0,"enemies":"Cultist","floor":3,"turns":5},{"damage":12,"enemies":"Gremlin Gang","floor":4,"turns":11},{"damage":13,"enemies":"The Mushroom Lair","floor":7,"turns":5},{"damage":33,"enemies":"Gremlin Nob","floor":10,"turns":5},{"damage":0,"enemies":"Exordium Thugs","floor":12,"turns":2},{"damage":16,"enemies":"Lagavulin","floor":13,"turns":7},{"damage":22,"enemies":"The Guardian","floor":16,"turns":15},{"damage":5,"enemies":"2 Thieves","floor":18,"turns":3},{"damage":19,"enemies":"Spheric Guardian","floor":20,"turns":5},{"damage":18,"enemies":"Snecko","floor":21,"turns":5},{"damage":20,"enemies":"3 Cultists","floor":22,"turns":5},{"damage":37,"enemies":"Book of Stabbing","floor":23,"turns":5},{"damage":0,"enemies":"Gremlin Leader","floor":25,"turns":5},{"damage":48,"enemies":"Sentry and Sphere","floor":27,"turns":6},{"damage":17,"enemies":"Shelled Parasite and Fungi","floor":28,"turns":6},{"damage":11,"enemies":"Snake Plant","floor":31,"turns":4},{"damage":47,"enemies":"Automaton","floor":33,"turns":6}],"seed_played":"5142113712297432190","potions_obtained":[{"floor":1,"key":"Ancient Potion"},{"floor":2,"key":"SkillPotion"},{"floor":7,"key":"SpeedPotion"},{"floor":10,"key":"Fire Potion"},{"floor":13,"key":"Block Potion"},{"floor":16,"key":"Explosive Potion"},{"floor":20,"key":"FearPotion"},{"floor":23,"key":"Dexterity Potion"}],"is_trial":false,"path_per_floor":["M","M","M","M","?","R","?","R","T","E","?","M","E","$","R","B",null,"M","?","M","M","M","E","R","E","T","M","M","$","R","M","R","B"],"character_chosen":"IRONCLAD","items_purchased":["Ancient Tea Set","Mayhem"],"campfire_rested":2,"item_purchase_floors":[29,29],"current_hp_per_floor":[84,88,88,82,87,87,80,80,80,53,50,58,48,48,48,32,95,97,88,77,67,53,24,54,60,60,18,13,13,45,42,42,0],"gold":319,"neow_bonus":"TEN_PERCENT_HP_BONUS","is_prod":false,"is_daily":false,"chose_seed":false,"campfire_upgraded":3,"win_rate":0,"timestamp":1542009905,"path_taken":["M","M","M","M","?","R","?","R","T","E","?","M","E","$","R","BOSS","M","?","?","M","M","E","R","E","T","?","M","?","R","M","R","BOSS"],"build_version":"2018-11-08","purchased_purges":0,"victory":false,"max_hp_per_floor":[88,88,88,88,93,93,93,93,93,93,93,95,95,95,95,95,95,97,97,99,101,101,103,103,103,103,103,109,109,109,111,111,111],"card_choices":[{"not_picked":["Heavy Blade","Pummel"],"picked":"Ghostly Armor","floor":1},{"not_picked":["Headbutt","Entrench"],"picked":"Iron Wave","floor":2},{"not_picked":["Ghostly Armor","Dark Embrace"],"picked":"Flex","floor":3},{"not_picked":["Rampage","Shockwave"],"picked":"Inflame","floor":4},{"not_picked":["Flex","Perfected Strike"],"picked":"Whirlwind","floor":7},{"not_picked":["Perfected Strike","Warcry"],"picked":"Thunderclap","floor":10},{"not_picked":["Perfected Strike","Burning Pact","Flex"],"picked":"Singing Bowl","floor":12},{"not_picked":["Hemokinesis","Reaper"],"picked":"Armaments","floor":13},{"not_picked":["Exhume","Offering"],"picked":"Feed","floor":16},{"not_picked":["Iron Wave","Clothesline","Thunderclap"],"picked":"Singing Bowl","floor":18},{"not_picked":["Dropkick","Feel No Pain+1","True Grit"],"picked":"Singing Bowl","floor":20},{"not_picked":["Second Wind","Perfected Strike","Warcry"],"picked":"Singing Bowl","floor":21},{"not_picked":["Heavy Blade+1","Twin Strike+1"],"picked":"Inflame+1","floor":22},{"not_picked":["Evolve","Wild Strike+1","Iron Wave"],"picked":"Singing Bowl","floor":23},{"not_picked":["Feel No Pain+1","Uppercut"],"picked":"Impervious","floor":25},{"not_picked":["Rupture","Shockwave"],"picked":"Uppercut+1","floor":27},{"not_picked":["Flex","Havoc","Feel No Pain"],"picked":"Singing Bowl","floor":28},{"not_picked":["Headbutt","Iron Wave","Warcry"],"picked":"Singing Bowl","floor":31}],"player_experience":202530,"relics_obtained":[{"floor":7,"key":"Odd Mushroom"},{"floor":9,"key":"Bag of Marbles"},{"floor":10,"key":"Singing Bowl"},{"floor":13,"key":"WingedGreaves"},{"floor":23,"key":"Lantern"},{"floor":25,"key":"Tiny Chest"},{"floor":26,"key":"Art of War"}],"event_choices":[{"damage_healed":0,"gold_gain":0,"player_choice":"Donut","damage_taken":0,"max_hp_gain":5,"max_hp_loss":0,"event_name":"Big Fish","floor":5,"gold_loss":0},{"damage_healed":0,"gold_gain":0,"player_choice":"Fought Mushrooms","damage_taken":0,"max_hp_gain":0,"max_hp_loss":0,"event_name":"Mushrooms","floor":7,"gold_loss":0},{"damage_healed":0,"gold_gain":0,"player_choice":"Success","damage_taken":3,"relics_obtained":["Matryoshka"],"max_hp_gain":0,"max_hp_loss":0,"event_name":"Scrap Ooze","floor":11,"gold_loss":0},{"damage_healed":0,"gold_gain":75,"player_choice":"Touch","damage_taken":9,"max_hp_gain":0,"max_hp_loss":0,"event_name":"FaceTrader","floor":19,"gold_loss":0}],"is_beta":true,"boss_relics":[{"not_picked":["Coffee Dripper","Black Blood"],"picked":"Mark of Pain"}],"items_purged_floors":[],"is_endless":false,"potions_floor_spawned":[1,2,7,10,13,16,20,23,27,31],"killed_by":"Automaton","ascension_level":0}