{"gold_per_floor":[114,128,128,128,141,175,175,207,207,221,221,221,250,250,250,353,403,415,432,432,128,128,128,154,173,226,226,237,237,162,162,162,162],"floor_reached":33,"playtime":1564,"items_purged":["Strike_B"],"score":346,"play_id":"737a4af9-b9cb-4ace-8e68-f9f251f5d0df","local_time":"20190528111558","is_ascension_mode":true,"campfire_choices":[{"data":"Zap","floor":7.0,"key":"SMITH"},{"data":"Leap","floor":11.0,"key":"SMITH"},{"data":"Electrodynamics","floor":15.0,"key":"SMITH"},{"data":"Beam Cell","floor":23,"key":"SMITH"},{"data":"Buffer","floor":29,"key":"SMITH"},{"data":"Leap","floor":32,"key":"SMITH"}],"neow_cost":"NONE","seed_source_timestamp":0,"circlet_count":0,"master_deck":["Strike_B","Defend_B","Defend_B","Defend_B+1","Zap+1","Dualcast+1","Beam Cell+1","Cold Snap","Leap+1","Cold Snap","Ball Lightning","Leap+1","Electrodynamics+1","Reboot","Ghostly+1","Ghostly","Ghostly","Ghostly","Ghostly","Buffer+1"],"special_seed":0,"relics":["Cracked Core","NeowsBlessing","Blood Vial","Bag of Preparation","Mummified Hand","Pantograph","Boot","Unceasing Top","Tiny House","Turnip","Ginger","War Paint","Nunchaku"],"potions_floor_usage":[33],"damage_taken":[{"damage":0.0,"enemies":"Cultist","floor":1.0,"turns":1.0},{"damage":0.0,"enemies":"Jaw Worm","floor":2.0,"turns":1.0},{"damage":0.0,"enemies":"2 Louse","floor":5.0,"turns":1.0},{"damage":17.0,"enemies":"3 Sentries","floor":6.0,"turns":9.0},{"damage":23.0,"enemies":"Lagavulin","floor":8.0,"turns":6.0},{"damage":0.0,"enemies":"2 Fungi Beasts","floor":10.0,"turns":3.0},{"damage":7.0,"enemies":"Gremlin Nob","floor":13.0,"turns":4.0},{"damage":26.0,"enemies":"Hexaghost","floor":16.0,"turns":11.0},{"damage":0,"enemies":"Chosen","floor":18,"turns":4},{"damage":11,"enemies":"2 Thieves","floor":19,"turns":3},{"damage":0,"enemies":"Gremlin Leader","floor":24,"turns":7},{"damage":0,"enemies":"Snake Plant","floor":25,"turns":6},{"damage":2,"enemies":"Centurion and Healer","floor":28,"turns":6},{"damage":52,"enemies":"Automaton","floor":33,"turns":14}],"seed_played":"7139794370471878822","potions_obtained":[{"floor":1.0,"key":"Weak Potion"},{"floor":6.0,"key":"SpeedPotion"},{"floor":17,"key":"Ancient Potion"},{"floor":18,"key":"SkillPotion"}],"is_trial":false,"path_per_floor":["M","M","T","?","M","E","R","E","T","M","R","?","E","?","R","B",null,"M","M","?","$","?","R","E","M","T","?","M","R","$","?","R","B"],"character_chosen":"DEFECT","items_purchased":["Turnip"],"campfire_rested":0,"item_purchase_floors":[21],"current_hp_per_floor":[75,75,75,68,70,55,55,34,34,36,36,29,24,24,24,25,80,80,69,69,69,40,40,40,40,40,40,38,38,38,38,38,0],"gold":162,"neow_bonus":"THREE_ENEMY_KILL","is_prod":false,"is_daily":false,"chose_seed":false,"campfire_upgraded":6,"win_rate":0,"timestamp":1559063758,"path_taken":["M","?","?","?","M","E","R","E","T","M","R","?","E","?","R","BOSS","M","M","?","?","?","R","E","M","T","?","?","R","$","?","R","BOSS"],"build_version":"2019-01-23","purchased_purges":1,"victory":false,"max_hp_per_floor":[75,75,75,75,75,75,75,75,75,75,75,75,75,75,75,75,80,80,80,80,80,40,40,40,40,40,40,40,40,40,40,40,40],"card_choices":[{"not_picked":["White Noise","Heatsinks"],"picked":"Beam Cell","floor":1.0},{"not_picked":["Turbo","Skim"],"picked":"Cold Snap","floor":2.0},{"not_picked":["Beam Cell","Doom and Gloom"],"picked":"Leap","floor":5.0},{"not_picked":["Lockon","Seek"],"picked":"Cold Snap","floor":6.0},{"not_picked":["Auto Shields","Leap"],"picked":"Ball Lightning","floor":8.0},{"not_picked":["Skim","Compile Driver"],"picked":"Leap","floor":10.0},{"not_picked":["Redo","Melter"],"picked":"Electrodynamics","floor":13.0},{"not_picked":["All For One","Hyperbeam"],"picked":"Reboot","floor":16.0},{"not_picked":["Melter","Go for the Eyes","Consume"],"picked":"SKIP","floor":18},{"not_picked":["Hologram","Barrage","Redo"],"picked":"SKIP","floor":19},{"not_picked":["Thunder Strike","Beam Cell"],"picked":"Buffer","floor":24},{"not_picked":["Hologram","Stack+1","Streamline"],"picked":"SKIP","floor":25},{"not_picked":["Streamline","Thunder Strike","Turbo"],"picked":"SKIP","floor":28}],"player_experience":649333,"relics_obtained":[{"floor":3.0,"key":"Blood Vial"},{"floor":6.0,"key":"Bag of Preparation"},{"floor":8.0,"key":"Mummified Hand"},{"floor":9.0,"key":"Pantograph"},{"floor":13.0,"key":"Unceasing Top"},{"floor":24,"key":"Ginger"},{"floor":26,"key":"War Paint"}],"event_choices":[{"cards_removed":["Strike_B"],"damage_healed":0.0,"max_hp_gain":0.0,"max_hp_loss":0.0,"gold_gain":0.0,"event_name":"Golden Wing","player_choice":"Card Removal","floor":4.0,"gold_loss":0.0,"damage_taken":7.0},{"damage_healed":0.0,"max_hp_gain":0.0,"max_hp_loss":0.0,"gold_gain":0.0,"event_name":"Scrap Ooze","player_choice":"Success","floor":12.0,"gold_loss":0.0,"damage_taken":7.0,"relics_obtained":["Boot"]},{"cards_removed":["Strike_B"],"damage_healed":0.0,"max_hp_gain":0.0,"max_hp_loss":0.0,"gold_gain":0.0,"event_name":"Purifier","player_choice":"Purged","floor":14.0,"gold_loss":0.0,"damage_taken":0.0},{"cards_removed":["Defend_B"],"damage_healed":0,"gold_gain":0,"player_choice":"Offered Basic","damage_taken":0,"max_hp_gain":0,"max_hp_loss":0,"event_name":"Bonfire Elementals","floor":20,"gold_loss":0},{"damage_healed":0,"gold_gain":0,"player_choice":"Became a Ghost","damage_taken":0,"max_hp_gain":0,"max_hp_loss":40,"event_name":"Ghosts","floor":22,"gold_loss":0,"cards_obtained":["Ghostly","Ghostly","Ghostly","Ghostly","Ghostly"]},{"damage_healed":0,"gold_gain":0,"player_choice":"Gave Potion","damage_taken":0,"relics_obtained":["Nunchaku"],"max_hp_gain":0,"max_hp_loss":0,"event_name":"WeMeetAgain","floor":27,"gold_loss":0},{"damage_healed":0,"gold_gain":0,"player_choice":"Ignored","damage_taken":0,"max_hp_gain":0,"max_hp_loss":0,"event_name":"The Mausoleum","floor":31,"gold_loss":0}],"is_beta":false,"boss_relics":[{"not_picked":["Empty Cage","Calling Bell"],"picked":"Tiny House"}],"items_purged_floors":[30],"is_endless":false,"potions_floor_spawned":[1,6,18,25],"killed_by":"Automaton","ascension_level":1}