{"gold_per_floor":[17,17,29,41,41,41,53,53,53,78,92,92,92],"floor_reached":13,"playtime":400,"items_purged":[],"score":149,"play_id":"8c60a400-aab9-42c1-bb94-826b50159f3d","local_time":"20190524165438","is_ascension_mode":true,"campfire_choices":[{"data":"Twin Strike","floor":6,"key":"SMITH"},{"floor":12,"key":"REST"}],"neow_cost":"NO_GOLD","seed_source_timestamp":284389366911175,"circlet_count":0,"master_deck":["AscendersBane","Strike_R","Strike_R+1","Strike_R","Strike_R+1","Strike_R","Defend_R","Defend_R","Defend_R","Defend_R","Bash+1","Twin Strike+1","Iron Wave"],"relics":["Burning Blood","Peace Pipe","Sundial","Singing Bowl","Dodecahedron"],"potions_floor_usage":[10],"damage_taken":[{"damage":3,"enemies":"2 Louse","floor":1,"turns":4},{"damage":18,"enemies":"Jaw Worm","floor":3,"turns":4},{"damage":2,"enemies":"Small Slimes","floor":4,"turns":4},{"damage":3,"enemies":"2 Fungi Beasts","floor":7,"turns":3},{"damage":40,"enemies":"3 Sentries","floor":10,"turns":9},{"damage":11,"enemies":"Blue Slaver","floor":11,"turns":3}],"seed_played":"5045990744990366834","potions_obtained":[{"floor":3,"key":"Regen Potion"},{"floor":10,"key":"Weak Potion"}],"is_trial":false,"path_per_floor":["M","?","M","M","?","R","M","T","T","E","M","R","?"],"character_chosen":"IRONCLAD","items_purchased":[],"campfire_rested":1,"item_purchase_floors":[],"current_hp_per_floor":[71,71,59,63,40,40,43,43,43,26,21,44,0],"gold":92,"neow_bonus":"ONE_RARE_RELIC","is_prod":false,"is_daily":false,"chose_seed":false,"campfire_upgraded":1,"win_rate":0,"timestamp":1558738478,"path_taken":["M","?","M","M","?","R","M","?","T","E","M","R","?"],"build_version":"2019-01-23","purchased_purges":0,"victory":false,"max_hp_per_floor":[75,75,75,75,75,75,75,75,75,77,77,77,77],"card_choices":[{"not_picked":["Wild Strike","Heavy Blade"],"picked":"Twin Strike","floor":1},{"not_picked":["Wild Strike","Battle Trance","Headbutt"],"picked":"SKIP","floor":3},{"not_picked":["Second Wind","Pummel","Metallicize"],"picked":"SKIP","floor":4},{"not_picked":["Twin Strike","Headbutt","Armaments"],"picked":"SKIP","floor":7},{"not_picked":["Exhume","Clothesline","Spot Weakness"],"picked":"Singing Bowl","floor":10},{"not_picked":["Fire Breathing","Carnage"],"picked":"Iron Wave","floor":11}],"player_experience":588487,"relics_obtained":[{"floor":8,"key":"Sundial"},{"floor":9,"key":"Singing Bowl"},{"floor":10,"key":"Dodecahedron"}],"event_choices":[{"damage_healed":0,"gold_gain":0,"player_choice":"Grow","damage_taken":0,"max_hp_gain":0,"max_hp_loss":0,"event_name":"Living Wall","floor":2,"gold_loss":0,"cards_upgraded":["Bash"]},{"damage_healed":0,"gold_gain":0,"player_choice":"Entered Light","damage_taken":23,"max_hp_gain":0,"max_hp_loss":0,"event_name":"Shining Light","floor":5,"gold_loss":0,"cards_upgraded":["Strike_R","Strike_R"]}],"is_beta":false,"boss_relics":[],"items_purged_floors":[],"is_endless":false,"potions_floor_spawned":[3,10],"ascension_level":15}