{"gold_per_floor":[10,26,40,5,5,5,37,37,37,56,82,82,95,105,105,105],"floor_reached":16,"playtime":1088,"items_purged":[],"score":224,"play_id":"1dac0713-87c8-4278-a56a-1cffd713da76","local_time":"20190403232751","is_ascension_mode":true,"campfire_choices":[{"data":"Neutralize","floor":6,"key":"SMITH"},{"data":"Footwork","floor":8,"key":"SMITH"},{"floor":12,"key":"REST"},{"data":"Crippling Poison","floor":15,"key":"SMITH"}],"neow_cost":"NO_GOLD","seed_source_timestamp":526305793734759,"circlet_count":0,"master_deck":["AscendersBane","Defend_G","Defend_G","Defend_G","Defend_G","Strike_G","Strike_G","Strike_G","Survivor","Neutralize+1","Deadly Poison","Venomology","Well Laid Plans","Crippling Poison+1","Footwork+1","Poisoned Stab","Backflip"],"relics":["Ring of the Snake","Matryoshka","Potion Belt","Art of War","Dodecahedron"],"potions_floor_usage":[3,7,7,13,14,16,16,16,16,16,16,16],"damage_taken":[{"damage":3,"enemies":"Cultist","floor":1,"turns":5},{"damage":0,"enemies":"Small Slimes","floor":2,"turns":5},{"damage":0,"enemies":"2 Louse","floor":3,"turns":3},{"damage":28,"enemies":"3 Sentries","floor":7,"turns":15},{"damage":5,"enemies":"Exordium Wildlife","floor":10,"turns":5},{"damage":14,"enemies":"Lagavulin","floor":11,"turns":8},{"damage":0,"enemies":"Gremlin Gang","floor":13,"turns":4},{"damage":0,"enemies":"Blue Slaver","floor":14,"turns":5},{"damage":39,"enemies":"Slime Boss","floor":16,"turns":13}],"seed_played":"5695458747412226641","potions_obtained":[{"floor":7,"key":"Explosive Potion"},{"floor":11,"key":"Dexterity Potion"}],"is_trial":false,"path_per_floor":["M","M","M","?","?","R","E","R","T","M","E","R","M","M","R","B"],"character_chosen":"THE_SILENT","items_purchased":[],"campfire_rested":1,"item_purchase_floors":[],"current_hp_per_floor":[56,56,56,66,66,66,38,38,38,33,19,38,38,38,38,0],"gold":105,"neow_bonus":"TRANSFORM_TWO_CARDS","is_prod":false,"is_daily":false,"chose_seed":false,"campfire_upgraded":3,"win_rate":0,"timestamp":1554355671,"path_taken":["M","M","M","?","?","R","E","R","T","?","E","R","M","M","R","BOSS"],"build_version":"2019-01-23","purchased_purges":0,"victory":false,"max_hp_per_floor":[66,66,66,66,66,66,66,66,66,66,66,66,66,66,66,66],"card_choices":[{"not_picked":["Deadly Poison","Bane"],"picked":"Well Laid Plans","floor":1},{"not_picked":["Blade Dance","Tactician"],"picked":"Crippling Poison","floor":2},{"not_picked":["Outmaneuver","Cloak And Dagger","Heel Hook"],"picked":"SKIP","floor":3},{"not_picked":["Acrobatics","Choke"],"picked":"Footwork","floor":7},{"not_picked":["Finisher","Eviscerate","Deflect"],"picked":"SKIP","floor":10},{"not_picked":["Expertise","Cloak And Dagger"],"picked":"Poisoned Stab","floor":11},{"not_picked":["Blade Dance","Cloak And Dagger"],"picked":"Backflip","floor":13},{"not_picked":["Deadly Poison","Dagger Throw","Deflect"],"picked":"SKIP","floor":14}],"player_experience":431246,"relics_obtained":[{"floor":7,"key":"Matryoshka"},{"floor":9,"key":"Potion Belt"},{"floor":9,"key":"Art of War"},{"floor":11,"key":"Dodecahedron"}],"event_choices":[{"damage_healed":16,"gold_gain":0,"player_choice":"Healed","damage_taken":0,"max_hp_gain":0,"max_hp_loss":0,"event_name":"The Cleric","floor":4,"gold_loss":35},{"cards_removed":["Defend_G"],"damage_healed":0,"gold_gain":0,"player_choice":"Offered Basic","damage_taken":0,"max_hp_gain":0,"max_hp_loss":0,"event_name":"Bonfire Elementals","floor":5,"gold_loss":0}],"is_beta":false,"boss_relics":[],"items_purged_floors":[],"is_endless":false,"potions_floor_spawned":[3,7,11,13],"killed_by":"Slime Boss","ascension_level":20}