{"gold_per_floor":[115,115,190,209,209,209,237,237,237,256,180,200,210,240,240,314,314,314,314,314,314,314,314,314,314,314,10,10,10,10,10,10,10,10,10,10,10,10,10,10,0,0,0,0,0,0,0,0,0,0],"floor_reached":51,"playtime":1981,"items_purged":[],"score":1218,"play_id":"d5ba7e9e-6f95-4895-bf2a-bdfefb7d5230","local_time":"20190520003001","is_ascension_mode":true,"campfire_choices":[{"data":"Inflame","floor":6.0,"key":"SMITH"},{"floor":8.0,"key":"REST"},{"data":"Heavy Blade","floor":15.0,"key":"SMITH"},{"data":"Whirlwind","floor":23,"key":"SMITH"},{"data":"Clothesline","floor":32,"key":"SMITH"},{"data":"Flame Barrier","floor":40,"key":"SMITH"},{"data":"Impervious","floor":46,"key":"SMITH"},{"data":"Defend_R","floor":49,"key":"SMITH"}],"neow_cost":"TEN_PERCENT_HP_LOSS","seed_source_timestamp":1473229283888355,"circlet_count":0,"master_deck":["AscendersBane","Strike_R","Strike_R","Defend_R","Defend_R","Defend_R","Defend_R+1","Bash+1","Clothesline+1","Pommel Strike+1","Inflame+1","Flame Barrier+1","Impervious+1","Whirlwind+1","Heavy Blade+1","Limit Break+1","Impervious+1","Power Through+1"],"special_seed":0,"relics":["Burning Blood","Prayer Wheel","Champion Belt","Meat on the Bone","Toxic Egg 2","Ectoplasm","Whetstone","Pen Nib","Oddly Smooth Stone","Shuriken","Gambling Chip","Dodecahedron","Sozu","StoneCalendar","Unceasing Top","Red Mask","Mercury Hourglass","Bird Faced Urn"],"potions_floor_usage":[16,33,45],"damage_taken":[{"damage":0.0,"enemies":"2 Louse","floor":1.0,"turns":3.0},{"damage":15.0,"enemies":"Small Slimes","floor":4.0,"turns":5.0},{"damage":30.0,"enemies":"Gremlin Nob","floor":7.0,"turns":5.0},{"damage":7.0,"enemies":"Jaw Worm","floor":10.0,"turns":3.0},{"damage":0.0,"enemies":"3 Louse","floor":12.0,"turns":2.0},{"damage":5.0,"enemies":"Red Slaver","floor":13.0,"turns":4.0},{"damage":35.0,"enemies":"Lagavulin","floor":14.0,"turns":7.0},{"damage":25,"enemies":"Slime Boss","floor":16,"turns":10},{"damage":0,"enemies":"3 Byrds","floor":18,"turns":4},{"damage":24,"enemies":"Spheric Guardian","floor":20,"turns":6},{"damage":14,"enemies":"Chosen and Byrds","floor":22,"turns":5},{"damage":16,"enemies":"Centurion and Healer","floor":24,"turns":7},{"damage":0,"enemies":"Snecko","floor":25,"turns":4},{"damage":11,"enemies":"Snake Plant","floor":28,"turns":3},{"damage":20,"enemies":"Shelled Parasite and Fungi","floor":29,"turns":4},{"damage":16,"enemies":"Colosseum Slavers","floor":31,"turns":6},{"damage":15,"enemies":"Colosseum Nobs","floor":31,"turns":4},{"damage":38,"enemies":"Collector","floor":33,"turns":7},{"damage":0,"enemies":"3 Shapes","floor":35,"turns":3},{"damage":0,"enemies":"Orb Walker","floor":36,"turns":5},{"damage":0,"enemies":"2 Orb Walkers","floor":37,"turns":2},{"damage":0,"enemies":"Mind Bloom Boss Battle","floor":38,"turns":4},{"damage":0,"enemies":"Nemesis","floor":42,"turns":3},{"damage":0,"enemies":"Maw","floor":44,"turns":5},{"damage":4,"enemies":"Spire Growth","floor":45,"turns":5},{"damage":11,"enemies":"Time Eater","floor":50,"turns":8}],"seed_played":"-4208188535923422333","potions_obtained":[{"floor":1.0,"key":"SpeedPotion"},{"floor":13.0,"key":"FairyPotion"},{"floor":14.0,"key":"Regen Potion"},{"floor":20,"key":"Swift Potion"},{"floor":22,"key":"SkillPotion"}],"is_trial":false,"path_per_floor":["M","?","?","M","?","R","E","R","T","M","$","M","M","E","R","B",null,"M","$","M","?","M","R","M","M","T","$","M","M","T","?","R","B",null,"M","M","?","?","?","R","?","E","T","M","M","R","?","$","R","B",null],"character_chosen":"IRONCLAD","items_purchased":["Whirlwind","Pen Nib","Oddly Smooth Stone"],"campfire_rested":1,"item_purchase_floors":[11,27,27],"current_hp_per_floor":[68,68,57,48,41,41,17,37,37,48,48,54,55,38,38,46,63,68,68,50,44,48,48,50,56,56,56,51,49,49,42,42,22,57,63,68,68,68,68,68,68,68,68,68,68,68,68,68,68,63],"gold":0,"neow_bonus":"TRANSFORM_TWO_CARDS","is_prod":false,"is_daily":false,"chose_seed":false,"campfire_upgraded":7,"win_rate":0,"timestamp":1558333801,"path_taken":["M","?","?","M","?","R","E","R","T","M","$","M","?","E","R","BOSS","M","$","M","?","M","R","?","M","T","$","M","M","?","?","R","BOSS","M","M","?","?","?","R","?","E","T","?","M","R","?","$","R","BOSS"],"build_version":"2019-01-23","purchased_purges":0,"victory":true,"max_hp_per_floor":[68,68,68,68,68,68,68,68,68,68,68,68,68,68,68,68,68,68,68,68,68,68,68,68,68,68,68,68,68,68,68,68,68,68,68,68,68,68,68,68,68,68,68,68,68,68,68,68,68,68],"card_choices":[{"not_picked":["Seeing Red","Flex","Wild Strike"],"picked":"SKIP","floor":1.0},{"not_picked":["Perfected Strike","Warcry"],"picked":"Inflame","floor":4.0},{"not_picked":["Perfected Strike","Combust","Armaments"],"picked":"SKIP","floor":4.0},{"not_picked":["Warcry","Hemokinesis","Pommel Strike"],"picked":"SKIP","floor":7.0},{"not_picked":["Disarm","Clash"],"picked":"Flame Barrier","floor":10.0},{"not_picked":["Pommel Strike","Battle Trance"],"picked":"Impervious","floor":10.0},{"not_picked":["Armaments","Shrug It Off","Pommel Strike"],"picked":"SKIP","floor":12.0},{"not_picked":["Twin Strike","Clothesline","Anger"],"picked":"SKIP","floor":12.0},{"not_picked":["Havoc","Shockwave"],"picked":"Heavy Blade","floor":13.0},{"not_picked":["Warcry","Wild Strike","Clash"],"picked":"SKIP","floor":13.0},{"not_picked":["Shrug It Off","Sentinel"],"picked":"Limit Break","floor":14.0},{"not_picked":["Fiend Fire","Bludgeon"],"picked":"Impervious+1","floor":16},{"not_picked":["Searing Blow","Pommel Strike+1","Perfected Strike"],"picked":"SKIP","floor":18},{"not_picked":["Uppercut+1","Cleave","Heavy Blade"],"picked":"SKIP","floor":18},{"not_picked":["Heavy Blade","Sword Boomerang","Corruption"],"picked":"SKIP","floor":20},{"not_picked":["Metallicize","Wild Strike","Evolve"],"picked":"SKIP","floor":20},{"not_picked":["Sever Soul","Perfected Strike","Battle Trance+1"],"picked":"SKIP","floor":22},{"not_picked":["Burning Pact+1","Headbutt","Iron Wave"],"picked":"SKIP","floor":22},{"not_picked":["Sever Soul","Fire Breathing","Shockwave+1"],"picked":"SKIP","floor":24},{"not_picked":["Clash","Havoc+1","Inflame"],"picked":"SKIP","floor":24},{"not_picked":["Feel No Pain","Intimidate+1","Reckless Charge"],"picked":"SKIP","floor":25},{"not_picked":["Clothesline","Clash","Bludgeon"],"picked":"SKIP","floor":25},{"not_picked":["Clash","Second Wind+1","Shrug It Off+1"],"picked":"SKIP","floor":28},{"not_picked":["Cleave+1","Twin Strike+1","Sentinel+1"],"picked":"SKIP","floor":28},{"not_picked":["Rampage+1","Metallicize","Reckless Charge"],"picked":"SKIP","floor":29},{"not_picked":["Battle Trance+1","Anger+1","Twin Strike"],"picked":"SKIP","floor":29},{"not_picked":["Dual Wield+1","Infernal Blade+1"],"picked":"Power Through+1","floor":35},{"not_picked":["Havoc+1","Twin Strike","True Grit+1"],"picked":"SKIP","floor":35},{"not_picked":["Corruption","Burning Pact+1","Spot Weakness+1"],"picked":"SKIP","floor":36},{"not_picked":["Flex+1","Ghostly Armor+1","Wild Strike+1"],"picked":"SKIP","floor":36},{"not_picked":["Pommel Strike+1","Brutality","Twin Strike"],"picked":"SKIP","floor":42},{"not_picked":["Twin Strike","Anger+1","Warcry+1"],"picked":"SKIP","floor":44},{"not_picked":["Seeing Red+1","Combust","Headbutt"],"picked":"SKIP","floor":44},{"not_picked":["Wild Strike","Perfected Strike","Sentinel+1"],"picked":"SKIP","floor":45},{"not_picked":["Pommel Strike","Havoc+1","Searing Blow"],"picked":"SKIP","floor":45}],"player_experience":574726,"relics_obtained":[{"floor":7.0,"key":"Champion Belt"},{"floor":9.0,"key":"Meat on the Bone"},{"floor":14.0,"key":"Toxic Egg 2"},{"floor":26,"key":"Whetstone"},{"floor":30,"key":"Shuriken"},{"floor":31,"key":"Gambling Chip"},{"floor":31,"key":"Dodecahedron"},{"floor":37,"key":"StoneCalendar"},{"floor":38,"key":"Unceasing Top"},{"floor":42,"key":"Mercury Hourglass"},{"floor":43,"key":"Bird Faced Urn"}],"event_choices":[{"damage_healed":0.0,"max_hp_gain":0.0,"max_hp_loss":0.0,"gold_gain":0.0,"event_name":"Big Fish","player_choice":"Box","floor":2.0,"gold_loss":0.0,"damage_taken":0.0,"relics_obtained":["Prayer Wheel"],"cards_obtained":["Regret"]},{"damage_healed":0.0,"max_hp_gain":0.0,"max_hp_loss":0.0,"gold_gain":75.0,"event_name":"World of Goop","player_choice":"Gather Gold","floor":3.0,"gold_loss":0.0,"damage_taken":11.0},{"cards_removed":["Regret"],"damage_healed":0.0,"max_hp_gain":0.0,"max_hp_loss":0.0,"gold_gain":0.0,"event_name":"Golden Wing","player_choice":"Card Removal","floor":5.0,"gold_loss":0.0,"damage_taken":7.0},{"damage_healed":0,"gold_gain":0,"player_choice":"Damaged","damage_taken":6,"max_hp_gain":0,"max_hp_loss":0,"event_name":"Wheel of Change","floor":21,"gold_loss":0},{"damage_healed":0,"gold_gain":0,"player_choice":"Fight","damage_taken":0,"max_hp_gain":0,"max_hp_loss":0,"event_name":"Colosseum","floor":31,"gold_loss":0},{"damage_healed":0,"gold_gain":0,"player_choice":"Fought Nobs","damage_taken":0,"max_hp_gain":0,"max_hp_loss":0,"event_name":"Colosseum","floor":31,"gold_loss":0},{"damage_healed":0,"gold_gain":0,"player_choice":"Fight","damage_taken":0,"max_hp_gain":0,"max_hp_loss":0,"event_name":"Mysterious Sphere","floor":37,"gold_loss":0},{"damage_healed":0,"gold_gain":0,"player_choice":"Fight","damage_taken":0,"max_hp_gain":0,"max_hp_loss":0,"event_name":"MindBloom","floor":38,"gold_loss":0},{"damage_healed":0,"gold_gain":0,"player_choice":"Memory 1","damage_taken":0,"max_hp_gain":0,"max_hp_loss":0,"event_name":"SensoryStone","floor":39,"gold_loss":0},{"damage_healed":0,"gold_gain":0,"player_choice":"Paid","damage_taken":0,"relics_obtained":["Red Mask"],"max_hp_gain":0,"max_hp_loss":0,"event_name":"Tomb of Lord Red Mask","floor":41,"gold_loss":10},{"cards_removed":["Strike_R"],"damage_healed":0,"gold_gain":0,"player_choice":"Removed Attack","damage_taken":0,"max_hp_gain":0,"max_hp_loss":0,"event_name":"Falling","floor":47,"gold_loss":0}],"is_beta":false,"boss_relics":[{"not_picked":["Eternal Feather","Black Star"],"picked":"Ectoplasm"},{"not_picked":["Pandora\u0027s Box","Philosopher\u0027s Stone"],"picked":"Sozu"}],"items_purged_floors":[],"is_endless":false,"potions_floor_spawned":[1,13,14,20,22,25,31,36,37,42,45],"ascension_level":14}