{"gold_per_floor":[110,129,143,155,155,180,195,195,195,211,211,240,260,106,106,106],"floor_reached":16,"playtime":709,"items_purged":[],"score":114,"play_id":"e7753452-6690-4b62-b990-4c396525a2f2","local_time":"20181104164533","is_ascension_mode":false,"campfire_choices":[{"floor":8,"key":"REST"},{"floor":11,"key":"RECALL"},{"floor":15,"key":"REST"}],"neow_cost":"NONE","seed_source_timestamp":26856193933802,"circlet_count":0,"master_deck":["Defend_G","Defend_G","Defend_G","Defend_G","Defend_G","Strike_G","Strike_G","Strike_G","Strike_G","Survivor","Neutralize","Dagger Spray","Flying Knee","Acrobatics","Backflip","Well Laid Plans","Deflect+1","Cloak And Dagger+1","Outmaneuver"],"relics":["Ring of the Snake","NeowsBlessing","Paper Crane","Lantern","War Paint"],"potions_floor_usage":[16,16],"damage_taken":[{"damage":0,"enemies":"Cultist","floor":1,"turns":1},{"damage":0,"enemies":"2 Louse","floor":2,"turns":1},{"damage":0,"enemies":"Jaw Worm","floor":3,"turns":1},{"damage":7,"enemies":"Blue Slaver","floor":4,"turns":4},{"damage":43,"enemies":"Lagavulin","floor":6,"turns":10},{"damage":0,"enemies":"3 Louse","floor":7,"turns":4},{"damage":1,"enemies":"Exordium Wildlife","floor":10,"turns":6},{"damage":34,"enemies":"Gremlin Nob","floor":12,"turns":6},{"damage":0,"enemies":"Red Slaver","floor":13,"turns":3},{"damage":29,"enemies":"Hexaghost","floor":16,"turns":11}],"seed_played":"-633557943741262441","potions_obtained":[{"floor":1,"key":"SpeedPotion"},{"floor":6,"key":"SkillPotion"},{"floor":7,"key":"Weak Potion"}],"is_trial":false,"path_per_floor":["M","M","M","M","?","E","M","R","T","M","R","E","M","$","R","B"],"character_chosen":"THE_SILENT","items_purchased":["War Paint"],"campfire_rested":2,"item_purchase_floors":[14],"current_hp_per_floor":[70,70,70,63,63,20,20,41,41,40,40,6,6,6,27,0],"gold":106,"neow_bonus":"THREE_ENEMY_KILL","is_prod":false,"is_daily":false,"chose_seed":false,"campfire_upgraded":0,"win_rate":0,"timestamp":1541310333,"path_taken":["M","?","M","M","?","E","M","R","T","M","R","E","M","$","R","BOSS"],"build_version":"2018-11-02","purchased_purges":0,"victory":false,"max_hp_per_floor":[70,70,70,70,70,70,70,70,70,70,70,70,70,70,70,70],"card_choices":[{"not_picked":["Endless Agony","Deflect"],"picked":"Dagger Spray","floor":1},{"not_picked":["Dagger Spray","Eviscerate"],"picked":"Flying Knee","floor":2},{"not_picked":["Terror","PiercingWail"],"picked":"Acrobatics","floor":3},{"not_picked":["PiercingWail","Flechettes","Eviscerate"],"picked":"SKIP","floor":4},{"not_picked":["Night Terror","Leg Sweep"],"picked":"Backflip","floor":6},{"not_picked":["Slice","Underhanded Strike"],"picked":"Well Laid Plans","floor":7},{"not_picked":["Prepared","Poisoned Stab"],"picked":"Deflect","floor":10},{"not_picked":["Outmaneuver","Backflip"],"picked":"Cloak And Dagger","floor":12},{"not_picked":["Dagger Spray","PiercingWail"],"picked":"Outmaneuver","floor":13}],"player_experience":179803,"relics_obtained":[{"floor":6,"key":"Paper Crane"},{"floor":12,"key":"Lantern"}],"event_choices":[{"cards_removed":["Strike_G"],"damage_healed":0,"gold_gain":0,"player_choice":"Forget","damage_taken":0,"max_hp_gain":0,"max_hp_loss":0,"event_name":"Living Wall","floor":5,"gold_loss":0}],"is_beta":true,"boss_relics":[],"items_purged_floors":[],"is_endless":false,"potions_floor_spawned":[1,6,7,12],"killed_by":"Hexaghost","ascension_level":0}