{"gold_per_floor":[110,122,137,117,30,61,61,81,106,106,123,123,156,168,168,263,263,283,26,43,57,57,57,87,105,105,105,121,121,138,52,52,155,155,173,71,71,83,96,96,130,130,154,154,154,169,269,269],"floor_reached":48,"playtime":4065,"items_purged":["Strike_B","Strike_B"],"score":665,"play_id":"2a9c2e2c-020a-483b-88a9-fc33d899c430","local_time":"20190108003823","is_ascension_mode":true,"campfire_choices":[{"data":"Genetic Algorithm","floor":7.0,"key":"SMITH"},{"floor":10.0,"key":"REST"},{"floor":15.0,"key":"REST"},{"data":"Genetic Algorithm","floor":23.0,"key":"SMITH"},{"data":"Finesse","floor":27.0,"key":"SMITH"},{"floor":29.0,"key":"RECALL"},{"data":"Finesse","floor":32.0,"key":"SMITH"},{"data":"Scrape","floor":40.0,"key":"SMITH"},{"data":"Seek","floor":42.0,"key":"SMITH"},{"data":"Leap","floor":44.0,"key":"SMITH"}],"neow_cost":"PERCENT_DAMAGE","seed_source_timestamp":269852357162999,"circlet_count":0,"master_deck":["Strike_B","Strike_B+1","Defend_B","Defend_B+1","Defend_B","Defend_B","Zap","Reboot+1","Gash+1","Gash","Genetic Algorithm+1","Finesse+1","Conserve Battery","Genetic Algorithm+1","BootSequence","Core Surge","Leap","Seek+1","Gash","Beam Cell+1","Finesse+1","Echo Form","FTL+1","Go for the Eyes+1","Gash","Leap+1","Scrape+1","Gash+1","Impatience","Mayhem","Impatience","BootSequence"],"special_seed":0,"relics":["Cracked Core","War Paint","Smiling Mask","Bronze Scales","Whetstone","Eternal Feather","Strange Spoon","Happy Flower","Orrery","Sundial","Potion Belt","Girya"],"potions_floor_usage":[48],"damage_taken":[{"damage":1.0,"enemies":"Cultist","floor":1.0,"turns":3.0},{"damage":7.0,"enemies":"2 Louse","floor":2.0,"turns":3.0},{"damage":2.0,"enemies":"Small Slimes","floor":3.0,"turns":3.0},{"damage":32.0,"enemies":"3 Sentries","floor":6.0,"turns":8.0},{"damage":11.0,"enemies":"Exordium Wildlife","floor":8.0,"turns":4.0},{"damage":0.0,"enemies":"Looter","floor":11.0,"turns":2.0},{"damage":18.0,"enemies":"Lagavulin","floor":13.0,"turns":8.0},{"damage":0.0,"enemies":"2 Fungi Beasts","floor":14.0,"turns":3.0},{"damage":33.0,"enemies":"Hexaghost","floor":16.0,"turns":10.0},{"damage":4.0,"enemies":"Spheric Guardian","floor":18.0,"turns":5.0},{"damage":0.0,"enemies":"3 Byrds","floor":20.0,"turns":3.0},{"damage":4.0,"enemies":"3 Cultists","floor":21.0,"turns":5.0},{"damage":26.0,"enemies":"Book of Stabbing","floor":24.0,"turns":7.0},{"damage":0.0,"enemies":"Snake Plant","floor":25.0,"turns":4.0},{"damage":13.0,"enemies":"Cultist and Chosen","floor":28.0,"turns":6.0},{"damage":0.0,"enemies":"Centurion and Healer","floor":30.0,"turns":8.0},{"damage":37.0,"enemies":"Champ","floor":33.0,"turns":13.0},{"damage":13.0,"enemies":"3 Shapes","floor":35.0,"turns":6.0},{"damage":16.0,"enemies":"Orb Walker","floor":38.0,"turns":5.0},{"damage":2.0,"enemies":"3 Darklings","floor":39.0,"turns":8.0},{"damage":1.0,"enemies":"Giant Head","floor":41.0,"turns":6.0},{"damage":38,"enemies":"Spire Growth","floor":46,"turns":5},{"damage":6,"enemies":"Mind Bloom Boss Battle","floor":47,"turns":6},{"damage":39,"enemies":"Sphere and 2 Shapes","floor":48,"turns":7}],"seed_played":"3166581506908202026","potions_obtained":[{"floor":4.0,"key":"Regen Potion"},{"floor":6.0,"key":"Dexterity Potion"},{"floor":13.0,"key":"Explosive Potion"},{"floor":14.0,"key":"FocusPotion"},{"floor":18.0,"key":"Block Potion"},{"floor":21.0,"key":"LiquidBronze"},{"floor":25.0,"key":"SpeedPotion"},{"floor":28.0,"key":"Fire Potion"},{"floor":30.0,"key":"Explosive Potion"},{"floor":47,"key":"Regen Potion"}],"is_trial":false,"path_per_floor":["M","M","M","?","$","E","R","M","T","R","M","?","E","M","R","B",null,"M","$","M","M","?","R","E","M","T","R","M","R","M","$","R","B",null,"M","$","?","M","M","R","E","R","T","R","?","M","?","M"],"character_chosen":"DEFECT","items_purchased":["Finesse","Strange Spoon","Finesse","Leap"],"campfire_rested":2,"item_purchase_floors":[5,19,31,36],"current_hp_per_floor":[49,42,40,40,40,23,23,12,12,34,34,34,16,16,38,5,58,54,54,54,50,50,62,36,36,36,48,35,47,47,47,59,22,62,49,49,49,33,31,46,45,60,60,75,65,27,21,0],"gold":269,"neow_bonus":"THREE_RARE_CARDS","is_prod":false,"is_daily":false,"chose_seed":false,"campfire_upgraded":7,"win_rate":0,"timestamp":1546933103,"path_taken":["M","M","M","?","$","E","R","?","T","R","M","?","E","M","R","BOSS","M","$","M","M","?","R","E","M","T","R","M","R","M","$","R","BOSS","M","$","?","M","M","R","E","R","T","R","?","M","?","M"],"build_version":"2019-01-03v4","purchased_purges":2,"victory":false,"max_hp_per_floor":[75,75,75,75,75,75,75,75,75,75,75,75,75,75,75,75,75,75,75,75,75,75,75,75,75,75,75,75,75,75,75,75,75,75,75,75,75,75,75,75,75,75,75,75,75,75,75,75],"card_choices":[{"not_picked":["Core Surge","Machine Learning"],"picked":"Reboot","floor":0.0},{"not_picked":["Beam Cell","Hologram"],"picked":"Gash","floor":1.0},{"not_picked":["Ball Lightning","Compile Driver"],"picked":"Gash","floor":2.0},{"not_picked":["Chill","Redo"],"picked":"Genetic Algorithm","floor":3.0},{"not_picked":["Defragment","Turbo"],"picked":"Conserve Battery","floor":6.0},{"not_picked":["Fusion","Static Discharge","Coolheaded"],"picked":"SKIP","floor":8.0},{"not_picked":["Machine Learning","Tempest"],"picked":"Genetic Algorithm","floor":11.0},{"not_picked":["Undo","Compile Driver"],"picked":"BootSequence","floor":13.0},{"not_picked":["Conserve Battery","Cold Snap","Compile Driver"],"picked":"SKIP","floor":14.0},{"not_picked":["Creative AI","Electrodynamics"],"picked":"Core Surge","floor":16.0},{"not_picked":["Steam","Compile Driver","Coolheaded"],"picked":"SKIP","floor":18.0},{"not_picked":["Cold Snap","Aggregate"],"picked":"Leap","floor":20.0},{"not_picked":["Defragment","Conserve Battery+1"],"picked":"Seek","floor":21.0},{"not_picked":["Compile Driver","Redo","Undo"],"picked":"SKIP","floor":24.0},{"not_picked":["Undo","Ball Lightning+1"],"picked":"Beam Cell+1","floor":25.0},{"not_picked":["Chaos+1","Stack","Streamline"],"picked":"SKIP","floor":28.0},{"not_picked":["Turbo","Compile Driver+1","Cold Snap+1"],"picked":"SKIP","floor":30.0},{"not_picked":["Thunder Strike","All For One"],"picked":"Echo Form","floor":33.0},{"not_picked":["Heatsinks","Stack"],"picked":"FTL+1","floor":34.0},{"not_picked":["Streamline+1","Rebound"],"picked":"Go for the Eyes+1","floor":34.0},{"not_picked":["Leap+1","Recycle"],"picked":"Gash","floor":35.0},{"not_picked":["Capacitor+1","Ball Lightning"],"picked":"Scrape","floor":38.0},{"not_picked":["Buffer","BootSequence+1"],"picked":"Gash+1","floor":39.0},{"not_picked":["Double Energy+1","Sweeping Beam","Recycle"],"picked":"SKIP","floor":41.0},{"not_picked":["PanicButton","Good Instincts"],"picked":"Impatience","floor":45.0},{"not_picked":["Dark Shackles","Trip"],"picked":"Mayhem","floor":45.0},{"not_picked":["Trip","Panache"],"picked":"Impatience","floor":45.0},{"not_picked":["Turbo","Aggregate+1","Glacier"],"picked":"SKIP","floor":46},{"not_picked":["Streamline","Beam Cell+1"],"picked":"BootSequence","floor":47}],"player_experience":346959,"relics_obtained":[{"floor":6.0,"key":"War Paint"},{"floor":9.0,"key":"Smiling Mask"},{"floor":13.0,"key":"Whetstone"},{"floor":24.0,"key":"Happy Flower"},{"floor":41.0,"key":"Sundial"},{"floor":43.0,"key":"Potion Belt"},{"floor":47,"key":"Girya"}],"event_choices":[{"damage_healed":0.0,"max_hp_gain":0.0,"max_hp_loss":0.0,"gold_gain":0.0,"event_name":"The Woman in Blue","player_choice":"Bought 1 Potion","floor":4.0,"gold_loss":0.0,"damage_taken":0.0},{"damage_healed":0.0,"max_hp_gain":0.0,"max_hp_loss":0.0,"gold_gain":0.0,"event_name":"WeMeetAgain","player_choice":"Gave Potion","floor":12.0,"gold_loss":0.0,"damage_taken":0.0,"relics_obtained":["Bronze Scales"]},{"damage_healed":0.0,"max_hp_gain":0.0,"max_hp_loss":0.0,"gold_gain":0.0,"event_name":"The Library","player_choice":"Read","floor":22.0,"gold_loss":0.0,"damage_taken":0.0,"cards_obtained":["Gash"]},{"cards_removed":["Dualcast"],"damage_healed":0.0,"max_hp_gain":0.0,"max_hp_loss":0.0,"gold_gain":0.0,"event_name":"Falling","player_choice":"Removed Skill","floor":37.0,"gold_loss":0.0,"damage_taken":0.0},{"damage_healed":0.0,"max_hp_gain":0.0,"max_hp_loss":0.0,"gold_gain":0.0,"event_name":"SensoryStone","player_choice":"Memory 3","floor":45.0,"gold_loss":0.0,"damage_taken":10.0},{"damage_healed":0,"gold_gain":0,"player_choice":"Fight","damage_taken":0,"max_hp_gain":0,"max_hp_loss":0,"event_name":"MindBloom","floor":47,"gold_loss":0}],"is_beta":false,"boss_relics":[{"not_picked":["Cursed Key","Sozu"],"picked":"Eternal Feather"},{"not_picked":["Pandora\u0027s Box","Busted Crown"],"picked":"Orrery"}],"items_purged_floors":[19,36],"is_endless":false,"potions_floor_spawned":[6,13,14,18,21,25,28,30,47],"killed_by":"Sphere and 2 Shapes","ascension_level":6}