{"gold_per_floor":[115,127,127,127,143,143,183,183,265,265,265,285,53,73,73,166,166,189,153,153,153,176,176,190,206,284,128,128,128,152,176,176,271,271,290,290,1289,1289],"floor_reached":38,"playtime":1051,"items_purged":["Strike_R","Writhe"],"score":754,"play_id":"d4eb914a-f254-499f-a5e3-60ac406ff6db","local_time":"20190526225651","is_ascension_mode":true,"campfire_choices":[{"data":"Bash","floor":6.0,"key":"SMITH"},{"floor":8.0,"key":"REST"},{"data":"Shrug It Off","floor":11.0,"key":"SMITH"},{"data":"Inflame","floor":15.0,"key":"SMITH"},{"data":"1","floor":23.0,"key":"LIFT"},{"data":"2","floor":28.0,"key":"LIFT"},{"data":"3","floor":32.0,"key":"LIFT"}],"neow_cost":"NONE","seed_source_timestamp":113258957598980,"circlet_count":0,"master_deck":["AscendersBane","Strike_R+1","Strike_R+1","Strike_R+1","Strike_R+1","Defend_R+1","Defend_R+1","Bash+1","Twin Strike+1","Shrug It Off+1","Shrug It Off","Inflame+1","Limit Break+1","Twin Strike+1","Flame Barrier+1","Uppercut","Shrug It Off+1","Bandage Up+1","Normality","Normality"],"special_seed":0,"relics":["Burning Blood","NeowsBlessing","Golden Idol","Potion Belt","Toxic Egg 2","Whetstone","Coffee Dripper","Girya","Letter Opener","Philosopher\u0027s Stone"],"potions_floor_usage":[],"damage_taken":[{"damage":0.0,"enemies":"Cultist","floor":1.0,"turns":1.0},{"damage":0.0,"enemies":"2 Louse","floor":2.0,"turns":1.0},{"damage":0.0,"enemies":"Small Slimes","floor":5.0,"turns":1.0},{"damage":61.0,"enemies":"3 Sentries","floor":7.0,"turns":14.0},{"damage":9.0,"enemies":"3 Louse","floor":12.0,"turns":5.0},{"damage":8.0,"enemies":"Blue Slaver","floor":14.0,"turns":3.0},{"damage":11.0,"enemies":"Slime Boss","floor":16.0,"turns":6.0},{"damage":21.0,"enemies":"2 Thieves","floor":18.0,"turns":4.0},{"damage":0.0,"enemies":"Chosen","floor":22.0,"turns":3.0},{"damage":21.0,"enemies":"Shelled Parasite and Fungi","floor":24.0,"turns":6.0},{"damage":0.0,"enemies":"3 Cultists","floor":25.0,"turns":5.0},{"damage":13.0,"enemies":"Snake Plant","floor":30.0,"turns":3.0},{"damage":2.0,"enemies":"Centurion and Healer","floor":31.0,"turns":6.0},{"damage":70.0,"enemies":"Automaton","floor":33.0,"turns":7.0},{"damage":20.0,"enemies":"3 Darklings","floor":35.0,"turns":5.0},{"damage":42,"enemies":"2 Orb Walkers","floor":38,"turns":2}],"seed_played":"3210006687727835524","potions_obtained":[{"floor":2.0,"key":"Dexterity Potion"},{"floor":7.0,"key":"FairyPotion"},{"floor":12.0,"key":"AttackPotion"},{"floor":14.0,"key":"GamblersBrew"},{"floor":22.0,"key":"PowerPotion"},{"floor":25.0,"key":"SpeedPotion"},{"floor":31.0,"key":"Regen Potion"},{"floor":33.0,"key":"Explosive Potion"},{"floor":35.0,"key":"FearPotion"}],"is_trial":false,"path_per_floor":["M","M","?","?","M","R","E","R","T","?","R","M","$","M","R","B",null,"M","$","?","?","M","R","M","M","T","$","R","?","M","M","R","B",null,"M","?","?","?"],"character_chosen":"IRONCLAD","items_purchased":["Whetstone","Flame Barrier+1","Shrug It Off+1"],"campfire_rested":1,"item_purchase_floors":[13,19,27],"current_hp_per_floor":[74,75,68,61,67,67,12,32,32,32,32,29,29,27,27,22,57,42,42,42,42,48,48,33,39,39,39,39,39,32,36,36,12,54,40,40,40,0],"gold":1289,"neow_bonus":"THREE_ENEMY_KILL","is_prod":false,"is_daily":false,"chose_seed":false,"campfire_upgraded":3,"win_rate":0,"timestamp":1558933011,"path_taken":["M","?","?","?","M","R","E","R","T","?","R","M","?","?","R","BOSS","M","$","?","?","M","R","M","?","T","$","R","?","?","M","R","BOSS","M","?","?","?"],"build_version":"2019-01-23","purchased_purges":2,"victory":false,"max_hp_per_floor":[75,75,68,68,68,68,68,68,68,68,68,68,68,68,68,68,68,68,68,68,68,68,68,68,68,68,68,68,68,68,68,68,68,68,68,68,68,68],"card_choices":[{"not_picked":["Flex","Power Through"],"picked":"Twin Strike","floor":1.0},{"not_picked":["Hemokinesis","Flex"],"picked":"Shrug It Off","floor":2.0},{"not_picked":["Havoc","Combust"],"picked":"Shrug It Off","floor":5.0},{"not_picked":["Clash","Anger","Warcry"],"picked":"SKIP","floor":7.0},{"not_picked":["True Grit+1","Dark Embrace"],"picked":"Inflame","floor":12.0},{"not_picked":["Anger","Wild Strike","Headbutt"],"picked":"SKIP","floor":14.0},{"not_picked":["Berserk","Feed"],"picked":"Limit Break+1","floor":16.0},{"not_picked":["Inflame","Clothesline"],"picked":"Twin Strike+1","floor":18.0},{"not_picked":["Pummel","Flex+1"],"picked":"Uppercut","floor":22.0},{"not_picked":["Headbutt","Dropkick","Sword Boomerang"],"picked":"SKIP","floor":24.0},{"not_picked":["Flex+1","Perfected Strike","Pommel Strike"],"picked":"SKIP","floor":25.0},{"not_picked":["Dual Wield+1","Rampage","Perfected Strike"],"picked":"SKIP","floor":30.0},{"not_picked":["Havoc+1","Blood for Blood","Evolve+1"],"picked":"SKIP","floor":31.0},{"not_picked":["Twin Strike","Shrug It Off+1","Thunderclap"],"picked":"SKIP","floor":35.0},{"not_picked":["Forethought+1","Swift Strike"],"picked":"Bandage Up+1","floor":36.0}],"player_experience":625006,"relics_obtained":[{"floor":7.0,"key":"Potion Belt"},{"floor":9.0,"key":"Toxic Egg 2"},{"floor":26.0,"key":"Letter Opener"}],"event_choices":[{"damage_healed":0.0,"max_hp_gain":0.0,"max_hp_loss":7.0,"gold_gain":0.0,"event_name":"Golden Idol","player_choice":"Lose Max HP","floor":3.0,"gold_loss":0.0,"damage_taken":0.0,"relics_obtained":["Golden Idol"]},{"cards_removed":["Defend_R"],"damage_healed":0.0,"max_hp_gain":0.0,"max_hp_loss":0.0,"gold_gain":0.0,"event_name":"Golden Wing","player_choice":"Card Removal","floor":4.0,"gold_loss":0.0,"damage_taken":7.0},{"damage_healed":0.0,"max_hp_gain":0.0,"max_hp_loss":0.0,"gold_gain":0.0,"event_name":"Living Wall","player_choice":"Grow","floor":10.0,"gold_loss":0.0,"damage_taken":0.0,"cards_upgraded":["Twin Strike"]},{"damage_healed":0.0,"max_hp_gain":0.0,"max_hp_loss":0.0,"gold_gain":0.0,"event_name":"Back to Basics","player_choice":"Simplicity","floor":20.0,"gold_loss":0.0,"damage_taken":0.0,"cards_upgraded":["Strike_R","Strike_R","Defend_R","Defend_R","Defend_R"]},{"damage_healed":0.0,"max_hp_gain":0.0,"max_hp_loss":0.0,"gold_gain":0.0,"event_name":"The Mausoleum","player_choice":"Opened","floor":21.0,"gold_loss":0.0,"damage_taken":0.0,"relics_obtained":["Girya"],"cards_obtained":["Writhe"]},{"cards_removed":["Defend_R"],"damage_healed":0.0,"max_hp_gain":0.0,"max_hp_loss":0.0,"gold_gain":0.0,"event_name":"Bonfire Elementals","player_choice":"Offered Basic","floor":29.0,"gold_loss":0.0,"damage_taken":0.0},{"damage_healed":0.0,"max_hp_gain":0.0,"max_hp_loss":0.0,"gold_gain":0.0,"event_name":"SensoryStone","player_choice":"Memory 1","floor":36.0,"gold_loss":0.0,"damage_taken":0.0},{"damage_healed":0,"gold_gain":999,"player_choice":"Gold","damage_taken":0,"max_hp_gain":0,"max_hp_loss":0,"event_name":"MindBloom","floor":37,"gold_loss":0,"cards_obtained":["Normality","Normality"]},{"damage_healed":0,"gold_gain":0,"player_choice":"Fight","damage_taken":0,"max_hp_gain":0,"max_hp_loss":0,"event_name":"Mysterious Sphere","floor":38,"gold_loss":0}],"is_beta":false,"boss_relics":[{"not_picked":["Runic Dome","Eternal Feather"],"picked":"Coffee Dripper"},{"not_picked":["Mark of Pain","Lizard Tail"],"picked":"Philosopher\u0027s Stone"}],"items_purged_floors":[13,27],"is_endless":false,"potions_floor_spawned":[2,7,12,14,22,25,31,33,35],"killed_by":"2 Orb Walkers","ascension_level":19}