{"gold_per_floor":[215,231,181,181,193,193,193,226,226,257,277,277,289,289],"floor_reached":14,"playtime":451,"items_purged":[],"score":105,"play_id":"94781d5b-1908-4f7d-a077-79eb3cb89872","local_time":"20190408092715","is_ascension_mode":true,"campfire_choices":[{"data":"Thunderclap","floor":6,"key":"SMITH"},{"floor":12,"key":"REST"}],"neow_cost":"NONE","seed_source_timestamp":908508369067012,"circlet_count":0,"master_deck":["Strike_R","Strike_R","Strike_R","Strike_R+1","Strike_R","Defend_R","Defend_R","Defend_R+1","Bash","Thunderclap+1","Clothesline","Metallicize"],"relics":["Burning Blood","Kunai","Strawberry","WingedGreaves","Singing Bowl"],"potions_floor_usage":[],"damage_taken":[{"damage":6,"enemies":"Cultist","floor":1,"turns":4},{"damage":10,"enemies":"Jaw Worm","floor":2,"turns":4},{"damage":4,"enemies":"2 Louse","floor":5,"turns":2},{"damage":32,"enemies":"3 Sentries","floor":8,"turns":8},{"damage":38,"enemies":"Lagavulin","floor":10,"turns":6},{"damage":7,"enemies":"Looter","floor":11,"turns":3},{"damage":24,"enemies":"Exordium Wildlife","floor":13,"turns":6},{"damage":19,"enemies":"3 Sentries","floor":14,"turns":3}],"seed_played":"3249015053945374410","potions_obtained":[{"floor":1,"key":"SpeedPotion"},{"floor":5,"key":"FearPotion"}],"is_trial":false,"path_per_floor":["M","M","?","?","M","R","T","E","T","E","M","R","M","E"],"character_chosen":"IRONCLAD","items_purchased":[],"campfire_rested":1,"item_purchase_floors":[],"current_hp_per_floor":[80,76,76,60,62,62,62,43,43,13,12,38,20,1],"gold":289,"neow_bonus":"HUNDRED_GOLD","is_prod":false,"is_daily":false,"chose_seed":false,"campfire_upgraded":1,"win_rate":0,"timestamp":1554737235,"path_taken":["M","M","?","?","M","R","?","E","T","E","M","R","?","E"],"build_version":"2019-01-23","purchased_purges":0,"victory":false,"max_hp_per_floor":[80,80,80,80,80,80,80,87,87,89,89,89,89,89],"card_choices":[{"not_picked":["Corruption","Twin Strike","Flex"],"picked":"SKIP","floor":1},{"not_picked":["Anger","Heavy Blade"],"picked":"Thunderclap","floor":2},{"not_picked":["Corruption","Iron Wave","True Grit"],"picked":"SKIP","floor":5},{"not_picked":["Headbutt","Second Wind","Heavy Blade"],"picked":"SKIP","floor":8},{"not_picked":["Immolate","Sever Soul","Twin Strike"],"picked":"Singing Bowl","floor":10},{"not_picked":["Sword Boomerang","Perfected Strike"],"picked":"Clothesline","floor":11},{"not_picked":["Armaments","Warcry"],"picked":"Metallicize","floor":13}],"player_experience":476058,"relics_obtained":[{"floor":7,"key":"Kunai"},{"floor":8,"key":"Strawberry"},{"floor":9,"key":"WingedGreaves"},{"floor":10,"key":"Singing Bowl"}],"event_choices":[{"cards_removed":["Defend_R"],"damage_healed":0,"gold_gain":0,"player_choice":"Card Removal","damage_taken":0,"max_hp_gain":0,"max_hp_loss":0,"event_name":"The Cleric","floor":3,"gold_loss":50},{"damage_healed":0,"gold_gain":0,"player_choice":"Entered Light","damage_taken":16,"max_hp_gain":0,"max_hp_loss":0,"event_name":"Shining Light","floor":4,"gold_loss":0,"cards_upgraded":["Strike_R","Defend_R"]}],"is_beta":false,"boss_relics":[],"items_purged_floors":[],"is_endless":false,"potions_floor_spawned":[1,5],"killed_by":"3 Sentries","ascension_level":1}