{"gold_per_floor":[118,28,28,41,17,17,51,51,76,106,125,183,183,198,198,275,275,289,204,217,142,159,159,159],"floor_reached":24,"playtime":894,"items_purged":["Strike_R"],"score":447,"play_id":"e7084353-dc7d-4e66-9643-0b1ec3d6e1a0","local_time":"20190527121957","is_ascension_mode":true,"campfire_choices":[{"data":"Cleave","floor":6.0,"key":"SMITH"},{"floor":13.0,"key":"REST"},{"data":"Armaments","floor":15.0,"key":"SMITH"},{"data":"Flame Barrier","floor":23,"key":"SMITH"}],"neow_cost":"NONE","seed_source_timestamp":161425860101040,"circlet_count":0,"master_deck":["AscendersBane","Strike_R","Strike_R","Strike_R","Strike_R","Defend_R","Defend_R","Defend_R","Defend_R","Bash","Cleave+1","Spot Weakness","Clothesline","Armaments+1","Disarm","Flame Barrier+1","Limit Break","Anger"],"special_seed":0,"relics":["Burning Blood","NeowsBlessing","Bottled Lightning","Blood Vial","Bag of Marbles","Shuriken","Cursed Key","Meat on the Bone"],"potions_floor_usage":[16,16,24],"damage_taken":[{"damage":0.0,"enemies":"2 Louse","floor":1.0,"turns":1.0},{"damage":0.0,"enemies":"Cultist","floor":4.0,"turns":1.0},{"damage":0.0,"enemies":"Gremlin Nob","floor":7.0,"turns":1.0},{"damage":23.0,"enemies":"Lagavulin","floor":10.0,"turns":8.0},{"damage":10.0,"enemies":"Small Slimes","floor":11.0,"turns":4.0},{"damage":41.0,"enemies":"3 Sentries","floor":12.0,"turns":9.0},{"damage":1.0,"enemies":"2 Fungi Beasts","floor":14.0,"turns":3.0},{"damage":30,"enemies":"Hexaghost","floor":16,"turns":11},{"damage":21,"enemies":"Shell Parasite","floor":18,"turns":7},{"damage":41,"enemies":"3 Byrds","floor":20,"turns":5},{"damage":15,"enemies":"Snecko","floor":22,"turns":8},{"damage":47,"enemies":"Slavers","floor":24,"turns":3}],"seed_played":"-8087921038282965989","potions_obtained":[{"floor":3.0,"key":"SkillPotion"},{"floor":3.0,"key":"FearPotion"},{"floor":10.0,"key":"Poison Potion"},{"floor":14.0,"key":"SteroidPotion"},{"floor":22,"key":"Energy Potion"}],"is_trial":false,"path_per_floor":["M","$","?","M","$","R","E","?","T","E","M","?","R","M","R","B",null,"M","?","M","$","M","R","E"],"character_chosen":"IRONCLAD","items_purchased":["Spot Weakness","Armaments"],"campfire_rested":1,"item_purchase_floors":[2,5],"current_hp_per_floor":[74,74,74,75,75,75,75,75,75,58,56,23,45,52,52,30,64,51,51,30,30,35,35,0],"gold":159,"neow_bonus":"THREE_ENEMY_KILL","is_prod":false,"is_daily":false,"chose_seed":false,"campfire_upgraded":3,"win_rate":0,"timestamp":1558981197,"path_taken":["M","$","?","M","?","R","E","?","T","E","M","?","R","?","R","BOSS","M","?","M","?","?","R","E"],"build_version":"2019-01-23","purchased_purges":1,"victory":false,"max_hp_per_floor":[75,75,75,75,75,75,75,75,75,75,75,75,75,75,75,75,75,75,75,75,75,75,75,75],"card_choices":[{"not_picked":["Clothesline","Warcry"],"picked":"Cleave","floor":1.0},{"not_picked":["Twin Strike","True Grit"],"picked":"Clothesline","floor":4.0},{"not_picked":["Entrench","Hemokinesis"],"picked":"Disarm","floor":7.0},{"not_picked":["Twin Strike","Infernal Blade","Armaments"],"picked":"SKIP","floor":10.0},{"not_picked":["Heavy Blade","Havoc","Twin Strike"],"picked":"SKIP","floor":11.0},{"not_picked":["Heavy Blade","Power Through"],"picked":"Flame Barrier","floor":14.0},{"not_picked":["Offering","Demon Form"],"picked":"Limit Break","floor":16},{"not_picked":["Bloodletting","Sword Boomerang","Headbutt"],"picked":"SKIP","floor":18},{"not_picked":["Corruption","Whirlwind"],"picked":"Anger","floor":20},{"not_picked":["Thunderclap","Pummel","Sword Boomerang"],"picked":"SKIP","floor":22}],"player_experience":639872,"relics_obtained":[{"floor":7.0,"key":"Bottled Lightning"},{"floor":9.0,"key":"Blood Vial"},{"floor":10.0,"key":"Bag of Marbles"},{"floor":12.0,"key":"Shuriken"}],"event_choices":[{"damage_healed":0.0,"max_hp_gain":0.0,"max_hp_loss":0.0,"gold_gain":0.0,"event_name":"Lab","player_choice":"Got Potions","floor":3.0,"gold_loss":0.0,"damage_taken":0.0},{"damage_healed":0.0,"max_hp_gain":0.0,"max_hp_loss":0.0,"gold_gain":0.0,"event_name":"The Cleric","player_choice":"Leave","floor":8.0,"gold_loss":0.0,"damage_taken":0.0},{"damage_healed":0.0,"max_hp_gain":0.0,"max_hp_loss":0.0,"gold_gain":0.0,"event_name":"Dead Adventurer","player_choice":"Searched \u00271\u0027 times","floor":12.0,"gold_loss":0.0,"damage_taken":0.0},{"damage_healed":0,"gold_gain":0,"player_choice":"Obtained Relic","damage_taken":0,"relics_obtained":["Meat on the Bone"],"max_hp_gain":0,"max_hp_loss":0,"event_name":"Addict","floor":19,"gold_loss":85}],"is_beta":false,"boss_relics":[{"not_picked":["Eternal Feather","White Beast Statue"],"picked":"Cursed Key"}],"items_purged_floors":[21],"is_endless":false,"potions_floor_spawned":[7,10,11,14,22],"killed_by":"Slavers","ascension_level":19}