{"gold_per_floor":[114,114,114,131,43,43,54,54,54,70,70,82,102,177,177,250,250,262,276,116,66,85,85,32,32],"floor_reached":25,"playtime":1235,"items_purged":[],"score":376,"play_id":"334796a8-71c3-488d-bc3a-2fbfa94638ec","local_time":"20190331012952","is_ascension_mode":true,"campfire_choices":[{"data":"Neutralize","floor":6,"key":"SMITH"},{"data":"Noxious Fumes","floor":8,"key":"SMITH"},{"data":"Survivor","floor":11,"key":"SMITH"},{"floor":15,"key":"REST"},{"floor":23,"key":"REST"}],"neow_cost":"NONE","seed_source_timestamp":187878706962842,"circlet_count":0,"master_deck":["AscendersBane","Defend_G","Defend_G","Defend_G","Defend_G","Defend_G","Strike_G","Strike_G","Strike_G","Strike_G","Strike_G","Survivor+1","Neutralize+1","Quick Slash","Sucker Punch","Noxious Fumes+1","Deflect","Skewer","Adrenaline","Backflip","Well Laid Plans","Leg Sweep"],"relics":["Ring of the Snake","Paper Crane","Cursed Key"],"potions_floor_usage":[0,10,16,18,19,22,25,25],"damage_taken":[{"damage":0,"enemies":"Cultist","floor":1,"turns":4},{"damage":11,"enemies":"Small Slimes","floor":4,"turns":4},{"damage":3,"enemies":"Jaw Worm","floor":7,"turns":4},{"damage":8,"enemies":"Exordium Wildlife","floor":10,"turns":6},{"damage":2,"enemies":"Blue Slaver","floor":12,"turns":5},{"damage":15,"enemies":"Large Slime","floor":13,"turns":6},{"damage":20,"enemies":"The Guardian","floor":16,"turns":14},{"damage":10,"enemies":"Spheric Guardian","floor":18,"turns":6},{"damage":9,"enemies":"2 Thieves","floor":19,"turns":5},{"damage":19,"enemies":"Cultist and Chosen","floor":22,"turns":9},{"damage":47,"enemies":"3 Cultists","floor":25,"turns":6}],"seed_played":"2278268317181861517","potions_obtained":[{"floor":0,"key":"Energy Potion"},{"floor":0,"key":"Fruit Juice"},{"floor":0,"key":"Ancient Potion"},{"floor":4,"key":"EssenceOfSteel"},{"floor":13,"key":"Swift Potion"},{"floor":16,"key":"GhostInAJar"},{"floor":18,"key":"Block Potion"},{"floor":22,"key":"Block Potion"}],"is_trial":false,"path_per_floor":["M","$","?","M","$","R","M","R","T","M","R","M","M","?","R","B",null,"M","M","$","?","M","R","$","M"],"character_chosen":"THE_SILENT","items_purchased":["Noxious Fumes","Well Laid Plans","Leg Sweep","Block Potion"],"campfire_rested":2,"item_purchase_floors":[5,20,20,24],"current_hp_per_floor":[64,64,60,49,49,49,46,46,46,38,38,36,21,10,31,11,56,46,37,37,37,18,39,39,0],"gold":32,"neow_bonus":"THREE_SMALL_POTIONS","is_prod":false,"is_daily":false,"chose_seed":false,"campfire_upgraded":3,"win_rate":0,"timestamp":1554017392,"path_taken":["M","$","?","M","$","R","M","R","T","M","R","M","?","?","R","BOSS","M","M","$","?","M","R","$","M"],"build_version":"2019-01-23","purchased_purges":0,"victory":false,"max_hp_per_floor":[71,71,71,71,71,71,71,71,71,71,71,71,71,71,71,71,71,71,71,71,71,71,71,71,71],"card_choices":[{"not_picked":["Bane","Masterful Stab"],"picked":"Quick Slash","floor":1},{"not_picked":["Calculated Gamble","Underhanded Strike"],"picked":"Sucker Punch","floor":4},{"not_picked":["Acrobatics","Quick Slash","Expertise"],"picked":"SKIP","floor":7},{"not_picked":["Bane","Slice"],"picked":"Deflect","floor":10},{"not_picked":["Flechettes","Quick Slash","Slice"],"picked":"SKIP","floor":12},{"not_picked":["Storm of Steel","PiercingWail"],"picked":"Skewer","floor":13},{"not_picked":["Die Die Die","Corpse Explosion"],"picked":"Adrenaline","floor":16},{"not_picked":["Setup","Outmaneuver"],"picked":"Backflip","floor":18},{"not_picked":["Prepared","Deadly Poison","Dagger Throw"],"picked":"SKIP","floor":19},{"not_picked":["Masterful Stab","Cloak And Dagger","Underhanded Strike"],"picked":"SKIP","floor":22}],"player_experience":380314,"relics_obtained":[{"floor":9,"key":"Paper Crane"}],"event_choices":[{"damage_healed":0,"gold_gain":0,"player_choice":"Bought 0 Potions","damage_taken":0,"max_hp_gain":0,"max_hp_loss":0,"event_name":"The Woman in Blue","floor":3,"gold_loss":0},{"damage_healed":0,"gold_gain":75,"player_choice":"Gather Gold","damage_taken":11,"max_hp_gain":0,"max_hp_loss":0,"event_name":"World of Goop","floor":14,"gold_loss":0},{"damage_healed":0,"gold_gain":0,"player_choice":"Bet on Owner","damage_taken":0,"max_hp_gain":0,"max_hp_loss":0,"event_name":"The Joust","floor":21,"gold_loss":50}],"is_beta":false,"boss_relics":[{"not_picked":["HoveringKite","Coffee Dripper"],"picked":"Cursed Key"}],"items_purged_floors":[],"is_endless":false,"potions_floor_spawned":[1,4,13,16,18,22],"killed_by":"3 Cultists","ascension_level":19}