{"gold_per_floor":[211,227,238,238,255,255,289,308,308,308,328,347,376,392,392,494,494,509,509,42,54,54],"floor_reached":22,"playtime":816,"items_purged":["Strike_R"],"score":280,"play_id":"d2aee72b-cf40-4299-b13e-fb3ab76aa0ae","local_time":"20190423112928","is_ascension_mode":true,"campfire_choices":[{"data":"Cleave","floor":6.0,"key":"SMITH"},{"data":"Cleave","floor":10.0,"key":"SMITH"},{"floor":15.0,"key":"REST"}],"neow_cost":"NONE","seed_source_timestamp":824482715552752,"circlet_count":0,"master_deck":["Strike_R","Strike_R","Strike_R","Defend_R","Defend_R","Defend_R","Defend_R","Bash","Cleave+1","Cleave+1","Shrug It Off","Heavy Blade","Inflame","Whirlwind","Pommel Strike","Feed","Inflame","Heavy Blade"],"special_seed":0,"relics":["Burning Blood","Self Forming Clay","Omamori","Darkstone Periapt","Bird Faced Urn","Eternal Feather","Ancient Tea Set","DollysMirror"],"potions_floor_usage":[22],"damage_taken":[{"damage":4.0,"enemies":"2 Louse","floor":1.0,"turns":4.0},{"damage":1.0,"enemies":"Cultist","floor":2.0,"turns":4.0},{"damage":11.0,"enemies":"Jaw Worm","floor":3.0,"turns":4.0},{"damage":6.0,"enemies":"Exordium Wildlife","floor":5.0,"turns":4.0},{"damage":30.0,"enemies":"3 Sentries","floor":7.0,"turns":6.0},{"damage":16.0,"enemies":"Gremlin Gang","floor":8.0,"turns":4.0},{"damage":0.0,"enemies":"3 Louse","floor":11.0,"turns":2.0},{"damage":7.0,"enemies":"2 Fungi Beasts","floor":12.0,"turns":2.0},{"damage":27.0,"enemies":"Lagavulin","floor":13.0,"turns":5.0},{"damage":9.0,"enemies":"Exordium Wildlife","floor":14.0,"turns":3.0},{"damage":42.0,"enemies":"Hexaghost","floor":16.0,"turns":11.0},{"damage":36.0,"enemies":"2 Thieves","floor":18.0,"turns":4.0},{"damage":25,"enemies":"3 Byrds","floor":21,"turns":6},{"damage":35,"enemies":"Snake Plant","floor":22,"turns":4}],"seed_played":"-5981208527323719735","potions_obtained":[{"floor":1.0,"key":"Weak Potion"},{"floor":7.0,"key":"EssenceOfSteel"},{"floor":12.0,"key":"Swift Potion"},{"floor":13.0,"key":"Energy Potion"},{"floor":14.0,"key":"Fire Potion"},{"floor":18.0,"key":"Dexterity Potion"},{"floor":21,"key":"Fruit Juice"}],"is_trial":false,"path_per_floor":["M","M","M","?","M","R","E","M","T","R","M","M","E","M","R","B",null,"M","?","$","M","M"],"character_chosen":"IRONCLAD","items_purchased":["Inflame","Ancient Tea Set","DollysMirror"],"campfire_rested":1,"item_purchase_floors":[20,20,20],"current_hp_per_floor":[74,79,74,71,71,71,47,37,37,37,43,42,21,20,44,10,63,35,35,35,23,0],"gold":54,"neow_bonus":"HUNDRED_GOLD","is_prod":false,"is_daily":false,"chose_seed":false,"campfire_upgraded":2,"win_rate":0,"timestamp":1556040568,"path_taken":["M","M","M","?","M","R","E","M","T","R","M","M","E","M","R","BOSS","M","?","?","M","M"],"build_version":"2019-01-23","purchased_purges":1,"victory":false,"max_hp_per_floor":[80,80,80,80,80,80,80,80,80,80,80,80,80,80,80,80,80,80,80,80,83,88],"card_choices":[{"not_picked":["Burning Pact","Evolve"],"picked":"Cleave","floor":1.0},{"not_picked":["Havoc","Perfected Strike"],"picked":"Cleave","floor":2.0},{"not_picked":["Perfected Strike","Anger"],"picked":"Shrug It Off","floor":3.0},{"not_picked":["Headbutt","Seeing Red","Sword Boomerang"],"picked":"SKIP","floor":5.0},{"not_picked":["Sever Soul","Juggernaut","Blood for Blood"],"picked":"SKIP","floor":7.0},{"not_picked":["Rampage","Anger"],"picked":"Heavy Blade","floor":8.0},{"not_picked":["Cleave","Anger","Armaments"],"picked":"SKIP","floor":11.0},{"not_picked":["Wild Strike","Body Slam"],"picked":"Inflame","floor":12.0},{"not_picked":["Thunderclap","Sword Boomerang","Combust"],"picked":"SKIP","floor":13.0},{"not_picked":["Searing Blow","Thunderclap"],"picked":"Whirlwind","floor":14.0},{"not_picked":["Wild Strike","Clothesline"],"picked":"Pommel Strike","floor":18.0},{"not_picked":["Anger","Headbutt","True Grit"],"picked":"SKIP","floor":21}],"player_experience":525645,"relics_obtained":[{"floor":7.0,"key":"Omamori"},{"floor":9.0,"key":"Darkstone Periapt"},{"floor":13.0,"key":"Bird Faced Urn"}],"event_choices":[{"damage_healed":0.0,"max_hp_gain":0.0,"max_hp_loss":0.0,"gold_gain":0.0,"event_name":"Scrap Ooze","player_choice":"Success","floor":4.0,"gold_loss":0.0,"damage_taken":3.0,"relics_obtained":["Self Forming Clay"]},{"damage_healed":0.0,"max_hp_gain":0.0,"max_hp_loss":0.0,"gold_gain":0.0,"cards_transformed":["Strike_R"],"event_name":"Transmorgrifier","player_choice":"Transformed","floor":19.0,"gold_loss":0.0,"damage_taken":0.0,"cards_obtained":["Feed"]}],"is_beta":false,"boss_relics":[{"not_picked":["Lizard Tail","Ectoplasm"],"picked":"Eternal Feather"}],"items_purged_floors":[20],"is_endless":false,"potions_floor_spawned":[1,7,12,13,14,18,21],"killed_by":"Snake Plant","ascension_level":8}