{"gold_per_floor":[115,115,129,50,50,84,84,123,123,144,187,200,200,243,243,374,374,387,367,387,387,401,401,422,422,422,547,566,481,178,221,221,352,352,372,372,390,11,11,11,50,50,50,50,125,159,159,184,184,184],"floor_reached":51,"playtime":6271,"items_purged":["Strike_R+1","Defend_R+1"],"score":949,"play_id":"98597aa0-598e-4521-9249-31ea1b3edc96","local_time":"20190421200016","is_ascension_mode":true,"campfire_choices":[{"data":"Cleave","floor":7,"key":"SMITH"},{"data":"Cleave","floor":13,"key":"SMITH"},{"data":"Inflame","floor":15,"key":"SMITH"},{"data":"Impervious","floor":23,"key":"SMITH"},{"data":"Bash","floor":25,"key":"SMITH"},{"data":"1","floor":32,"key":"LIFT"},{"data":"2","floor":40,"key":"LIFT"},{"data":"3","floor":42,"key":"LIFT"},{"data":"Whirlwind","floor":44,"key":"SMITH"},{"data":"Ghostly Armor","floor":47,"key":"SMITH"},{"floor":49,"key":"REST"}],"neow_cost":"NONE","seed_source_timestamp":677076760953538,"circlet_count":0,"master_deck":["Strike_R+1","Strike_R+1","Strike_R+1","Strike_R+1","Defend_R+1","Defend_R+1","Defend_R+1","Bash+1","Inflame+1","Cleave+1","Cleave+1","Impervious+1","Shrug It Off+1","Ghostly Armor+1","Uppercut+1","Whirlwind+1","Heavy Blade+1","Impervious+1","Ghostly Armor"],"relics":["Burning Blood","NeowsBlessing","Golden Idol","Singing Bowl","Pear","Art of War","Mummified Hand","Mercury Hourglass","Cursed Key","Girya","Self Forming Clay","Ginger","Ancient Tea Set","Charon\u0027s Ashes","Sozu","Sling","Strawberry","Paper Frog"],"potions_floor_usage":[11,14,16,27,50],"damage_taken":[{"damage":0,"enemies":"Small Slimes","floor":1,"turns":1},{"damage":0,"enemies":"Jaw Worm","floor":3,"turns":1},{"damage":0,"enemies":"Lagavulin","floor":6,"turns":2},{"damage":32,"enemies":"Gremlin Nob","floor":8,"turns":4},{"damage":0,"enemies":"Cultist","floor":10,"turns":3},{"damage":12,"enemies":"3 Sentries","floor":11,"turns":3},{"damage":10,"enemies":"3 Louse","floor":12,"turns":2},{"damage":20,"enemies":"Lagavulin","floor":14,"turns":3},{"damage":27,"enemies":"Hexaghost","floor":16,"turns":8},{"damage":12,"enemies":"Chosen","floor":18,"turns":4},{"damage":5,"enemies":"Shell Parasite","floor":20,"turns":4},{"damage":4,"enemies":"Shelled Parasite and Fungi","floor":22,"turns":4},{"damage":13,"enemies":"Snake Plant","floor":24,"turns":3},{"damage":27,"enemies":"Colosseum Slavers","floor":27,"turns":3},{"damage":0,"enemies":"Colosseum Nobs","floor":27,"turns":4},{"damage":13,"enemies":"Centurion and Healer","floor":28,"turns":4},{"damage":0,"enemies":"Gremlin Leader","floor":31,"turns":4},{"damage":56,"enemies":"Automaton","floor":33,"turns":11},{"damage":4,"enemies":"3 Shapes","floor":35,"turns":2},{"damage":4,"enemies":"Orb Walker","floor":37,"turns":3},{"damage":24,"enemies":"Reptomancer","floor":41,"turns":5},{"damage":45,"enemies":"Nemesis","floor":46,"turns":5},{"damage":0,"enemies":"Spire Growth","floor":48,"turns":3},{"damage":34,"enemies":"Time Eater","floor":50,"turns":12}],"seed_played":"-1294803554796804502","potions_obtained":[{"floor":3,"key":"BloodPotion"},{"floor":6,"key":"Fire Potion"},{"floor":8,"key":"Explosive Potion"},{"floor":10,"key":"SkillPotion"},{"floor":18,"key":"FearPotion"},{"floor":19,"key":"FairyPotion"},{"floor":28,"key":"Poison Potion"}],"is_trial":false,"path_per_floor":["M","?","M","$","?","E","R","E","T","M","E","M","R","E","R","B",null,"M","?","M","?","M","R","M","R","T","?","M","?","$","E","R","B",null,"M","?","M","$","T","R","E","R","T","R","?","E","R","M","R","B",null],"character_chosen":"IRONCLAD","items_purchased":["Inflame","Whirlwind","Ancient Tea Set","Sling","Ghostly Armor"],"campfire_rested":1,"item_purchase_floors":[4,30,30,38,38],"current_hp_per_floor":[80,64,70,70,70,74,74,58,58,66,62,60,60,48,48,27,92,88,88,91,91,93,93,88,88,88,73,66,66,66,74,74,26,102,102,102,104,104,104,104,95,95,95,95,84,47,47,55,90,62],"gold":184,"neow_bonus":"THREE_ENEMY_KILL","is_prod":false,"is_daily":false,"chose_seed":false,"campfire_upgraded":7,"win_rate":0,"timestamp":1555898416,"path_taken":["M","?","M","$","?","E","R","E","T","M","E","M","R","E","R","BOSS","M","?","?","?","M","R","M","R","T","?","M","?","$","E","R","BOSS","M","?","M","$","?","R","E","R","T","R","?","E","R","?","R","BOSS"],"build_version":"2019-01-23","purchased_purges":2,"victory":true,"max_hp_per_floor":[80,80,80,80,74,74,74,84,84,86,88,90,90,92,92,92,92,94,94,96,96,96,96,98,98,98,98,98,98,98,100,100,102,102,102,102,104,104,104,104,113,113,113,113,113,115,115,117,117,117],"card_choices":[{"not_picked":["Sword Boomerang","Perfected Strike","Rage"],"picked":"SKIP","floor":1},{"not_picked":["Sword Boomerang","Double Tap","Anger"],"picked":"SKIP","floor":3},{"not_picked":["Pummel","Anger"],"picked":"Cleave","floor":6},{"not_picked":["Heavy Blade","Thunderclap"],"picked":"Cleave","floor":8},{"not_picked":["Headbutt","Flex","Clash"],"picked":"Singing Bowl","floor":10},{"not_picked":["Fiend Fire","Flex","Second Wind"],"picked":"Singing Bowl","floor":11},{"not_picked":["Sword Boomerang","Inflame","Clash"],"picked":"Singing Bowl","floor":12},{"not_picked":["Headbutt","Flex","Rage"],"picked":"Singing Bowl","floor":14},{"not_picked":["Offering","Limit Break"],"picked":"Impervious","floor":16},{"not_picked":["Feel No Pain","Inflame+1","Havoc"],"picked":"Singing Bowl","floor":18},{"not_picked":["True Grit","Clash","Flex"],"picked":"Singing Bowl","floor":20},{"not_picked":["Clothesline","Armaments"],"picked":"Shrug It Off+1","floor":22},{"not_picked":["Warcry+1","Dropkick","Armaments"],"picked":"Singing Bowl","floor":24},{"not_picked":["Perfected Strike","Seeing Red+1"],"picked":"Ghostly Armor","floor":27},{"not_picked":["Wild Strike+1","Intimidate+1"],"picked":"Uppercut+1","floor":28},{"not_picked":["Sever Soul","Clash","Hemokinesis"],"picked":"Singing Bowl","floor":31},{"not_picked":["Immolate","Brutality","Reaper"],"picked":"Singing Bowl","floor":33},{"not_picked":["Anger","Twin Strike"],"picked":"Heavy Blade+1","floor":35},{"not_picked":["Whirlwind","Havoc","Anger"],"picked":"Singing Bowl","floor":37},{"not_picked":["Pommel Strike","Immolate","Warcry+1"],"picked":"Singing Bowl","floor":41},{"not_picked":["Twin Strike+1","True Grit+1","Shockwave"],"picked":"Singing Bowl","floor":46},{"not_picked":["Perfected Strike","Clash","True Grit"],"picked":"Singing Bowl","floor":48}],"player_experience":492262,"relics_obtained":[{"floor":6,"key":"Singing Bowl"},{"floor":8,"key":"Pear"},{"floor":9,"key":"Art of War"},{"floor":11,"key":"Mummified Hand"},{"floor":14,"key":"Mercury Hourglass"},{"floor":27,"key":"Girya"},{"floor":27,"key":"Self Forming Clay"},{"floor":31,"key":"Charon\u0027s Ashes"},{"floor":41,"key":"Strawberry"},{"floor":46,"key":"Paper Frog"}],"event_choices":[{"damage_healed":0,"gold_gain":0,"player_choice":"Entered Light","damage_taken":16,"max_hp_gain":0,"max_hp_loss":0,"event_name":"Shining Light","floor":2,"gold_loss":0,"cards_upgraded":["Strike_R","Defend_R"]},{"damage_healed":0,"gold_gain":0,"player_choice":"Lose Max HP","damage_taken":0,"relics_obtained":["Golden Idol"],"max_hp_gain":0,"max_hp_loss":6,"event_name":"Golden Idol","floor":5,"gold_loss":0},{"damage_healed":0,"gold_gain":0,"player_choice":"Bought 1 Potion","damage_taken":0,"max_hp_gain":0,"max_hp_loss":0,"event_name":"The Woman in Blue","floor":19,"gold_loss":0},{"damage_healed":0,"gold_gain":0,"player_choice":"Simplicity","damage_taken":0,"max_hp_gain":0,"max_hp_loss":0,"event_name":"Back to Basics","floor":21,"gold_loss":0,"cards_upgraded":["Strike_R","Strike_R","Strike_R","Strike_R","Defend_R","Defend_R","Defend_R"]},{"damage_healed":0,"gold_gain":0,"player_choice":"Fight","damage_taken":0,"max_hp_gain":0,"max_hp_loss":0,"event_name":"Colosseum","floor":27,"gold_loss":0},{"damage_healed":0,"gold_gain":0,"player_choice":"Fought Nobs","damage_taken":0,"max_hp_gain":0,"max_hp_loss":0,"event_name":"Colosseum","floor":27,"gold_loss":0},{"damage_healed":0,"gold_gain":0,"player_choice":"Obtained Relic","damage_taken":0,"relics_obtained":["Ginger"],"max_hp_gain":0,"max_hp_loss":0,"event_name":"Addict","floor":29,"gold_loss":85},{"damage_healed":0,"gold_gain":0,"player_choice":"Copied","damage_taken":0,"max_hp_gain":0,"max_hp_loss":0,"event_name":"Duplicator","floor":36,"gold_loss":0,"cards_obtained":["Impervious"]},{"damage_healed":0,"gold_gain":75,"player_choice":"Touch","damage_taken":11,"max_hp_gain":0,"max_hp_loss":0,"event_name":"FaceTrader","floor":45,"gold_loss":0}],"is_beta":false,"boss_relics":[{"not_picked":["Tiny House","Pandora\u0027s Box"],"picked":"Cursed Key"},{"not_picked":["Busted Crown","Philosopher\u0027s Stone"],"picked":"Sozu"}],"items_purged_floors":[30,38],"is_endless":false,"potions_floor_spawned":[3,6,8,10,18,27,28,35,37],"ascension_level":4}