{"gold_per_floor":[118,138,153,228,228,228,292,292],"floor_reached":8,"playtime":256,"items_purged":[],"score":51,"play_id":"ecdfbe27-1e80-4755-a01d-412e30cd02b5","local_time":"20190421123832","is_ascension_mode":true,"campfire_choices":[{"floor":6,"key":"DIG"}],"neow_cost":"PERCENT_DAMAGE","seed_source_timestamp":656590180531638,"circlet_count":0,"master_deck":["Strike_R","Strike_R","Strike_R","Strike_R","Strike_R","Defend_R","Defend_R","Defend_R","Defend_R","Bash","Pommel Strike","Pommel Strike"],"relics":["Burning Blood","Shovel","Bottled Lightning","Ice Cream"],"potions_floor_usage":[8],"damage_taken":[{"damage":0,"enemies":"Small Slimes","floor":1,"turns":3},{"damage":7,"enemies":"2 Louse","floor":2,"turns":3},{"damage":13,"enemies":"Jaw Worm","floor":3,"turns":5},{"damage":47,"enemies":"3 Sentries","floor":7,"turns":11},{"damage":44,"enemies":"Lagavulin","floor":8,"turns":5}],"seed_played":"673804636821839478","potions_obtained":[{"floor":7,"key":"Poison Potion"}],"is_trial":false,"path_per_floor":["M","M","M","?","?","R","?","E"],"character_chosen":"IRONCLAD","items_purchased":[],"campfire_rested":0,"item_purchase_floors":[],"current_hp_per_floor":[62,61,54,43,69,69,28,0],"gold":292,"neow_bonus":"ONE_RARE_RELIC","is_prod":false,"is_daily":false,"chose_seed":false,"campfire_upgraded":0,"win_rate":0,"timestamp":1555871912,"path_taken":["M","M","M","?","?","R","?","E"],"build_version":"2019-01-23","purchased_purges":0,"victory":false,"max_hp_per_floor":[80,80,80,80,80,80,80,80],"card_choices":[{"not_picked":["Iron Wave","Anger","Thunderclap"],"picked":"SKIP","floor":1},{"not_picked":["Flex","Sword Boomerang","Fire Breathing"],"picked":"SKIP","floor":2},{"not_picked":["Entrench","Body Slam"],"picked":"Pommel Strike","floor":3},{"not_picked":["Hemokinesis","Perfected Strike"],"picked":"Pommel Strike","floor":7}],"player_experience":486392,"relics_obtained":[{"floor":6,"key":"Bottled Lightning"},{"floor":7,"key":"Ice Cream"}],"event_choices":[{"damage_healed":0,"gold_gain":75,"player_choice":"Gather Gold","damage_taken":11,"max_hp_gain":0,"max_hp_loss":0,"event_name":"World of Goop","floor":4,"gold_loss":0},{"damage_healed":26,"gold_gain":0,"player_choice":"Banana","damage_taken":0,"max_hp_gain":0,"max_hp_loss":0,"event_name":"Big Fish","floor":5,"gold_loss":0},{"damage_healed":0,"gold_gain":30,"player_choice":"Searched \u00272\u0027 times","damage_taken":0,"max_hp_gain":0,"max_hp_loss":0,"event_name":"Dead Adventurer","floor":7,"gold_loss":0}],"is_beta":false,"boss_relics":[],"items_purged_floors":[],"is_endless":false,"potions_floor_spawned":[7],"killed_by":"Lagavulin","ascension_level":2}