{"gold_per_floor":[113,123,123,123,123,123,71,71,71,103,117,129,129,149,149,149],"floor_reached":16,"playtime":508,"items_purged":[],"score":195,"play_id":"aec70071-f434-4501-a01f-efc8b037f8ae","local_time":"20190526200646","is_ascension_mode":true,"campfire_choices":[{"data":"Bash","floor":6,"key":"SMITH"},{"floor":13,"key":"REST"},{"data":"Flame Barrier","floor":15,"key":"SMITH"}],"neow_cost":"PERCENT_DAMAGE","seed_source_timestamp":103650535941993,"circlet_count":0,"master_deck":["AscendersBane","Strike_R","Strike_R","Strike_R","Strike_R","Strike_R+1","Defend_R","Defend_R","Defend_R+1","Defend_R","Bash+1","Pommel Strike+1","Cleave","Flame Barrier+1","Shrug It Off"],"special_seed":0,"relics":["Burning Blood","Pocketwatch","Thread and Needle","Darkstone Periapt","Kunai","Lantern"],"potions_floor_usage":[10,16],"damage_taken":[{"damage":4.0,"enemies":"Jaw Worm","floor":1.0,"turns":4.0},{"damage":10,"enemies":"Small Slimes","floor":2,"turns":3},{"damage":8,"enemies":"3 Sentries","floor":10,"turns":7},{"damage":0,"enemies":"2 Louse","floor":11,"turns":3},{"damage":4,"enemies":"Large Slime","floor":12,"turns":4},{"damage":13,"enemies":"Lots of Slimes","floor":14,"turns":4},{"damage":36,"enemies":"Hexaghost","floor":16,"turns":11}],"seed_played":"-1034900467621974304","potions_obtained":[{"floor":1,"key":"Strength Potion"},{"floor":12,"key":"Weak Potion"}],"is_trial":false,"path_per_floor":["M","M","?","T","?","R","$","?","T","E","M","M","R","M","R","B"],"character_chosen":"IRONCLAD","items_purchased":["Cleave"],"campfire_rested":1,"item_purchase_floors":[7],"current_hp_per_floor":[52,48,48,48,37,37,37,14,14,12,18,20,42,35,35,0],"gold":149,"neow_bonus":"ONE_RARE_RELIC","is_prod":false,"is_daily":false,"chose_seed":false,"campfire_upgraded":2,"win_rate":0,"timestamp":1558922806,"path_taken":["M","M","?","?","?","R","$","?","T","E","?","M","R","M","R","BOSS"],"build_version":"2019-01-23","purchased_purges":0,"victory":false,"max_hp_per_floor":[75,75,75,75,75,75,75,75,75,75,75,75,75,75,75,75],"card_choices":[{"not_picked":["Flex","Evolve"],"picked":"Pommel Strike","floor":1},{"not_picked":["Havoc","Intimidate","Anger"],"picked":"SKIP","floor":2},{"not_picked":["Spot Weakness","Clothesline"],"picked":"Flame Barrier","floor":10},{"not_picked":["Ghostly Armor","Blood for Blood"],"picked":"Shrug It Off","floor":11},{"not_picked":["Rupture","Flex","Clothesline"],"picked":"SKIP","floor":12},{"not_picked":["Cleave","Flex","Corruption"],"picked":"SKIP","floor":14}],"player_experience":618402,"relics_obtained":[{"floor":4,"key":"Thread and Needle"},{"floor":9,"key":"Kunai"},{"floor":10,"key":"Lantern"}],"event_choices":[{"damage_healed":0,"gold_gain":0,"player_choice":"Grow","damage_taken":0,"max_hp_gain":0,"max_hp_loss":0,"event_name":"Living Wall","floor":3,"gold_loss":0,"cards_upgraded":["Pommel Strike"]},{"damage_healed":0,"gold_gain":0,"player_choice":"Success","damage_taken":11,"relics_obtained":["Darkstone Periapt"],"max_hp_gain":0,"max_hp_loss":0,"event_name":"Scrap Ooze","floor":5,"gold_loss":0},{"damage_healed":0,"gold_gain":0,"player_choice":"Entered Light","damage_taken":23,"max_hp_gain":0,"max_hp_loss":0,"event_name":"Shining Light","floor":8,"gold_loss":0,"cards_upgraded":["Defend_R","Strike_R"]}],"is_beta":false,"boss_relics":[],"items_purged_floors":[],"is_endless":false,"potions_floor_spawned":[1,12],"killed_by":"Hexaghost","ascension_level":19}