{"gold_per_floor":[117,117,192,205,205,224,224,213,293,309,309,309,13,41,41,136,136,151,164,2,2,13,40,60,60,60,60,70,70,70,85,85,185,185,201,201,212,227,243,274,291,291,336,47,67,81,81,5,5,5],"floor_reached":51,"playtime":13159,"items_purged":[],"score":726,"play_id":"42bc890a-9a7f-42a0-9c15-573b31295679","local_time":"20190609111202","is_ascension_mode":false,"campfire_choices":[{"data":"Burst","floor":11.0,"key":"SMITH"},{"floor":15.0,"key":"REST"},{"floor":25.0,"key":"REST"},{"floor":29.0,"key":"REST"},{"floor":32.0,"key":"REST"},{"floor":42.0,"key":"REST"},{"floor":49,"key":"REST"}],"neow_cost":"NONE","seed_source_timestamp":0,"circlet_count":0,"master_deck":["Defend_G","Defend_G","Defend_G","Defend_G","Survivor","Neutralize","Acrobatics","Endless Agony","PiercingWail","Burst+1","Backflip","Dash","Blind","Caltrops","Dagger Spray","Footwork","After Image","Leg Sweep","Well Laid Plans","Dash","Well Laid Plans","Backflip","Dash+1","Unload","Calculated Gamble","Eviscerate","Crippling Poison","Bite","Bite","Bite","Bite","Bite","Caltrops+1","Malaise","PiercingWail+1","Madness","Madness","Leg Sweep","Backstab+1","Footwork+1","Crippling Poison","All Out Attack","Heel Hook","Venomology","Noxious Fumes","Leg Sweep","Reflex+1","Backflip","Poisoned Stab"],"special_seed":0,"relics":["Ring of the Snake","Ancient Tea Set","FaceOfCleric","Paper Crane","Dodecahedron","Fusion Hammer","Tingsha","Sundial","Philosopher\u0027s Stone","Tough Bandages","Potion Belt"],"potions_floor_usage":[50],"damage_taken":[{"damage":3.0,"enemies":"Jaw Worm","floor":1.0,"turns":6.0},{"damage":0.0,"enemies":"2 Louse","floor":4.0,"turns":4.0},{"damage":0.0,"enemies":"Small Slimes","floor":6.0,"turns":6.0},{"damage":2.0,"enemies":"Exordium Thugs","floor":8.0,"turns":4.0},{"damage":3.0,"enemies":"Blue Slaver","floor":10.0,"turns":6.0},{"damage":36.0,"enemies":"3 Sentries","floor":14.0,"turns":9.0},{"damage":52.0,"enemies":"Hexaghost","floor":16.0,"turns":18.0},{"damage":0.0,"enemies":"3 Byrds","floor":18.0,"turns":5.0},{"damage":1.0,"enemies":"Shell Parasite","floor":19.0,"turns":9.0},{"damage":0.0,"enemies":"Centurion and Healer","floor":22.0,"turns":10.0},{"damage":0.0,"enemies":"Gremlin Leader","floor":23.0,"turns":7.0},{"damage":1.0,"enemies":"Snecko","floor":24.0,"turns":6.0},{"damage":0.0,"enemies":"Snake Plant","floor":28.0,"turns":5.0},{"damage":0.0,"enemies":"Chosen and Byrds","floor":31.0,"turns":6.0},{"damage":36.0,"enemies":"Automaton","floor":33.0,"turns":15.0},{"damage":2.0,"enemies":"3 Darklings","floor":35.0,"turns":6.0},{"damage":9.0,"enemies":"3 Shapes","floor":37.0,"turns":6.0},{"damage":2.0,"enemies":"Maw","floor":38.0,"turns":12.0},{"damage":8.0,"enemies":"Jaw Worm Horde","floor":39.0,"turns":7.0},{"damage":66.0,"enemies":"Reptomancer","floor":40.0,"turns":11.0},{"damage":19.0,"enemies":"Spire Growth","floor":41.0,"turns":8.0},{"damage":14.0,"enemies":"4 Shapes","floor":45.0,"turns":6.0},{"damage":0,"enemies":"Writhing Mass","floor":46,"turns":9},{"damage":6,"enemies":"Awakened One","floor":50,"turns":20}],"seed_played":"-8691523676625333907","potions_obtained":[{"floor":4.0,"key":"Poison Potion"},{"floor":6.0,"key":"Regen Potion"},{"floor":10.0,"key":"Fire Potion"},{"floor":19.0,"key":"EssenceOfSteel"},{"floor":22.0,"key":"GhostInAJar"},{"floor":24.0,"key":"FairyPotion"},{"floor":46,"key":"PowerPotion"}],"is_trial":false,"path_per_floor":["?","?","?","M","?","M","?","M","?","M","?","?","?","?"],"character_chosen":"THE_SILENT","items_purchased":["Backflip","Dash","Blind","Caltrops","Dagger Spray","Dash","Well Laid Plans","Heel Hook","Venomology","Noxious Fumes","Backflip","Poisoned Stab"],"campfire_rested":6,"item_purchase_floors":[13,13,13,13,13,20,20,44,44,44,48,48],"current_hp_per_floor":[74,71,60,60,60,61,78,77,77,75,75,75,75,40,64,13,82,83,84,84,84,85,86,86,87,87,87,88,88,61,62,62,41,63,64,56,56,66,59,23,17,37,37,37,28,35,35,35,55,69],"gold":5,"neow_bonus":"TEN_PERCENT_HP_BONUS","is_prod":false,"is_daily":false,"chose_seed":false,"campfire_upgraded":1,"win_rate":0.0,"timestamp":1560067922,"path_taken":["M","?","?","M","?","?","?","?","T","M","R","?","$","E","R","BOSS","M","?","$","?","?","E","M","R","T","?","M","R","?","M","R","BOSS","M","?","M","M","M","E","M","R","T","$","M","M","?","$","R","BOSS"],"build_version":"2019-01-23","purchased_purges":0,"victory":true,"max_hp_per_floor":[77,77,77,77,77,78,78,79,79,80,80,80,80,81,81,82,82,83,84,84,84,85,86,87,87,87,87,88,88,61,62,62,63,63,64,64,65,66,67,68,69,69,69,69,70,71,68,68,68,69],"card_choices":[{"not_picked":["Flying Knee","Prepared"],"picked":"Acrobatics","floor":1.0},{"not_picked":["Prepared","Deflect"],"picked":"Calculated Gamble","floor":4.0},{"not_picked":["Sucker Punch","Underhanded Strike"],"picked":"Endless Agony","floor":6.0},{"not_picked":["Poisoned Stab","Flying Knee"],"picked":"PiercingWail","floor":8.0},{"not_picked":["Prepared","Backstab"],"picked":"Burst","floor":10.0},{"not_picked":["Outmaneuver","Riddle With Holes"],"picked":"Footwork","floor":14.0},{"not_picked":["Burst","Die Die Die"],"picked":"After Image","floor":16.0},{"not_picked":["Underhanded Strike","Flying Knee+1"],"picked":"Leg Sweep","floor":18.0},{"not_picked":["Blade Dance","Backflip+1"],"picked":"Well Laid Plans","floor":19.0},{"not_picked":["Dagger Throw+1","Well Laid Plans"],"picked":"Dash+1","floor":22.0},{"not_picked":["Deadly Poison","Poisoned Stab"],"picked":"Unload","floor":23.0},{"not_picked":["Tactician+1","Quick Slash+1"],"picked":"Calculated Gamble","floor":24.0},{"not_picked":["Escape Plan","Flechettes"],"picked":"Crippling Poison","floor":28.0},{"not_picked":["Endless Agony","Prepared+1"],"picked":"Caltrops+1","floor":31.0},{"not_picked":["Tools of the Trade","Doppelganger"],"picked":"Malaise","floor":33.0},{"not_picked":["Outmaneuver+1","Predator"],"picked":"PiercingWail+1","floor":35.0},{"not_picked":["Bouncing Flask","Prepared"],"picked":"Leg Sweep","floor":37.0},{"not_picked":["Expertise","Flying Knee+1"],"picked":"Backstab+1","floor":38.0},{"not_picked":["Sucker Punch","Poisoned Stab"],"picked":"Footwork+1","floor":39.0},{"not_picked":["Blade Dance+1","Dodge and Roll"],"picked":"Crippling Poison","floor":40.0},{"not_picked":["Skewer","Acrobatics"],"picked":"All Out Attack","floor":41.0},{"not_picked":["Poisoned Stab+1","Tactician+1"],"picked":"Leg Sweep","floor":45.0},{"not_picked":["Slice","Blade Dance"],"picked":"Reflex+1","floor":46}],"player_experience":6800,"relics_obtained":[{"floor":9.0,"key":"Paper Crane"},{"floor":14.0,"key":"Dodecahedron"},{"floor":23.0,"key":"Tingsha"},{"floor":26.0,"key":"Sundial"},{"floor":40.0,"key":"Tough Bandages"},{"floor":43.0,"key":"Potion Belt"}],"event_choices":[{"damage_healed":0.0,"max_hp_gain":0.0,"max_hp_loss":0.0,"gold_gain":0.0,"event_name":"Scrap Ooze","player_choice":"Success","floor":2.0,"gold_loss":0.0,"damage_taken":3.0,"relics_obtained":["Ancient Tea Set"]},{"damage_healed":0.0,"max_hp_gain":0.0,"max_hp_loss":0.0,"gold_gain":75.0,"event_name":"World of Goop","player_choice":"Gather Gold","floor":3.0,"gold_loss":0.0,"damage_taken":11.0},{"damage_healed":0.0,"max_hp_gain":0.0,"max_hp_loss":0.0,"gold_gain":0.0,"event_name":"FaceTrader","player_choice":"Trade","floor":5.0,"gold_loss":0.0,"damage_taken":0.0,"relics_obtained":["FaceOfCleric"]},{"cards_removed":["Calculated Gamble"],"damage_healed":17.0,"max_hp_gain":0.0,"max_hp_loss":0.0,"gold_gain":0.0,"event_name":"Bonfire Elementals","player_choice":"Offered Uncommon","floor":7.0,"gold_loss":0.0,"damage_taken":0.0},{"cards_removed":["Defend_G"],"damage_healed":0.0,"max_hp_gain":0.0,"max_hp_loss":0.0,"gold_gain":0.0,"event_name":"Purifier","player_choice":"Purged","floor":12.0,"gold_loss":0.0,"damage_taken":0.0},{"damage_healed":0.0,"max_hp_gain":0.0,"max_hp_loss":0.0,"gold_gain":0.0,"cards_transformed":["Strike_G"],"event_name":"Transmorgrifier","player_choice":"Transformed","floor":21.0,"gold_loss":0.0,"damage_taken":0.0,"cards_obtained":["Backflip"]},{"damage_healed":0.0,"max_hp_gain":0.0,"max_hp_loss":0.0,"gold_gain":0.0,"event_name":"The Library","player_choice":"Read","floor":27.0,"gold_loss":0.0,"damage_taken":0.0,"cards_obtained":["Eviscerate"]},{"damage_healed":0.0,"max_hp_gain":0.0,"max_hp_loss":27.0,"gold_gain":0.0,"event_name":"Vampires","player_choice":"Became a vampire","floor":30.0,"gold_loss":0.0,"damage_taken":0.0,"cards_obtained":["Bite","Bite","Bite","Bite","Bite"]},{"damage_healed":0.0,"max_hp_gain":0.0,"max_hp_loss":0.0,"gold_gain":0.0,"event_name":"Winding Halls","player_choice":"Embrace Madness","floor":36.0,"gold_loss":0.0,"damage_taken":8.0,"cards_obtained":["Madness","Madness"]},{"cards_removed":["Parasite"],"damage_healed":0,"gold_gain":0,"player_choice":"Purged","damage_taken":0,"max_hp_gain":0,"max_hp_loss":0,"event_name":"Purifier","floor":47,"gold_loss":0}],"is_beta":false,"boss_relics":[{"not_picked":["Tiny House","Ring of the Serpent"],"picked":"Fusion Hammer"},{"not_picked":["Busted Crown","Empty Cage"],"picked":"Philosopher\u0027s Stone"}],"items_purged_floors":[],"is_endless":false,"potions_floor_spawned":[4,6,10,14,19,22,24,31,37,38,39,46],"ascension_level":0}