{"gold_per_floor":[117,128,140,65,65,65,81,81,81,102,102,128,146,166,166,238,238,248,0,17,17,37,37,37],"floor_reached":24,"playtime":1047,"items_purged":["Strike_G"],"score":396,"play_id":"0a99a06f-9f14-4953-aa98-fe96a9f01390","local_time":"20190403005725","is_ascension_mode":true,"campfire_choices":[{"data":"Survivor","floor":6,"key":"SMITH"},{"data":"Neutralize","floor":8,"key":"SMITH"},{"data":"Crippling Poison","floor":11,"key":"SMITH"},{"floor":15,"key":"REST"},{"data":"Malaise","floor":23,"key":"SMITH"}],"neow_cost":"NONE","seed_source_timestamp":445320756404775,"circlet_count":0,"master_deck":["AscendersBane","Defend_G","Defend_G","Defend_G","Defend_G","Defend_G","Strike_G","Survivor+1","Neutralize+1","Flechettes+1","Predator+1","Bouncing Flask+1","PiercingWail","Crippling Poison+1","Endless Agony","Adrenaline","Slice","Malaise+1","Dodge and Roll"],"relics":["Astrolabe","Regal Pillow","Odd Mushroom","Ornamental Fan","Busted Crown","Oddly Smooth Stone"],"potions_floor_usage":[12,12,16,16,21,22,24],"damage_taken":[{"damage":0,"enemies":"2 Louse","floor":1,"turns":2},{"damage":8,"enemies":"Jaw Worm","floor":2,"turns":5},{"damage":0,"enemies":"Cultist","floor":3,"turns":4},{"damage":6,"enemies":"Looter","floor":7,"turns":3},{"damage":16,"enemies":"The Mushroom Lair","floor":10,"turns":3},{"damage":8,"enemies":"Gremlin Nob","floor":12,"turns":3},{"damage":0,"enemies":"2 Fungi Beasts","floor":13,"turns":3},{"damage":0,"enemies":"Blue Slaver","floor":14,"turns":3},{"damage":21,"enemies":"Slime Boss","floor":16,"turns":9},{"damage":13,"enemies":"Spheric Guardian","floor":18,"turns":4},{"damage":6,"enemies":"Chosen","floor":20,"turns":5},{"damage":15,"enemies":"Colosseum Slavers","floor":21,"turns":2},{"damage":10,"enemies":"Centurion and Healer","floor":22,"turns":6},{"damage":14,"enemies":"Slavers","floor":24,"turns":2}],"seed_played":"2829434966610099429","potions_obtained":[{"floor":2,"key":"SteroidPotion"},{"floor":10,"key":"AttackPotion"},{"floor":13,"key":"SteroidPotion"},{"floor":14,"key":"Block Potion"},{"floor":16,"key":"FearPotion"},{"floor":18,"key":"SkillPotion"},{"floor":22,"key":"Energy Potion"}],"is_trial":false,"path_per_floor":["M","M","M","?","?","R","M","R","T","?","R","E","M","M","R","B",null,"M","$","M","?","M","R","E"],"character_chosen":"THE_SILENT","items_purchased":["Oddly Smooth Stone"],"campfire_rested":1,"item_purchase_floors":[19],"current_hp_per_floor":[59,51,51,51,51,51,45,45,45,29,29,21,21,21,55,34,58,45,45,39,24,14,14,0],"gold":37,"neow_bonus":"BOSS_RELIC","is_prod":false,"is_daily":false,"chose_seed":false,"campfire_upgraded":4,"win_rate":0,"timestamp":1554274645,"path_taken":["M","M","M","?","?","R","?","R","T","?","R","E","M","M","R","BOSS","M","$","M","?","M","R","E"],"build_version":"2019-01-23","purchased_purges":1,"victory":false,"max_hp_per_floor":[66,66,66,66,66,66,66,66,66,66,66,66,66,66,66,66,66,66,66,66,66,66,66,66],"card_choices":[{"not_picked":["Slice","Outmaneuver","Flying Knee"],"picked":"SKIP","floor":1},{"not_picked":["Cloak And Dagger","Outmaneuver","Finisher"],"picked":"SKIP","floor":2},{"not_picked":["Tactician","Sucker Punch"],"picked":"Bouncing Flask","floor":3},{"not_picked":["Infinite Blades","Deadly Poison"],"picked":"PiercingWail","floor":7},{"not_picked":["Dagger Spray","Deflect"],"picked":"Crippling Poison","floor":10},{"not_picked":["Terror","Underhanded Strike"],"picked":"Endless Agony","floor":12},{"not_picked":["Sucker Punch","Outmaneuver"],"picked":"Adrenaline","floor":13},{"not_picked":["Poisoned Stab","Dagger Spray"],"picked":"Slice","floor":14},{"not_picked":["Glass Knife","Wraith Form v2"],"picked":"Malaise","floor":16},{"not_picked":["Flying Knee"],"picked":"SKIP","floor":18},{"not_picked":["Bane"],"picked":"SKIP","floor":20},{"not_picked":[],"picked":"Dodge and Roll","floor":22}],"player_experience":429663,"relics_obtained":[{"floor":9,"key":"Regal Pillow"},{"floor":10,"key":"Odd Mushroom"},{"floor":12,"key":"Ornamental Fan"}],"event_choices":[{"cards_removed":["Wraith Form v2"],"damage_healed":0,"gold_gain":0,"player_choice":"Card Removal","damage_taken":0,"max_hp_gain":0,"max_hp_loss":0,"event_name":"The Cleric","floor":4,"gold_loss":75},{"damage_healed":0,"gold_gain":0,"player_choice":"Upgraded","damage_taken":0,"max_hp_gain":0,"max_hp_loss":0,"event_name":"Upgrade Shrine","floor":5,"gold_loss":0,"cards_upgraded":["Bouncing Flask"]},{"damage_healed":0,"gold_gain":0,"player_choice":"Fought Mushrooms","damage_taken":0,"max_hp_gain":0,"max_hp_loss":0,"event_name":"Mushrooms","floor":10,"gold_loss":0},{"damage_healed":0,"gold_gain":0,"player_choice":"Fight","damage_taken":0,"max_hp_gain":0,"max_hp_loss":0,"event_name":"Colosseum","floor":21,"gold_loss":0},{"damage_healed":0,"gold_gain":0,"player_choice":"Fled From Nobs","damage_taken":0,"max_hp_gain":0,"max_hp_loss":0,"event_name":"Colosseum","floor":21,"gold_loss":0}],"is_beta":false,"boss_relics":[{"not_picked":["Coffee Dripper","Eternal Feather"],"picked":"Busted Crown"}],"items_purged_floors":[19],"is_endless":false,"potions_floor_spawned":[2,10,13,14,16,18,22],"killed_by":"Slavers","ascension_level":20}