{"gold_per_floor":[109,123,123,139,154,154,165,165,214,228,228,241,268,333,333,333],"floor_reached":16,"playtime":561,"items_purged":[],"score":203,"play_id":"f02d0b31-c30d-4ef5-ab8d-34043793e3b5","local_time":"20190527104444","is_ascension_mode":true,"campfire_choices":[{"data":"Bash","floor":6.0,"key":"SMITH"},{"data":"Shrug It Off","floor":8.0,"key":"SMITH"},{"data":"Shrug It Off","floor":11.0,"key":"SMITH"},{"data":"Barricade","floor":15,"key":"SMITH"}],"neow_cost":"TEN_PERCENT_HP_LOSS","seed_source_timestamp":155806442074135,"circlet_count":0,"master_deck":["AscendersBane","Strike_R","Strike_R","Strike_R","Strike_R","Strike_R","Defend_R","Defend_R","Defend_R","Defend_R","Bash+1","Shrug It Off+1","Inflame","Shrug It Off+1","Barricade+1"],"special_seed":0,"relics":["Burning Blood","Thread and Needle","Bag of Marbles","Bottled Tornado"],"potions_floor_usage":[16,16],"damage_taken":[{"damage":0.0,"enemies":"2 Louse","floor":1.0,"turns":4.0},{"damage":3.0,"enemies":"Jaw Worm","floor":2.0,"turns":5.0},{"damage":3.0,"enemies":"Small Slimes","floor":4.0,"turns":4.0},{"damage":18.0,"enemies":"3 Louse","floor":5.0,"turns":4.0},{"damage":6.0,"enemies":"Blue Slaver","floor":7.0,"turns":4.0},{"damage":5.0,"enemies":"Looter","floor":10.0,"turns":4.0},{"damage":12.0,"enemies":"Large Slime","floor":12.0,"turns":6.0},{"damage":27,"enemies":"Lagavulin","floor":13,"turns":7},{"damage":42,"enemies":"Slime Boss","floor":16,"turns":13}],"seed_played":"-7625115766615994723","potions_obtained":[{"floor":2.0,"key":"SkillPotion"},{"floor":4.0,"key":"BloodPotion"},{"floor":7.0,"key":"Strength Potion"},{"floor":12.0,"key":"Swift Potion"}],"is_trial":false,"path_per_floor":["M","M","?","M","M","R","M","R","T","M","R","M","E","?","R","B"],"character_chosen":"IRONCLAD","items_purchased":[],"campfire_rested":0,"item_purchase_floors":[],"current_hp_per_floor":[68,68,73,73,61,61,61,61,61,62,62,56,35,35,35,0],"gold":333,"neow_bonus":"ONE_RARE_RELIC","is_prod":false,"is_daily":false,"chose_seed":false,"campfire_upgraded":4,"win_rate":0,"timestamp":1558975484,"path_taken":["M","M","?","M","M","R","M","R","T","M","R","M","E","?","R","BOSS"],"build_version":"2019-01-23","purchased_purges":0,"victory":false,"max_hp_per_floor":[68,68,73,73,73,73,73,73,73,73,73,73,73,73,73,73],"card_choices":[{"not_picked":["Thunderclap","Dropkick","Burning Pact"],"picked":"SKIP","floor":1.0},{"not_picked":["Metallicize","Fire Breathing","Blood for Blood"],"picked":"SKIP","floor":2.0},{"not_picked":["True Grit","Twin Strike"],"picked":"Shrug It Off","floor":4.0},{"not_picked":["Havoc","Dual Wield","True Grit"],"picked":"SKIP","floor":5.0},{"not_picked":["Warcry","Headbutt"],"picked":"Inflame","floor":7.0},{"not_picked":["Intimidate","Thunderclap"],"picked":"Shrug It Off","floor":10.0},{"not_picked":["Corruption","Headbutt"],"picked":"Barricade","floor":12.0},{"not_picked":["Headbutt","Heavy Blade","Thunderclap"],"picked":"SKIP","floor":13}],"player_experience":636404,"relics_obtained":[{"floor":9.0,"key":"Bag of Marbles"},{"floor":13,"key":"Bottled Tornado"}],"event_choices":[{"damage_healed":0.0,"max_hp_gain":5.0,"max_hp_loss":0.0,"gold_gain":0.0,"event_name":"Big Fish","player_choice":"Donut","floor":3.0,"gold_loss":0.0,"damage_taken":0.0},{"damage_healed":0,"gold_gain":65,"player_choice":"Gained Gold","damage_taken":0,"max_hp_gain":0,"max_hp_loss":0,"event_name":"Golden Wing","floor":14,"gold_loss":0}],"is_beta":false,"boss_relics":[],"items_purged_floors":[],"is_endless":false,"potions_floor_spawned":[2,4,7,12],"killed_by":"Slime Boss","ascension_level":19}