{"path_per_floor":["M","M","M","M","M","R","E","R","T","R","M","R","?","M","R"],"character_chosen":"THE_SILENT","items_purchased":[],"gold_per_floor":[115,128,148,168,187,187,213,213,238,238,250,250,250,262,262,262],"floor_reached":16,"campfire_rested":2,"playtime":1186,"current_hp_per_floor":[68,67,66,58,55,55,25,25,25,46,27,27,27,20,41,0],"items_purged":[],"gold":262,"score":104,"play_id":"1e7f1913-4c88-436e-bcb7-99ea10ebcc01","local_time":"20180522004045","is_prod":false,"is_daily":false,"chose_seed":false,"is_ascension_mode":false,"campfire_upgraded":3,"timestamp":1526913645,"campfire_choices":[{"data":"Flying Knee","floor":6,"key":"SMITH"},{"data":"Poisoned Stab","floor":8,"key":"SMITH"},{"floor":10,"key":"REST"},{"data":"Blade Dance","floor":12,"key":"SMITH"},{"floor":15,"key":"REST"}],"path_taken":["M","M","M","M","M","R","E","R","T","R","M","R","?","M","R","BOSS"],"build_version":"2018-05-17","seed_source_timestamp":4037090219950,"purchased_purges":0,"victory":false,"master_deck":["Defend_G","Defend_G","Defend_G","Defend_G","Defend_G","Strike_G","Strike_G","Strike_G","Strike_G","Strike_G","Survivor","Neutralize","Tactician","Flying Knee","Poisoned Stab+1","Underhanded Strike","Flying Knee+1","Outmaneuver","Acrobatics","Blade Dance+1","Bane"],"max_hp_per_floor":[70,70,70,70,70,70,70,70,70,70,70,70,70,70,70,70],"relics":["Ring of the Snake","Peace Pipe","Snake Skull"],"card_choices":[{"not_picked":["Underhanded Strike","Footwork"],"picked":"Flying Knee","floor":1},{"not_picked":["Skewer","Slice"],"picked":"Poisoned Stab","floor":2},{"not_picked":["Slice","Quick Slash"],"picked":"Underhanded Strike","floor":3},{"not_picked":["Backflip","Catalyst"],"picked":"Flying Knee","floor":4},{"not_picked":["Caltrops","Dodge and Roll"],"picked":"Outmaneuver","floor":5},{"not_picked":["Glass Knife","Sucker Punch"],"picked":"Acrobatics","floor":7},{"not_picked":["Escape Plan","Slice"],"picked":"Blade Dance","floor":11},{"not_picked":["Dash","Slice"],"picked":"Bane","floor":14}],"player_experience":21030,"potions_floor_usage":[],"damage_taken":[{"damage":2,"enemies":"Small Slimes","floor":1,"turns":6},{"damage":1,"enemies":"Cultist","floor":2,"turns":6},{"damage":1,"enemies":"2 Louse","floor":3,"turns":3},{"damage":8,"enemies":"Lots of Slimes","floor":4,"turns":5},{"damage":3,"enemies":"3 Louse","floor":5,"turns":3},{"damage":30,"enemies":"Gremlin Nob","floor":7,"turns":5},{"damage":19,"enemies":"Large Slime","floor":11,"turns":8},{"damage":7,"enemies":"2 Fungi Beasts","floor":14,"turns":3},{"damage":42,"enemies":"The Guardian","floor":16,"turns":9}],"relics_obtained":[{"floor":7,"key":"Peace Pipe"},{"floor":9,"key":"Snake Skull"}],"event_choices":[{"event_name":"The Woman in Blue","player_choice":"Bought 0 Potions","floor":13,"damage_taken":0}],"boss_relics":[],"potions_floor_spawned":[3,4,11,14],"seed_played":"8459379373355401626","killed_by":"The Guardian","ascension_level":0,"potions_obtained":[{"floor":3,"key":"GamblersBrew"},{"floor":4,"key":"Swift Potion"},{"floor":11,"key":"Swift Potion"}],"is_trial":false}