{"gold_per_floor":[210,210,227,227,227,254,354,371,396,424,424,442,471,489,489,591,591,607,71,71,71,71,71,86,185,237,237,39,39,52,71,71,172,172,192,192,211,311,232,242,167,167,167,184,184,204,204,218,218,218],"floor_reached":50,"playtime":1628,"items_purged":[],"score":535,"play_id":"b08542c4-1c13-47d3-8619-9c7fdd43d72b","local_time":"20181103024410","is_ascension_mode":false,"campfire_choices":[{"floor":11,"key":"REST"},{"floor":15,"key":"REST"},{"data":"Armaments","floor":23,"key":"SMITH"},{"data":"Hemokinesis","floor":27,"key":"SMITH"},{"data":"Flex","floor":29,"key":"SMITH"},{"data":"Inflame","floor":32,"key":"SMITH"},{"data":"Infernal Blade","floor":42,"key":"SMITH"},{"data":"Rampage","floor":47,"key":"SMITH"},{"data":"Entrench","floor":49,"key":"SMITH"}],"neow_cost":"NONE","seed_source_timestamp":2986971079585,"circlet_count":0,"master_deck":["Bash","Thunderclap+1","Flex+1","Infernal Blade+1","Fiend Fire","Anger","Inflame+1","Cleave","Clash","Iron Wave","Feed","Cleave","Hemokinesis+1","Cleave","Headbutt","Anger","Armaments+1","Perfected Strike","Entrench+1","Twin Strike","Rampage+1","Sword Boomerang+1","Flex+1","Reaper","Heavy Blade+1","Ghostly Armor+1","Exhume+1","Bloodletting+1"],"relics":["Burning Blood","Dream Catcher","Pen Nib","Bag of Marbles","Darkstone Periapt","Bottled Lightning","Pandora\u0027s Box","Singing Bowl","Toxic Egg 2","Gambling Chip","Bag of Preparation","Brimstone","Philosopher\u0027s Stone","Charon\u0027s Ashes"],"potions_floor_usage":[10,37,40,50,50,50],"damage_taken":[{"damage":5,"enemies":"2 Louse","floor":1,"turns":3},{"damage":1,"enemies":"Cultist","floor":3,"turns":3},{"damage":25,"enemies":"Gremlin Nob","floor":6,"turns":4},{"damage":11,"enemies":"Jaw Worm","floor":8,"turns":2},{"damage":21,"enemies":"Lagavulin","floor":10,"turns":4},{"damage":13,"enemies":"Lots of Slimes","floor":12,"turns":4},{"damage":13,"enemies":"3 Sentries","floor":13,"turns":4},{"damage":10,"enemies":"Looter","floor":14,"turns":2},{"damage":20,"enemies":"Hexaghost","floor":16,"turns":7},{"damage":13,"enemies":"Spheric Guardian","floor":18,"turns":3},{"damage":10,"enemies":"3 Byrds","floor":24,"turns":2},{"damage":2,"enemies":"Snecko","floor":30,"turns":2},{"damage":0,"enemies":"3 Cultists","floor":31,"turns":1},{"damage":71,"enemies":"Champ","floor":33,"turns":4},{"damage":13,"enemies":"Orb Walker","floor":35,"turns":2},{"damage":15,"enemies":"3 Darklings","floor":37,"turns":2},{"damage":0,"enemies":"Jaw Worm Horde","floor":40,"turns":2},{"damage":2,"enemies":"Transient","floor":44,"turns":5},{"damage":0,"enemies":"Sphere and 2 Shapes","floor":46,"turns":2},{"damage":0,"enemies":"Jaw Worm Horde","floor":48,"turns":2},{"damage":130,"enemies":"Awakened One","floor":50,"turns":6}],"seed_played":"-3810890886145957909","potions_obtained":[{"floor":8,"key":"Weak Potion"},{"floor":13,"key":"Dexterity Potion"},{"floor":14,"key":"Swift Potion"},{"floor":24,"key":"Fire Potion"},{"floor":35,"key":"Strength Potion"},{"floor":37,"key":"Swift Potion"},{"floor":46,"key":"GamblersBrew"}],"is_trial":false,"path_per_floor":["M","?","M","$","?","E","?","M","T","E","R","M","E","M","R","B",null,"M","$","?","?","?","R","M","?","T","R","$","R","M","M","R","B",null,"M","?","M","?","$","M","$","R","T","M","?","M","R","M","R","B"],"character_chosen":"IRONCLAD","items_purchased":["Singing Bowl","Toxic Egg 2","Rampage","Brimstone","Ghostly Armor+1","Exhume+1"],"campfire_rested":2,"item_purchase_floors":[19,19,19,28,39,41],"current_hp_per_floor":[80,80,80,80,68,49,49,44,44,29,53,46,39,35,59,45,80,73,73,79,79,79,79,75,75,75,75,75,75,81,87,87,22,88,83,74,65,65,65,73,73,73,73,92,92,94,94,96,96,0],"gold":218,"neow_bonus":"HUNDRED_GOLD","is_prod":false,"is_daily":false,"chose_seed":false,"campfire_upgraded":7,"win_rate":0,"timestamp":1541173450,"path_taken":["M","?","M","$","?","E","?","?","T","E","R","M","E","M","R","BOSS","M","$","?","?","?","R","?","?","T","R","$","R","M","M","R","BOSS","M","?","?","?","?","M","$","R","T","M","?","M","R","M","R","BOSS"],"build_version":"2018-11-01v2","purchased_purges":0,"victory":false,"max_hp_per_floor":[80,80,80,80,80,80,80,80,80,80,80,80,80,80,80,80,80,80,80,86,86,86,86,86,86,86,86,86,86,88,88,88,88,88,90,90,90,90,90,92,92,92,92,92,92,94,94,96,96,96],"card_choices":[{"not_picked":["Flex","Blood for Blood"],"picked":"Thunderclap","floor":1},{"not_picked":["Havoc","True Grit"],"picked":"Flex","floor":3},{"not_picked":["Headbutt","Evolve"],"picked":"Infernal Blade","floor":6},{"not_picked":["Rupture","Burning Pact"],"picked":"Fiend Fire","floor":8},{"not_picked":["Havoc","Metallicize"],"picked":"Anger","floor":10},{"not_picked":["Searing Blow","Clothesline"],"picked":"Inflame","floor":12},{"not_picked":["Shockwave","Infernal Blade"],"picked":"Cleave","floor":13},{"not_picked":["Sword Boomerang","Perfected Strike"],"picked":"Clash","floor":14},{"not_picked":["Headbutt","Pommel Strike"],"picked":"Iron Wave","floor":15},{"not_picked":["Dark Embrace","Impervious"],"picked":"Feed","floor":16},{"not_picked":["Dual Wield","Infernal Blade"],"picked":"Twin Strike","floor":18},{"not_picked":["Heavy Blade+1","Anger"],"picked":"Sword Boomerang+1","floor":24},{"not_picked":["Thunderclap+1","Battle Trance+1","Carnage+1"],"picked":"Singing Bowl","floor":30},{"not_picked":["Sever Soul+1","True Grit+1"],"picked":"Flex+1","floor":31},{"not_picked":["Impervious+1","Double Tap+1"],"picked":"Reaper","floor":33},{"not_picked":["Feel No Pain","Havoc+1","True Grit+1"],"picked":"Singing Bowl","floor":35},{"not_picked":["Iron Wave","Pommel Strike"],"picked":"Heavy Blade+1","floor":37},{"not_picked":["Iron Wave+1","Searing Blow","Twin Strike+1"],"picked":"Singing Bowl","floor":40},{"not_picked":["Intimidate+1","Havoc+1"],"picked":"Bloodletting+1","floor":44},{"not_picked":["Body Slam","Power Through+1","Feel No Pain+1"],"picked":"Singing Bowl","floor":46},{"not_picked":["Twin Strike","Armaments+1","Iron Wave"],"picked":"Singing Bowl","floor":48}],"player_experience":149685,"relics_obtained":[{"floor":6,"key":"Pen Nib"},{"floor":9,"key":"Bag of Marbles"},{"floor":10,"key":"Darkstone Periapt"},{"floor":13,"key":"Bottled Lightning"},{"floor":26,"key":"Bag of Preparation"},{"floor":43,"key":"Charon\u0027s Ashes"}],"event_choices":[{"damage_healed":0,"gold_gain":0,"player_choice":"Upgraded","damage_taken":0,"max_hp_gain":0,"max_hp_loss":0,"event_name":"Upgrade Shrine","floor":2,"gold_loss":0,"cards_upgraded":["Thunderclap"]},{"damage_healed":0,"gold_gain":0,"player_choice":"Success","damage_taken":12,"relics_obtained":["Dream Catcher"],"max_hp_gain":0,"max_hp_loss":0,"event_name":"Scrap Ooze","floor":5,"gold_loss":0},{"damage_healed":0,"gold_gain":100,"player_choice":"Pray","damage_taken":0,"max_hp_gain":0,"max_hp_loss":0,"event_name":"Golden Shrine","floor":7,"gold_loss":0},{"damage_healed":0,"gold_gain":0,"player_choice":"Opened","damage_taken":0,"relics_obtained":["Gambling Chip"],"max_hp_gain":0,"max_hp_loss":0,"event_name":"The Mausoleum","floor":20,"gold_loss":0,"cards_obtained":["Writhe"]},{"damage_healed":0,"gold_gain":0,"player_choice":"Ignored","damage_taken":0,"max_hp_gain":0,"max_hp_loss":0,"event_name":"Beggar","floor":21,"gold_loss":0},{"cards_removed":["Writhe"],"damage_healed":0,"gold_gain":0,"player_choice":"Purged","damage_taken":0,"max_hp_gain":0,"max_hp_loss":0,"event_name":"Purifier","floor":22,"gold_loss":0},{"damage_healed":0,"gold_gain":99,"player_choice":"Stole From Cult","damage_taken":0,"max_hp_gain":0,"max_hp_loss":0,"event_name":"Nest","floor":25,"gold_loss":0},{"damage_healed":0,"gold_gain":0,"player_choice":"Damaged","damage_taken":9,"max_hp_gain":0,"max_hp_loss":0,"event_name":"Wheel of Change","floor":36,"gold_loss":0},{"damage_healed":0,"gold_gain":100,"player_choice":"Pray","damage_taken":0,"max_hp_gain":0,"max_hp_loss":0,"event_name":"Golden Shrine","floor":38,"gold_loss":0},{"cards_removed":["Warcry"],"damage_healed":0,"gold_gain":0,"player_choice":"Purged","damage_taken":0,"max_hp_gain":0,"max_hp_loss":0,"event_name":"Purifier","floor":45,"gold_loss":0}],"is_beta":true,"boss_relics":[{"not_picked":["Calling Bell","Runic Cube"],"picked":"Pandora\u0027s Box"},{"not_picked":["Runic Dome","Empty Cage"],"picked":"Philosopher\u0027s Stone"}],"items_purged_floors":[],"is_endless":false,"potions_floor_spawned":[8,13,14,24,30,31,35,37,46],"killed_by":"Awakened One","ascension_level":0}