{"gold_per_floor":[17,44,44,55,69,96,96,127,154,185,202,202,11,24,24,95,95,71,71,81,81,81,139,139,151,175,175,201,201,221,164,164,235,235,254,265,540,274,287,314,314,260,260,278,278,305,77,106,106,106],"floor_reached":50,"playtime":5513,"items_purged":["Defend_B"],"score":1319,"play_id":"5b00c03e-0021-4241-878b-21ca821e981d","local_time":"20190608231725","is_ascension_mode":true,"campfire_choices":[{"data":"Zap","floor":7.0,"key":"SMITH"},{"floor":12.0,"key":"REST"},{"floor":15.0,"key":"REST"},{"data":"Recycle","floor":24.0,"key":"SMITH"},{"data":"Reprogram","floor":27.0,"key":"SMITH"},{"floor":32.0,"key":"REST"},{"data":"Chrysalis","floor":41.0,"key":"SMITH"},{"data":"Seek","floor":45,"key":"SMITH"},{"data":"Reinforced Body","floor":49,"key":"SMITH"}],"neow_cost":"NO_GOLD","seed_source_timestamp":627118652311500,"circlet_count":0,"master_deck":["AscendersBane","Strike_B","Strike_B","Strike_B","Defend_B+1","Defend_B","Zap+1","Dualcast+1","Reinforced Body+1","Beam Cell","Recycle+1","Seek+1","Turbo","Gash","Beam Cell","Buffer+1","Reprogram+1","FTL","Reprogram","Go for the Eyes","Seek","Streamline+1","Chrysalis+1","Gash","Buffer+1"],"special_seed":0,"relics":["Cracked Core","Unceasing Top","Bronze Scales","FaceOfCleric","Frozen Egg 2","Boot","Anchor","Vajra","War Paint","Empty Cage","Tiny Chest","Omamori","Happy Flower","Black Star","Meat on the Bone","Orichalcum","Pen Nib","FossilizedHelix","DollysMirror","Incense Burner","Du-Vu Doll"],"potions_floor_usage":[],"damage_taken":[{"damage":1.0,"enemies":"Cultist","floor":1.0,"turns":3.0},{"damage":3.0,"enemies":"Small Slimes","floor":4.0,"turns":3.0},{"damage":3.0,"enemies":"2 Louse","floor":5.0,"turns":2.0},{"damage":13.0,"enemies":"Gremlin Nob","floor":6.0,"turns":4.0},{"damage":15.0,"enemies":"Lagavulin","floor":8.0,"turns":7.0},{"damage":18.0,"enemies":"Gremlin Nob","floor":10.0,"turns":3.0},{"damage":15.0,"enemies":"Exordium Thugs","floor":11.0,"turns":4.0},{"damage":0.0,"enemies":"Large Slime","floor":14.0,"turns":3.0},{"damage":18.0,"enemies":"Slime Boss","floor":16.0,"turns":6.0},{"damage":6.0,"enemies":"2 Thieves","floor":18.0,"turns":4.0},{"damage":11.0,"enemies":"Shell Parasite","floor":20.0,"turns":4.0},{"damage":32.0,"enemies":"Book of Stabbing","floor":23.0,"turns":5.0},{"damage":0.0,"enemies":"Chosen and Byrds","floor":25.0,"turns":5.0},{"damage":47.0,"enemies":"Slavers","floor":28.0,"turns":7.0},{"damage":0.0,"enemies":"Snake Plant","floor":30.0,"turns":3.0},{"damage":5.0,"enemies":"Champ","floor":33.0,"turns":8.0},{"damage":15.0,"enemies":"3 Darklings","floor":35.0,"turns":4.0},{"damage":0.0,"enemies":"3 Shapes","floor":36.0,"turns":5.0},{"damage":0.0,"enemies":"Writhing Mass","floor":39.0,"turns":5.0},{"damage":0.0,"enemies":"Reptomancer","floor":40.0,"turns":5.0},{"damage":24,"enemies":"Spire Growth","floor":44,"turns":3},{"damage":0,"enemies":"Giant Head","floor":46,"turns":7},{"damage":0,"enemies":"Nemesis","floor":48,"turns":5},{"damage":80,"enemies":"Time Eater","floor":50,"turns":8}],"seed_played":"-7711710552851745341","potions_obtained":[{"floor":4.0,"key":"Dexterity Potion"},{"floor":5.0,"key":"FearPotion"},{"floor":8.0,"key":"SteroidPotion"},{"floor":14.0,"key":"FearPotion"},{"floor":16.0,"key":"Ancient Potion"},{"floor":28.0,"key":"Swift Potion"},{"floor":30.0,"key":"PowerPotion"},{"floor":39.0,"key":"AttackPotion"},{"floor":46,"key":"Energy Potion"}],"is_trial":false,"path_per_floor":["M","T","?","M","M","E","R","E","T","E","M","R","$","M","R","B",null,"M","?","M","?","?","E","R","M","T","R","E","?","M","$","R","B",null,"M","M","?","$","M","E","R","$","T","M","R","E","$","E","R","B"],"character_chosen":"DEFECT","items_purchased":["War Paint","Gash","Go for the Eyes","Chrysalis","Gash","DollysMirror"],"campfire_rested":3,"item_purchase_floors":[13,13,31,38,42,47],"current_hp_per_floor":[63,63,63,61,59,47,47,33,33,16,2,25,25,26,49,32,67,62,62,52,52,81,50,50,51,51,51,5,22,23,23,48,44,76,62,63,63,63,64,65,65,65,65,54,54,55,55,56,56,0],"gold":106,"neow_bonus":"ONE_RARE_RELIC","is_prod":false,"is_daily":false,"chose_seed":false,"campfire_upgraded":6,"win_rate":0,"timestamp":1560057445,"path_taken":["M","?","?","M","?","E","R","E","T","E","M","R","$","M","R","BOSS","M","?","M","?","?","E","R","?","T","R","E","?","M","$","R","BOSS","M","M","?","$","M","E","R","$","T","M","R","E","?","E","R","BOSS"],"build_version":"2019-01-23","purchased_purges":1,"victory":false,"max_hp_per_floor":[71,71,71,72,73,74,74,75,75,76,77,77,77,78,78,79,79,80,80,81,81,81,82,82,83,83,83,84,84,85,85,85,86,86,87,88,88,88,89,90,90,90,90,91,91,92,92,93,93,93],"card_choices":[{"not_picked":["Coolheaded","Steam Power"],"picked":"Reinforced Body","floor":1.0},{"not_picked":["Scrape","Lockon"],"picked":"Beam Cell","floor":4.0},{"not_picked":["Force Field","Rebound","White Noise"],"picked":"SKIP","floor":5.0},{"not_picked":["Static Discharge","Darkness"],"picked":"Steam Power","floor":6.0},{"not_picked":["Barrage","Conserve Battery"],"picked":"Recycle","floor":8.0},{"not_picked":["Storm+1","Barrage"],"picked":"Seek","floor":10.0},{"not_picked":["Reinforced Body","Cold Snap"],"picked":"Turbo","floor":11.0},{"not_picked":["Doom and Gloom","Rebound"],"picked":"Beam Cell","floor":14.0},{"not_picked":["Amplify","Thunder Strike"],"picked":"Buffer+1","floor":16.0},{"not_picked":["Compile Driver+1","Ball Lightning","Hologram"],"picked":"SKIP","floor":18.0},{"not_picked":["Compile Driver","Steam"],"picked":"Reprogram","floor":20.0},{"not_picked":["Capacitor+1","Hologram+1","Barrage"],"picked":"SKIP","floor":23.0},{"not_picked":["Lockon","Aggregate","Stack"],"picked":"SKIP","floor":25.0},{"not_picked":["Fusion","Echo Form+1"],"picked":"FTL","floor":28.0},{"not_picked":["Self Repair+1","Loop+1"],"picked":"Reprogram","floor":30.0},{"not_picked":["Biased Cognition+1","Core Surge"],"picked":"Seek","floor":33.0},{"not_picked":["Steam","Consume"],"picked":"Streamline+1","floor":35.0},{"not_picked":["Hologram","Beam Cell","Lockon"],"picked":"SKIP","floor":36.0},{"not_picked":["Rebound","Compile Driver","Go for the Eyes+1"],"picked":"SKIP","floor":39.0},{"not_picked":["Stack","Darkness","Chill"],"picked":"SKIP","floor":40.0},{"not_picked":["Hologram","Doom and Gloom+1","Conserve Battery"],"picked":"SKIP","floor":44},{"not_picked":["Sweeping Beam+1","Loop+1","Hyperbeam"],"picked":"SKIP","floor":46},{"not_picked":["Stack","Compile Driver","Lockon"],"picked":"SKIP","floor":48},{"not_picked":["Stack","Compile Driver","Lockon"],"picked":"SKIP","floor":48}],"player_experience":855625,"relics_obtained":[{"floor":2.0,"key":"Bronze Scales"},{"floor":6.0,"key":"Frozen Egg 2"},{"floor":8.0,"key":"Boot"},{"floor":9.0,"key":"Anchor"},{"floor":10.0,"key":"Vajra"},{"floor":23.0,"key":"Tiny Chest"},{"floor":26.0,"key":"Omamori"},{"floor":28.0,"key":"Happy Flower"},{"floor":40.0,"key":"Meat on the Bone"},{"floor":40.0,"key":"Orichalcum"},{"floor":46,"key":"Pen Nib"},{"floor":46,"key":"FossilizedHelix"},{"floor":48,"key":"Incense Burner"},{"floor":48,"key":"Du-Vu Doll"}],"event_choices":[{"damage_healed":0.0,"max_hp_gain":0.0,"max_hp_loss":0.0,"gold_gain":0.0,"event_name":"FaceTrader","player_choice":"Trade","floor":3.0,"gold_loss":0.0,"damage_taken":0.0,"relics_obtained":["FaceOfCleric"]},{"damage_healed":0.0,"max_hp_gain":0.0,"max_hp_loss":0.0,"gold_gain":0.0,"event_name":"Beggar","player_choice":"Ignored","floor":19.0,"gold_loss":0.0,"damage_taken":0.0},{"damage_healed":0.0,"max_hp_gain":0.0,"max_hp_loss":0.0,"gold_gain":0.0,"event_name":"Ghosts","player_choice":"Ignored","floor":21.0,"gold_loss":0.0,"damage_taken":0.0},{"cards_removed":["Steam Power"],"damage_healed":29.0,"max_hp_gain":0.0,"max_hp_loss":0.0,"gold_gain":0.0,"event_name":"Bonfire Elementals","player_choice":"Offered Uncommon","floor":22.0,"gold_loss":0.0,"damage_taken":0.0},{"damage_healed":17.0,"max_hp_gain":0.0,"max_hp_loss":0.0,"gold_gain":0.0,"event_name":"The Library","player_choice":"Heal","floor":29.0,"gold_loss":0.0,"damage_taken":0.0},{"damage_healed":0.0,"max_hp_gain":0.0,"max_hp_loss":0.0,"gold_gain":275.0,"event_name":"Golden Shrine","player_choice":"Desecrate","floor":37.0,"gold_loss":0.0,"damage_taken":0.0,"cards_obtained":["Regret"]}],"is_beta":false,"boss_relics":[{"not_picked":["Astrolabe","Calling Bell"],"picked":"Empty Cage"},{"not_picked":["White Beast Statue","Runic Pyramid"],"picked":"Black Star"}],"items_purged_floors":[38],"is_endless":false,"potions_floor_spawned":[4,5,8,14,16,23,28,30,39,46],"killed_by":"Time Eater","ascension_level":17}