{"path_per_floor":["M","T","M","?","M","E","R","M","T","M","M","M","E","M","R","B",null,"M","?","?","M","$","E","R","$","T","R","?","E","R","M","R","B",null,"M","?","M","?","M","R","M","M","T","T","M","R","M","E","R"],"character_chosen":"IRONCLAD","items_purchased":["Toolbox"],"gold_per_floor":[119,167,186,261,272,299,299,315,315,328,345,359,392,410,410,509,509,509,509,509,509,434,434,434,78,78,78,1,1,1,1,1,1,1,1,1,1,1,1,1,1,1,1,1,1,1,1,1,1,1],"floor_reached":50,"campfire_rested":1,"playtime":3252,"current_hp_per_floor":[76,76,74,63,62,53,53,48,48,56,67,67,56,58,58,12,80,74,74,56,43,43,34,34,34,34,34,34,24,24,34,34,33,56,49,49,56,40,56,56,53,25,25,25,35,35,34,38,54,0],"items_purged":["Perfected Strike","Defend_R"],"gold":1,"score":551,"play_id":"c3fb2c3b-e041-43bb-bedb-3b888a1051fc","local_time":"20180524125654","is_prod":false,"is_daily":false,"chose_seed":false,"is_ascension_mode":false,"campfire_upgraded":8,"timestamp":1527130614,"campfire_choices":[{"data":"Pommel Strike","floor":7,"key":"SMITH"},{"data":"Bash","floor":15,"key":"SMITH"},{"data":"Defend_R","floor":24,"key":"SMITH"},{"data":"Searing Blow+1","floor":27,"key":"SMITH"},{"data":"J.A.X.","floor":30,"key":"SMITH"},{"data":"Flex","floor":32,"key":"SMITH"},{"data":"Seeing Red","floor":40,"key":"SMITH"},{"data":"Double Tap","floor":46,"key":"SMITH"},{"floor":49,"key":"REST"}],"path_taken":["M","?","M","?","M","E","R","M","T","M","M","M","E","M","R","BOSS","M","?","?","M","$","E","R","$","T","R","?","E","R","M","R","BOSS","M","?","M","?","?","R","M","M","T","?","M","R","M","E","R","BOSS"],"build_version":"2018-05-17","seed_source_timestamp":11604401586386,"purchased_purges":2,"victory":false,"master_deck":["Defend_R","Defend_R","Defend_R+1","Bash+1","Pommel Strike+1","Reaper+1","Headbutt+1","Cleave+1","Searing Blow+2","Thunderclap+1","Perfected Strike+1","Double Tap+1","Flame Barrier+1","Bite+1","Bite+1","Bite+1","Bite+1","Carnage+1","Twin Strike+1","J.A.X.+1","Rage+1","Flex+1","Double Tap+1","Pommel Strike+1","Seeing Red+1","Rampage+1","Pommel Strike+1","Dropkick+1"],"max_hp_per_floor":[80,80,80,80,80,80,80,80,80,80,80,80,80,80,80,80,80,80,80,56,56,56,56,56,56,56,56,56,56,56,56,56,56,56,56,56,56,56,56,56,56,56,56,56,56,56,56,56,56,56],"relics":["Philosopher\u0027s Stone","Oddly Smooth Stone","Molten Egg 2","Frozen Egg 2","Blood Vial","Ectoplasm","Pen Nib","Toolbox","Dodecahedron","Question Card","White Beast Statue","Gambling Chip","Happy Flower","Bag of Marbles","Bottled Flame"],"card_choices":[{"not_picked":["Metallicize","Dropkick","Intimidate"],"picked":"SKIP","floor":1},{"not_picked":["Thunderclap","Ghostly Armor"],"picked":"Pommel Strike","floor":3},{"not_picked":["Sword Boomerang","Body Slam"],"picked":"Perfected Strike","floor":5},{"not_picked":["Dropkick","Flex"],"picked":"Reaper","floor":6},{"not_picked":["Sever Soul+1","Perfected Strike+1"],"picked":"Headbutt+1","floor":8},{"not_picked":["Entrench","Evolve+1","Heavy Blade+1"],"picked":"SKIP","floor":10},{"not_picked":["Armaments","Body Slam+1"],"picked":"Cleave+1","floor":11},{"not_picked":["Sword Boomerang+1","Cleave+1"],"picked":"Searing Blow+1","floor":12},{"not_picked":["Headbutt+1","Cleave+1"],"picked":"Thunderclap+1","floor":13},{"not_picked":["Pummel+1","True Grit"],"picked":"Perfected Strike+1","floor":14},{"not_picked":["Juggernaut+1","Fiend Fire+1"],"picked":"Double Tap","floor":16},{"not_picked":["Twin Strike+1","Havoc"],"picked":"Flame Barrier+1","floor":18},{"not_picked":["Iron Wave+1","Dropkick+1"],"picked":"Carnage+1","floor":21},{"not_picked":["Sentinel","Second Wind"],"picked":"Twin Strike+1","floor":23},{"not_picked":["Heavy Blade+1","Flame Barrier"],"picked":"Rage+1","floor":29},{"not_picked":["Body Slam+1","Anger+1","Warcry"],"picked":"Flex","floor":31},{"not_picked":["Dark Embrace+1","Berserk+1","Limit Break"],"picked":"Double Tap","floor":33},{"not_picked":["Body Slam+1","Shockwave","Sword Boomerang+1"],"picked":"Pommel Strike+1","floor":35},{"not_picked":["Sword Boomerang+1","Wild Strike+1","Shrug It Off+1"],"picked":"Seeing Red","floor":37},{"not_picked":["Thunderclap+1","Iron Wave+1","Sword Boomerang+1"],"picked":"Rampage+1","floor":39},{"not_picked":["Limit Break","Iron Wave+1","Burning Pact+1","Warcry+1"],"picked":"SKIP","floor":41},{"not_picked":["Limit Break","Iron Wave+1","Burning Pact+1","Warcry+1"],"picked":"SKIP","floor":41},{"not_picked":["Clothesline+1","Battle Trance+1","Spot Weakness+1"],"picked":"Pommel Strike+1","floor":42},{"not_picked":["Twin Strike+1","Shrug It Off","Fire Breathing+1"],"picked":"Dropkick+1","floor":45},{"not_picked":["Shrug It Off","Combust+1","Double Tap","Sentinel+1"],"picked":"SKIP","floor":47},{"not_picked":["Dropkick+1","Entrench","Searing Blow+1","Double Tap"],"picked":"SKIP","floor":48}],"player_experience":71019,"potions_floor_usage":[6,6,13,16,23,33,41,42,42,48,48,50,50],"damage_taken":[{"damage":4,"enemies":"Cultist","floor":1,"turns":4},{"damage":2,"enemies":"Small Slimes","floor":3,"turns":3},{"damage":1,"enemies":"Jaw Worm","floor":5,"turns":3},{"damage":9,"enemies":"Lagavulin","floor":6,"turns":4},{"damage":5,"enemies":"Exordium Wildlife","floor":8,"turns":3},{"damage":2,"enemies":"2 Fungi Beasts","floor":10,"turns":3},{"damage":13,"enemies":"Lots of Slimes","floor":11,"turns":3},{"damage":0,"enemies":"Blue Slaver","floor":12,"turns":2},{"damage":16,"enemies":"Gremlin Nob","floor":13,"turns":3},{"damage":0,"enemies":"2 Fungi Beasts","floor":14,"turns":2},{"damage":48,"enemies":"Hexaghost","floor":16,"turns":6},{"damage":6,"enemies":"Spheric Guardian","floor":18,"turns":3},{"damage":24,"enemies":"3 Byrds","floor":21,"turns":3},{"damage":11,"enemies":"Book of Stabbing","floor":23,"turns":3},{"damage":30,"enemies":"Gremlin Leader","floor":29,"turns":4},{"damage":3,"enemies":"Snecko","floor":31,"turns":2},{"damage":32,"enemies":"Collector","floor":33,"turns":4},{"damage":10,"enemies":"3 Shapes","floor":35,"turns":3},{"damage":3,"enemies":"Orb Walker","floor":37,"turns":2},{"damage":19,"enemies":"Mysterious Sphere","floor":38,"turns":3},{"damage":9,"enemies":"Sphere and 2 Shapes","floor":39,"turns":3},{"damage":13,"enemies":"3 Darklings","floor":41,"turns":3},{"damage":34,"enemies":"Maw","floor":42,"turns":5},{"damage":6,"enemies":"4 Shapes","floor":45,"turns":2},{"damage":3,"enemies":"3 Darklings","floor":47,"turns":2},{"damage":22,"enemies":"2 Orb Walkers","floor":48,"turns":3},{"damage":63,"enemies":"Time Eater","floor":50,"turns":6}],"relics_obtained":[{"floor":2,"key":"Oddly Smooth Stone"},{"floor":6,"key":"Molten Egg 2"},{"floor":9,"key":"Frozen Egg 2"},{"floor":13,"key":"Blood Vial"},{"floor":23,"key":"Pen Nib"},{"floor":26,"key":"Dodecahedron"},{"floor":29,"key":"Question Card"},{"floor":38,"key":"Gambling Chip"},{"floor":43,"key":"Happy Flower"},{"floor":44,"key":"Bag of Marbles"},{"floor":48,"key":"Bottled Flame"}],"event_choices":[{"event_name":"World of Goop","player_choice":"Gather Gold","floor":4,"damage_taken":0},{"event_name":"Upgrade Shrine","player_choice":"Upgraded","floor":19,"damage_taken":0},{"event_name":"Vampires","player_choice":"Became a vampire","floor":20,"damage_taken":0},{"event_name":"Drug Dealer","player_choice":"Got JAXXED","floor":28,"damage_taken":0},{"event_name":"Mysterious Sphere","player_choice":"Fight","floor":38,"damage_taken":0}],"boss_relics":[{"not_picked":["Orrery","Pandora\u0027s Box"],"picked":"Ectoplasm"},{"not_picked":["Runic Dome","Black Star"],"picked":"White Beast Statue"}],"potions_floor_spawned":[1,5,12,13,16,18,23,33,35,37,38,39,41,42,45,47,48],"seed_played":"-1091493624189110144","killed_by":"Time Eater","ascension_level":0,"potions_obtained":[{"floor":1,"key":"PowerPotion"},{"floor":5,"key":"Weak Potion"},{"floor":12,"key":"Strength Potion"},{"floor":13,"key":"AttackPotion"},{"floor":16,"key":"GamblersBrew"},{"floor":18,"key":"AttackPotion"},{"floor":23,"key":"AttackPotion"},{"floor":33,"key":"PowerPotion"},{"floor":35,"key":"Ancient Potion"},{"floor":37,"key":"EssenceOfSteel"},{"floor":38,"key":"Fire Potion"},{"floor":39,"key":"Regen Potion"},{"floor":41,"key":"Strength Potion"},{"floor":42,"key":"Weak Potion"},{"floor":45,"key":"Explosive Potion"},{"floor":47,"key":"Strength Potion"},{"floor":48,"key":"SkillPotion"}],"is_trial":false}