{"gold_per_floor":[112,112,136,160,178,178,217,217,241,241,282,282,237,21,21,21],"floor_reached":16,"playtime":536,"items_purged":[],"score":216,"play_id":"b2216c88-e688-447d-a2af-2e38a67273a2","local_time":"20190403230933","is_ascension_mode":true,"campfire_choices":[{"data":"Poisoned Stab","floor":6,"key":"SMITH"},{"floor":10,"key":"REST"},{"floor":15,"key":"REST"}],"neow_cost":"TEN_PERCENT_HP_LOSS","seed_source_timestamp":525758816944896,"circlet_count":0,"master_deck":["AscendersBane","Defend_G","Defend_G","Defend_G","Defend_G","Defend_G","Strike_G","Strike_G","Strike_G","Strike_G","Survivor","Neutralize","Poisoned Stab+1","Backflip","Noxious Fumes+1"],"relics":["Ring of the Snake","WingedGreaves","Golden Idol","Bag of Marbles","Boot","Orichalcum","ClockworkSouvenir"],"potions_floor_usage":[7,7,11],"damage_taken":[{"damage":6,"enemies":"Jaw Worm","floor":1,"turns":7},{"damage":2,"enemies":"2 Louse","floor":3,"turns":3},{"damage":4,"enemies":"Small Slimes","floor":4,"turns":4},{"damage":9,"enemies":"Looter","floor":5,"turns":4},{"damage":27,"enemies":"Lagavulin","floor":7,"turns":7},{"damage":16,"enemies":"3 Sentries","floor":11,"turns":8},{"damage":20,"enemies":"Hexaghost","floor":16,"turns":9}],"seed_played":"-5516299191312859272","potions_obtained":[{"floor":3,"key":"Block Potion"},{"floor":5,"key":"SkillPotion"},{"floor":7,"key":"Dexterity Potion"}],"is_trial":false,"path_per_floor":["M","?","M","M","M","R","E","?","T","R","E","?","?","$","R","B"],"character_chosen":"THE_SILENT","items_purchased":["ClockworkSouvenir"],"campfire_rested":2,"item_purchase_floors":[14],"current_hp_per_floor":[53,53,51,47,38,38,11,4,4,20,4,4,4,4,20,0],"gold":21,"neow_bonus":"ONE_RARE_RELIC","is_prod":false,"is_daily":false,"chose_seed":false,"campfire_upgraded":1,"win_rate":0,"timestamp":1554354573,"path_taken":["M","?","M","M","M","R","E","?","T","R","E","?","?","?","R","BOSS"],"build_version":"2019-01-23","purchased_purges":0,"victory":false,"max_hp_per_floor":[60,54,54,54,54,54,54,54,54,54,54,54,54,54,54,54],"card_choices":[{"not_picked":["Bane","Expertise"],"picked":"Poisoned Stab","floor":1},{"not_picked":["Distraction","PiercingWail"],"picked":"Backflip","floor":3},{"not_picked":["Terror","Eviscerate","Underhanded Strike"],"picked":"SKIP","floor":4},{"not_picked":["Sucker Punch","Bouncing Flask"],"picked":"Noxious Fumes","floor":5},{"not_picked":["Noxious Fumes","Acrobatics","Bullet Time"],"picked":"SKIP","floor":7},{"not_picked":["Quick Slash","Deflect","Noxious Fumes"],"picked":"SKIP","floor":11}],"player_experience":430710,"relics_obtained":[{"floor":7,"key":"Bag of Marbles"},{"floor":9,"key":"Boot"},{"floor":11,"key":"Orichalcum"}],"event_choices":[{"damage_healed":0,"gold_gain":0,"player_choice":"Lose Max HP","damage_taken":0,"relics_obtained":["Golden Idol"],"max_hp_gain":0,"max_hp_loss":6,"event_name":"Golden Idol","floor":2,"gold_loss":0},{"cards_removed":["Strike_G"],"damage_healed":0,"gold_gain":0,"player_choice":"Card Removal","damage_taken":7,"max_hp_gain":0,"max_hp_loss":0,"event_name":"Golden Wing","floor":8,"gold_loss":0},{"damage_healed":0,"gold_gain":0,"player_choice":"Grow","damage_taken":0,"max_hp_gain":0,"max_hp_loss":0,"event_name":"Living Wall","floor":12,"gold_loss":0,"cards_upgraded":["Noxious Fumes"]},{"damage_healed":0,"gold_gain":0,"player_choice":"Left Gold","damage_taken":0,"max_hp_gain":0,"max_hp_loss":0,"event_name":"World of Goop","floor":13,"gold_loss":45}],"is_beta":false,"boss_relics":[],"items_purged_floors":[],"is_endless":false,"potions_floor_spawned":[3,5,7],"killed_by":"Hexaghost","ascension_level":20}