{"gold_per_floor":[113,133,133,83,103,133,133,168,168,188,188,206,206,223,223,321,321,338,253,253,265,99,126,142,142],"floor_reached":25,"playtime":3625,"items_purged":[],"score":291,"play_id":"b423ff3b-ac0c-44f0-8946-2c1fdc9542b3","local_time":"20190102212846","is_ascension_mode":true,"campfire_choices":[{"data":"Fission","floor":7.0,"key":"SMITH"},{"floor":13.0,"key":"REST"},{"data":"Leap","floor":15.0,"key":"SMITH"}],"neow_cost":"PERCENT_DAMAGE","seed_source_timestamp":0,"circlet_count":0,"master_deck":["Strike_B","Strike_B","Strike_B","Defend_B","Defend_B","Defend_B","Defend_B","Zap","Dualcast","Conserve Battery","Turbo","Melter","Redo","Leap+1","Fission+1","Cold Snap","Reboot+1","Capacitor","Creative AI","BootSequence+1","Genetic Algorithm","Fission","Apotheosis","Go for the Eyes+1","Self Repair"],"special_seed":0,"relics":["Cracked Core","Prayer Wheel","PreservedInsect","Torii","Cables","Velvet Choker","Symbiotic Virus","Blood Vial"],"potions_floor_usage":[24,25],"damage_taken":[{"damage":2.0,"enemies":"Small Slimes","floor":1.0,"turns":3.0},{"damage":7.0,"enemies":"2 Louse","floor":2.0,"turns":2.0},{"damage":0.0,"enemies":"Jaw Worm","floor":5.0,"turns":4.0},{"damage":18.0,"enemies":"3 Sentries","floor":6.0,"turns":10.0},{"damage":8.0,"enemies":"Gremlin Nob","floor":8.0,"turns":3.0},{"damage":2.0,"enemies":"Exordium Wildlife","floor":10.0,"turns":6.0},{"damage":14.0,"enemies":"Exordium Thugs","floor":12.0,"turns":9.0},{"damage":1.0,"enemies":"Blue Slaver","floor":14.0,"turns":3.0},{"damage":38.0,"enemies":"Slime Boss","floor":16.0,"turns":10.0},{"damage":13,"enemies":"Chosen","floor":18,"turns":6},{"damage":6,"enemies":"Spheric Guardian","floor":21,"turns":3},{"damage":8,"enemies":"Book of Stabbing","floor":23,"turns":4},{"damage":13,"enemies":"3 Cultists","floor":24,"turns":5},{"damage":23,"enemies":"Slavers","floor":25,"turns":1}],"seed_played":"-3678135109727285498","potions_obtained":[{"floor":2.0,"key":"Strength Potion"},{"floor":5.0,"key":"PowerPotion"},{"floor":8.0,"key":"FocusPotion"},{"floor":20,"key":"FocusPotion"},{"floor":20,"key":"SteroidPotion"},{"floor":20,"key":"Weak Potion"}],"is_trial":false,"path_per_floor":["M","M","?","?","M","E","R","E","T","M","?","M","R","M","R","B",null,"M","?","?","M","$","E","M","E"],"character_chosen":"DEFECT","items_purchased":["Apotheosis"],"campfire_rested":1,"item_purchase_floors":[22],"current_hp_per_floor":[52,45,70,70,70,52,52,44,44,42,42,28,50,49,49,11,59,46,46,46,40,40,32,21,0],"gold":142,"neow_bonus":"ONE_RARE_RELIC","is_prod":false,"is_daily":false,"chose_seed":false,"campfire_upgraded":2,"win_rate":0,"timestamp":1546489726,"path_taken":["M","M","?","?","M","E","R","E","T","?","?","M","R","M","R","BOSS","M","?","?","M","$","E","M","E"],"build_version":"2018-12-20","purchased_purges":0,"victory":false,"max_hp_per_floor":[75,75,75,75,75,75,75,75,75,75,75,75,75,75,75,75,75,75,75,75,75,75,75,75,75],"card_choices":[{"not_picked":["Cold Snap","Recycle"],"picked":"Conserve Battery","floor":1.0},{"not_picked":["Barrage","Recycle","Streamline"],"picked":"SKIP","floor":1.0},{"not_picked":["Loop","Rip and Tear"],"picked":"Turbo","floor":2.0},{"not_picked":["Turbo","Self Repair"],"picked":"Melter","floor":2.0},{"not_picked":["Go for the Eyes","Turbo"],"picked":"Redo","floor":5.0},{"not_picked":["Compile Driver","Barrage"],"picked":"Leap","floor":5.0},{"not_picked":["Conserve Battery","Rip and Tear"],"picked":"Fission","floor":6.0},{"not_picked":["Skim","Heatsinks"],"picked":"Cold Snap","floor":8.0},{"not_picked":["Leap","Skim"],"picked":"Reboot","floor":10.0},{"not_picked":["Streamline","Rebound","Heatsinks"],"picked":"SKIP","floor":10.0},{"not_picked":["Beam Cell","Conserve Battery","Cold Snap"],"picked":"SKIP","floor":12.0},{"not_picked":["Leap","Conserve Battery","Cold Snap"],"picked":"SKIP","floor":12.0},{"not_picked":["Go for the Eyes","Blizzard"],"picked":"Capacitor","floor":14.0},{"not_picked":["Compile Driver","Gash","Cold Snap"],"picked":"SKIP","floor":14.0},{"not_picked":["Thunder Strike","Rainbow"],"picked":"Creative AI","floor":16.0},{"not_picked":["Doom and Gloom+1","Redo"],"picked":"BootSequence+1","floor":18},{"not_picked":["Coolheaded","Cold Snap","Streamline"],"picked":"SKIP","floor":18},{"not_picked":["Leap","Chill"],"picked":"Genetic Algorithm","floor":21},{"not_picked":["Conserve Battery","Reprogram+1"],"picked":"Fission","floor":21},{"not_picked":["Rebound","Fusion"],"picked":"Go for the Eyes+1","floor":23},{"not_picked":["Redo+1","Double Energy"],"picked":"Self Repair","floor":24},{"not_picked":["Barrage","Capacitor+1","Leap"],"picked":"SKIP","floor":24}],"player_experience":315914,"relics_obtained":[{"floor":6.0,"key":"PreservedInsect"},{"floor":8.0,"key":"Torii"},{"floor":9.0,"key":"Cables"},{"floor":23,"key":"Blood Vial"}],"event_choices":[{"damage_healed":25.0,"max_hp_gain":0.0,"max_hp_loss":0.0,"gold_gain":0.0,"event_name":"Big Fish","player_choice":"Banana","floor":3.0,"gold_loss":0.0,"damage_taken":0.0},{"cards_removed":["Strike_B"],"damage_healed":0.0,"max_hp_gain":0.0,"max_hp_loss":0.0,"gold_gain":0.0,"event_name":"The Cleric","player_choice":"Card Removal","floor":4.0,"gold_loss":50.0,"damage_taken":0.0},{"damage_healed":0.0,"max_hp_gain":0.0,"max_hp_loss":0.0,"gold_gain":0.0,"event_name":"Accursed Blacksmith","player_choice":"Forge","floor":11.0,"gold_loss":0.0,"damage_taken":0.0,"cards_upgraded":["Reboot"]},{"damage_healed":0,"gold_gain":0,"player_choice":"Obtained Relic","damage_taken":0,"relics_obtained":["Symbiotic Virus"],"max_hp_gain":0,"max_hp_loss":0,"event_name":"Addict","floor":19,"gold_loss":85},{"damage_healed":0,"gold_gain":0,"player_choice":"Got Potions","damage_taken":0,"max_hp_gain":0,"max_hp_loss":0,"event_name":"Lab","floor":20,"gold_loss":0}],"is_beta":false,"boss_relics":[{"not_picked":["Cursed Key","Empty Cage"],"picked":"Velvet Choker"}],"items_purged_floors":[],"is_endless":false,"potions_floor_spawned":[2,5,8,21],"killed_by":"Slavers","ascension_level":5}