{"gold_per_floor":[109,129,38,38,54,79,96,96,146,172,186,186,35,45,45,117,117,133,133],"floor_reached":19,"playtime":689,"items_purged":[],"score":295,"play_id":"17f70246-84fe-4a6e-961c-88384498c58e","local_time":"20190427002024","is_ascension_mode":true,"campfire_choices":[{"data":"Heavy Blade","floor":8.0,"key":"SMITH"},{"data":"Uppercut","floor":12.0,"key":"SMITH"},{"data":"Iron Wave","floor":15.0,"key":"SMITH"}],"neow_cost":"NONE","seed_source_timestamp":116307097364981,"circlet_count":0,"master_deck":["AscendersBane","Strike_R","Strike_R","Strike_R","Strike_R","Strike_R","Defend_R","Defend_R","Defend_R","Bash","Heavy Blade+1","Twin Strike","Bandage Up","Inflame","Iron Wave+1","Uppercut+1","Cleave"],"special_seed":0,"relics":["Burning Blood","Meat on the Bone","Orichalcum","Omamori","Oddly Smooth Stone","Runic Pyramid"],"potions_floor_usage":[19,19],"damage_taken":[{"damage":6.0,"enemies":"Cultist","floor":1.0,"turns":4.0},{"damage":18.0,"enemies":"Jaw Worm","floor":2.0,"turns":4.0},{"damage":0.0,"enemies":"Small Slimes","floor":5.0,"turns":3.0},{"damage":40.0,"enemies":"Lagavulin","floor":6.0,"turns":5.0},{"damage":17.0,"enemies":"Looter","floor":7.0,"turns":3.0},{"damage":27.0,"enemies":"3 Sentries","floor":10.0,"turns":8.0},{"damage":13.0,"enemies":"Red Slaver","floor":11.0,"turns":3.0},{"damage":10.0,"enemies":"Blue Slaver","floor":14.0,"turns":3.0},{"damage":33.0,"enemies":"The Guardian","floor":16.0,"turns":10.0},{"damage":30.0,"enemies":"3 Byrds","floor":18.0,"turns":8.0},{"damage":79,"enemies":"Masked Bandits","floor":19,"turns":5}],"seed_played":"5185578642171934856","potions_obtained":[{"floor":0.0,"key":"Fruit Juice"},{"floor":0.0,"key":"FairyPotion"},{"floor":1.0,"key":"Poison Potion"},{"floor":7.0,"key":"SpeedPotion"},{"floor":14.0,"key":"SpeedPotion"},{"floor":16.0,"key":"EssenceOfSteel"},{"floor":18.0,"key":"Regen Potion"}],"is_trial":false,"path_per_floor":["M","M","$","?","M","E","M","R","T","E","M","R","$","M","R","B",null,"M","?"],"character_chosen":"IRONCLAD","items_purchased":["Bandage Up","Oddly Smooth Stone"],"campfire_rested":0,"item_purchase_floors":[3,13],"current_hp_per_floor":[72,60,60,53,63,33,38,38,38,33,42,42,42,54,54,43,71,51,0],"gold":133,"neow_bonus":"THREE_SMALL_POTIONS","is_prod":false,"is_daily":false,"chose_seed":false,"campfire_upgraded":3,"win_rate":0,"timestamp":1556346024,"path_taken":["M","?","?","?","M","E","M","R","T","E","M","R","$","M","R","BOSS","M","?"],"build_version":"2019-01-23","purchased_purges":0,"victory":false,"max_hp_per_floor":[80,80,80,80,80,80,80,80,80,80,80,80,80,80,80,80,80,80,80],"card_choices":[{"not_picked":["Armaments","Anger"],"picked":"Heavy Blade","floor":1.0},{"not_picked":["Body Slam","Flex"],"picked":"Twin Strike","floor":2.0},{"not_picked":["Thunderclap","Entrench","Perfected Strike"],"picked":"SKIP","floor":5.0},{"not_picked":["Feel No Pain","Reaper"],"picked":"Inflame","floor":6.0},{"not_picked":["Combust","Havoc"],"picked":"Iron Wave","floor":7.0},{"not_picked":["Dark Embrace","Perfected Strike","Fire Breathing"],"picked":"SKIP","floor":10.0},{"not_picked":["Inflame","Rampage"],"picked":"Uppercut","floor":11.0},{"not_picked":["Sword Boomerang","Fire Breathing","Clothesline"],"picked":"SKIP","floor":14.0},{"not_picked":["Blood for Blood+1","Rampage"],"picked":"Cleave","floor":18.0}],"player_experience":544513,"relics_obtained":[{"floor":6.0,"key":"Meat on the Bone"},{"floor":9.0,"key":"Orichalcum"},{"floor":10.0,"key":"Omamori"}],"event_choices":[{"cards_removed":["Defend_R"],"damage_healed":0.0,"max_hp_gain":0.0,"max_hp_loss":0.0,"gold_gain":0.0,"event_name":"Golden Wing","player_choice":"Card Removal","floor":4.0,"gold_loss":0.0,"damage_taken":7.0},{"damage_healed":0,"gold_gain":0,"player_choice":"Fought Bandits","damage_taken":0,"max_hp_gain":0,"max_hp_loss":0,"event_name":"Masked Bandits","floor":19,"gold_loss":0}],"is_beta":false,"boss_relics":[{"not_picked":["Mark of Pain","Fusion Hammer"],"picked":"Runic Pyramid"}],"items_purged_floors":[],"is_endless":false,"potions_floor_spawned":[1,7,14,16,18],"killed_by":"Masked Bandits","ascension_level":13}