{"gold_per_floor":[110,126,126,140,140,140,175,24,75,92,92,111,11,11,11,106,106,124,124,139,239,239,239,268,268,336,348,376,376,376,387,387,387],"floor_reached":33,"playtime":6155,"items_purged":["Strike_B","Defend_B"],"score":382,"play_id":"44dd9fdf-2bb1-4ce3-a02f-a80fb194f031","local_time":"20190122234503","is_ascension_mode":true,"campfire_choices":[{"floor":6.0,"key":"REST"},{"floor":15.0,"key":"REST"},{"floor":23,"key":"REST"},{"floor":25,"key":"REST"},{"floor":30,"key":"REST"},{"data":"Electrodynamics","floor":32,"key":"SMITH"}],"neow_cost":"PERCENT_DAMAGE","seed_source_timestamp":459780298802600,"circlet_count":0,"master_deck":["Strike_B+1","Strike_B+1","Defend_B+1","Defend_B+1","Zap","Dualcast+1","Conserve Battery","Recycle","Leap","Electrodynamics+1","Auto Shields+1","BootSequence+1","Thunder Strike","Self Repair"],"special_seed":0,"relics":["Cracked Core","Regal Pillow","Toxic Egg 2","Art of War","Nuclear Battery","Emotion Chip","The Courier","NlothsMask","Mercury Hourglass","Bag of Preparation"],"potions_floor_usage":[21,21,27,28],"damage_taken":[{"damage":7.0,"enemies":"Jaw Worm","floor":1.0,"turns":2.0},{"damage":0.0,"enemies":"Small Slimes","floor":2.0,"turns":3.0},{"damage":8.0,"enemies":"2 Louse","floor":4.0,"turns":3.0},{"damage":28.0,"enemies":"Lagavulin","floor":7.0,"turns":8.0},{"damage":1.0,"enemies":"Exordium Thugs","floor":10.0,"turns":4.0},{"damage":4.0,"enemies":"Red Slaver","floor":12.0,"turns":4.0},{"damage":25.0,"enemies":"The Guardian","floor":16.0,"turns":11.0},{"damage":0.0,"enemies":"Chosen","floor":18.0,"turns":4.0},{"damage":8.0,"enemies":"2 Thieves","floor":20.0,"turns":4.0},{"damage":14,"enemies":"Colosseum Slavers","floor":21,"turns":4},{"damage":30,"enemies":"Colosseum Nobs","floor":21,"turns":4},{"damage":24,"enemies":"Slavers","floor":24,"turns":5},{"damage":13,"enemies":"Snecko","floor":27,"turns":5},{"damage":49,"enemies":"Book of Stabbing","floor":28,"turns":6},{"damage":3,"enemies":"Centurion and Healer","floor":31,"turns":5},{"damage":54,"enemies":"Automaton","floor":33,"turns":8}],"seed_played":"-2034365000274343327","potions_obtained":[{"floor":2.0,"key":"Swift Potion"},{"floor":7.0,"key":"Dexterity Potion"},{"floor":10.0,"key":"PowerPotion"},{"floor":12.0,"key":"SteroidPotion"},{"floor":24,"key":"AttackPotion"},{"floor":27,"key":"Weak Potion"},{"floor":28,"key":"FearPotion"}],"is_trial":false,"path_per_floor":["M","M","?","M","?","R","E","$","T","M","?","M","$","T","R","B",null,"M","$","M","?","?","R","E","R","T","M","E","?","R","M","R","B"],"character_chosen":"DEFECT","items_purchased":["Auto Shields+1"],"campfire_rested":5,"item_purchase_floors":[8],"current_hp_per_floor":[43,43,43,35,20,57,29,29,29,28,28,24,24,24,61,36,65,65,65,57,13,13,50,26,63,63,50,8,8,45,49,49,0],"gold":387,"neow_bonus":"REMOVE_TWO","is_prod":false,"is_daily":false,"chose_seed":false,"campfire_upgraded":1,"win_rate":0,"timestamp":1548225903,"path_taken":["M","M","?","M","?","R","E","$","T","M","?","?","$","?","R","BOSS","M","$","M","?","?","R","E","R","T","?","E","?","R","M","R","BOSS"],"build_version":"2019-01-17v2","purchased_purges":2,"victory":false,"max_hp_per_floor":[75,75,75,75,75,75,75,75,75,75,75,75,75,75,75,75,75,75,75,75,75,75,75,75,75,75,75,75,75,75,75,75,75],"card_choices":[{"not_picked":["Beam Cell","Barrage"],"picked":"Conserve Battery","floor":1.0},{"not_picked":["Rebound","Barrage"],"picked":"Recycle","floor":2.0},{"not_picked":["Reinforced Body","Beam Cell"],"picked":"Leap","floor":4.0},{"not_picked":["Hologram","Rip and Tear"],"picked":"Electrodynamics","floor":7.0},{"not_picked":["Fusion+1","Sweeping Beam","Scrape"],"picked":"SKIP","floor":10.0},{"not_picked":["Barrage","Coolheaded+1"],"picked":"BootSequence+1","floor":12.0},{"not_picked":["Seek+1","Meteor Strike"],"picked":"Thunder Strike","floor":16.0},{"not_picked":["Redo+1","Conserve Battery+1","Gash"],"picked":"SKIP","floor":18.0},{"not_picked":["Turbo+1","Heatsinks","Conserve Battery+1"],"picked":"SKIP","floor":20.0},{"not_picked":["Beam Cell","Sweeping Beam+1","Storm"],"picked":"SKIP","floor":24},{"not_picked":["Sweeping Beam","Skim+1"],"picked":"Self Repair","floor":27},{"not_picked":["Electrodynamics","Rebound","White Noise+1"],"picked":"SKIP","floor":28},{"not_picked":["Beam Cell","Stack+1","Conserve Battery+1"],"picked":"SKIP","floor":31}],"player_experience":388597,"relics_obtained":[{"floor":7.0,"key":"Toxic Egg 2"},{"floor":9.0,"key":"Art of War"},{"floor":21,"key":"Emotion Chip"},{"floor":21,"key":"The Courier"},{"floor":24,"key":"Mercury Hourglass"},{"floor":28,"key":"Bag of Preparation"}],"event_choices":[{"damage_healed":0.0,"max_hp_gain":0.0,"max_hp_loss":0.0,"gold_gain":0.0,"event_name":"Big Fish","player_choice":"Box","floor":3.0,"gold_loss":0.0,"damage_taken":0.0,"relics_obtained":["Regal Pillow"],"cards_obtained":["Regret"]},{"damage_healed":0.0,"max_hp_gain":0.0,"max_hp_loss":0.0,"gold_gain":0.0,"event_name":"Shining Light","player_choice":"Entered Light","floor":5.0,"gold_loss":0.0,"damage_taken":15.0,"cards_upgraded":["Dualcast","Strike_B"]},{"cards_removed":["Regret"],"damage_healed":0.0,"max_hp_gain":0.0,"max_hp_loss":0.0,"gold_gain":0.0,"event_name":"Purifier","player_choice":"Purged","floor":11.0,"gold_loss":0.0,"damage_taken":0.0},{"damage_healed":0,"gold_gain":0,"player_choice":"Fight","damage_taken":0,"max_hp_gain":0,"max_hp_loss":0,"event_name":"Colosseum","floor":21,"gold_loss":0},{"damage_healed":0,"gold_gain":0,"player_choice":"Fought Nobs","damage_taken":0,"max_hp_gain":0,"max_hp_loss":0,"event_name":"Colosseum","floor":21,"gold_loss":0},{"damage_healed":0,"gold_gain":0,"player_choice":"Trade","damage_taken":0,"relics_obtained":["NlothsMask"],"max_hp_gain":0,"max_hp_loss":0,"event_name":"FaceTrader","floor":22,"gold_loss":0},{"damage_healed":0,"gold_gain":0,"player_choice":"Simplicity","damage_taken":0,"max_hp_gain":0,"max_hp_loss":0,"event_name":"Back to Basics","floor":29,"gold_loss":0,"cards_upgraded":["Strike_B","Defend_B","Defend_B"]}],"is_beta":false,"boss_relics":[{"not_picked":["White Beast Statue","Velvet Choker"],"picked":"Nuclear Battery"}],"items_purged_floors":[8,13],"is_endless":false,"potions_floor_spawned":[2,7,10,12,21,24,27,28],"killed_by":"Automaton","ascension_level":7}