{"gold_per_floor":[110,125,143,143,93,134,134,167,191,191,214,230,230,266,266,362,362,380,395,50,64,64,95,118,92,92,92,92,92,105,120,120,120],"floor_reached":33,"playtime":1020,"items_purged":[],"score":499,"play_id":"38de65ee-6830-4fac-a048-a22b0eaab8e6","local_time":"20190427114207","is_ascension_mode":true,"campfire_choices":[{"data":"Carnage","floor":7.0,"key":"SMITH"},{"data":"Shrug It Off","floor":10.0,"key":"SMITH"},{"data":"Cleave","floor":13.0,"key":"SMITH"},{"floor":15,"key":"REST"},{"data":"Heavy Blade","floor":32,"key":"SMITH"}],"neow_cost":"NONE","seed_source_timestamp":157078494620964,"circlet_count":0,"master_deck":["AscendersBane","Defend_R+1","Defend_R+1","Defend_R","Bash","Carnage+1","Shrug It Off+1","Cleave+1","Inflame+1","Bite","Bite","Bite","Bite","Bite","Heavy Blade+1","Shrug It Off"],"special_seed":0,"relics":["Burning Blood","NeowsBlessing","Bloody Idol","War Paint","Pen Nib","Red Skull","Lantern","Runic Pyramid","ClockworkSouvenir","Bag of Marbles","Dodecahedron","Frozen Egg 2","Self Forming Clay"],"potions_floor_usage":[33,33],"damage_taken":[{"damage":0.0,"enemies":"Cultist","floor":1.0,"turns":1.0},{"damage":0.0,"enemies":"2 Louse","floor":2.0,"turns":1.0},{"damage":0.0,"enemies":"Jaw Worm","floor":3.0,"turns":1.0},{"damage":35.0,"enemies":"Lagavulin","floor":6.0,"turns":5.0},{"damage":22.0,"enemies":"3 Sentries","floor":8.0,"turns":7.0},{"damage":0.0,"enemies":"Blue Slaver","floor":11.0,"turns":3.0},{"damage":0.0,"enemies":"Looter","floor":12.0,"turns":2.0},{"damage":20.0,"enemies":"Lagavulin","floor":14.0,"turns":3.0},{"damage":40,"enemies":"Slime Boss","floor":16,"turns":9},{"damage":1,"enemies":"Chosen","floor":18,"turns":6},{"damage":18,"enemies":"Shell Parasite","floor":19,"turns":6},{"damage":13,"enemies":"Centurion and Healer","floor":21,"turns":9},{"damage":34,"enemies":"Slavers","floor":23,"turns":6},{"damage":23,"enemies":"Sentry and Sphere","floor":24,"turns":5},{"damage":12,"enemies":"Cultist and Chosen","floor":30,"turns":4},{"damage":21,"enemies":"3 Cultists","floor":31,"turns":5},{"damage":44,"enemies":"Automaton","floor":33,"turns":6}],"seed_played":"-1827513645919104311","potions_obtained":[{"floor":1.0,"key":"Strength Potion"},{"floor":6.0,"key":"AttackPotion"},{"floor":12.0,"key":"Dexterity Potion"},{"floor":14.0,"key":"FearPotion"},{"floor":18,"key":"BloodPotion"}],"is_trial":false,"path_per_floor":["M","M","M","?","?","E","R","E","T","R","M","M","R","E","R","B",null,"M","M","$","M","?","E","M","$","T","?","?","$","M","M","R","B"],"character_chosen":"IRONCLAD","items_purchased":["ClockworkSouvenir","Bag of Marbles","Shrug It Off"],"campfire_rested":1,"item_purchase_floors":[20,20,25],"current_hp_per_floor":[78,80,80,74,74,45,45,29,29,29,35,41,41,27,49,15,59,64,52,52,45,45,31,22,22,22,22,22,22,31,27,27,0],"gold":120,"neow_bonus":"THREE_ENEMY_KILL","is_prod":false,"is_daily":false,"chose_seed":false,"campfire_upgraded":4,"win_rate":0,"timestamp":1556386927,"path_taken":["M","M","?","?","?","E","R","E","T","R","M","M","R","E","R","BOSS","M","M","$","M","?","E","M","$","T","?","?","$","M","M","R","BOSS"],"build_version":"2019-01-23","purchased_purges":0,"victory":false,"max_hp_per_floor":[80,80,80,74,74,74,74,74,74,74,74,74,74,74,74,74,74,74,74,74,74,51,51,51,51,51,51,51,51,51,51,51,51],"card_choices":[{"not_picked":["Sword Boomerang","Armaments"],"picked":"Carnage","floor":1.0},{"not_picked":["Body Slam","Infernal Blade","Armaments"],"picked":"SKIP","floor":2.0},{"not_picked":["Feel No Pain","Clash"],"picked":"Shrug It Off","floor":3.0},{"not_picked":["Thunderclap","Body Slam","Sever Soul"],"picked":"SKIP","floor":6.0},{"not_picked":["Evolve","Clothesline","Double Tap"],"picked":"SKIP","floor":8.0},{"not_picked":["Dual Wield","Thunderclap"],"picked":"Cleave","floor":11.0},{"not_picked":["Anger","Wild Strike","Sword Boomerang"],"picked":"SKIP","floor":12.0},{"not_picked":["True Grit","Anger","Barricade"],"picked":"SKIP","floor":14.0},{"not_picked":["Hemokinesis","Armaments"],"picked":"Inflame+1","floor":18},{"not_picked":["Iron Wave","Blood for Blood+1","Power Through"],"picked":"SKIP","floor":19},{"not_picked":["Iron Wave","Dropkick+1","Twin Strike"],"picked":"SKIP","floor":21},{"not_picked":["Hemokinesis","Feel No Pain"],"picked":"Heavy Blade","floor":23},{"not_picked":["Body Slam","Pommel Strike","Flex"],"picked":"SKIP","floor":24},{"not_picked":["Feel No Pain+1","Seeing Red","Anger"],"picked":"SKIP","floor":30},{"not_picked":["Warcry+1","Twin Strike","Heavy Blade"],"picked":"SKIP","floor":31}],"player_experience":548309,"relics_obtained":[{"floor":6.0,"key":"War Paint"},{"floor":8.0,"key":"Pen Nib"},{"floor":9.0,"key":"Red Skull"},{"floor":14.0,"key":"Lantern"},{"floor":23,"key":"Dodecahedron"},{"floor":26,"key":"Frozen Egg 2"}],"event_choices":[{"damage_healed":0.0,"max_hp_gain":0.0,"max_hp_loss":6.0,"gold_gain":0.0,"event_name":"Golden Idol","player_choice":"Lose Max HP","floor":4.0,"gold_loss":0.0,"damage_taken":0.0,"relics_obtained":["Golden Idol"]},{"cards_removed":["Defend_R"],"damage_healed":0.0,"max_hp_gain":0.0,"max_hp_loss":0.0,"gold_gain":0.0,"event_name":"The Cleric","player_choice":"Card Removal","floor":5.0,"gold_loss":50.0,"damage_taken":0.0},{"damage_healed":0,"gold_gain":0,"player_choice":"Became a vampire","damage_taken":0,"max_hp_gain":0,"max_hp_loss":23,"event_name":"Vampires","floor":22,"gold_loss":0,"cards_obtained":["Bite","Bite","Bite","Bite","Bite"]},{"damage_healed":0,"gold_gain":0,"player_choice":"Opened","damage_taken":0,"relics_obtained":["Self Forming Clay"],"max_hp_gain":0,"max_hp_loss":0,"event_name":"The Mausoleum","floor":27,"gold_loss":0},{"damage_healed":0,"gold_gain":0,"player_choice":"Gave Idol","damage_taken":0,"relics_obtained":["Bloody Idol"],"max_hp_gain":0,"max_hp_loss":0,"event_name":"Forgotten Altar","floor":28,"relics_lost":["Golden Idol"],"gold_loss":0}],"is_beta":false,"boss_relics":[{"not_picked":["Astrolabe","Runic Dome"],"picked":"Runic Pyramid"}],"items_purged_floors":[],"is_endless":false,"potions_floor_spawned":[1,6,12,14,18,24,30,31],"killed_by":"Automaton","ascension_level":13}