{"gold_per_floor":[109,184,184,134,145,145,172,172,172,198,210,220,249,267,267,362,362,374,393,404,417,163,197,197,224,273,273],"floor_reached":27,"playtime":2577,"items_purged":[],"score":302,"play_id":"fecd4cd6-36d7-4c43-aa7e-d5a437e3c570","local_time":"20181123204817","is_ascension_mode":true,"campfire_choices":[{"data":"Zap","floor":6,"key":"SMITH"},{"data":"Streamline","floor":8,"key":"SMITH"},{"data":"Electrodynamics","floor":15,"key":"SMITH"},{"data":"White Noise","floor":24,"key":"SMITH"}],"neow_cost":"NONE","seed_source_timestamp":13740471013441,"circlet_count":0,"master_deck":["Strike_B+1","Strike_B+1","Strike_B","Defend_B","Defend_B","Defend_B","Defend_B","Zap+1","Dualcast","Streamline+1","Undo","Gash","Ball Lightning","Leap","Electrodynamics+1","Sunder","Rainbow","Tempest+1","Hologram+1","Redo+1","White Noise+1"],"relics":["Cracked Core","NeowsBlessing","Bronze Scales","Whetstone","DataDisk","Inserter","Gremlin Horn","Ornamental Fan","Meat on the Bone","Boot"],"potions_floor_usage":[16,23,23,27],"damage_taken":[{"damage":0,"enemies":"Small Slimes","floor":1,"turns":1},{"damage":0,"enemies":"Jaw Worm","floor":5,"turns":1},{"damage":0,"enemies":"3 Sentries","floor":7,"turns":2},{"damage":0,"enemies":"2 Louse","floor":11,"turns":2},{"damage":0,"enemies":"Looter","floor":12,"turns":2},{"damage":16,"enemies":"Gremlin Nob","floor":13,"turns":3},{"damage":7,"enemies":"Exordium Thugs","floor":14,"turns":3},{"damage":30,"enemies":"The Guardian","floor":16,"turns":9},{"damage":17,"enemies":"Spheric Guardian","floor":18,"turns":4},{"damage":1,"enemies":"Chosen","floor":19,"turns":3},{"damage":11,"enemies":"Centurion and Healer","floor":20,"turns":3},{"damage":2,"enemies":"Shelled Parasite and Fungi","floor":21,"turns":4},{"damage":11,"enemies":"Book of Stabbing","floor":23,"turns":4},{"damage":10,"enemies":"Gremlin Leader","floor":25,"turns":5},{"damage":28,"enemies":"Book of Stabbing","floor":27,"turns":4}],"seed_played":"5228266252439737648","potions_obtained":[{"floor":1,"key":"Ancient Potion"},{"floor":5,"key":"EssenceOfSteel"},{"floor":12,"key":"GamblersBrew"},{"floor":13,"key":"Weak Potion"},{"floor":18,"key":"LiquidBronze"},{"floor":25,"key":"AttackPotion"}],"is_trial":false,"path_per_floor":["M","?","?","?","M","R","E","R","T","T","M","M","E","M","R","B",null,"M","M","M","M","$","E","R","E","T","E"],"character_chosen":"DEFECT","items_purchased":["Gremlin Horn"],"campfire_rested":0,"item_purchase_floors":[22],"current_hp_per_floor":[75,64,64,64,64,64,64,64,64,64,64,64,48,41,41,11,75,58,57,46,44,44,33,33,23,23,0],"gold":273,"neow_bonus":"THREE_ENEMY_KILL","is_prod":false,"is_daily":false,"chose_seed":false,"campfire_upgraded":4,"win_rate":0,"timestamp":1542966497,"path_taken":["M","?","?","?","M","R","E","R","T","?","?","M","E","M","R","BOSS","M","M","M","M","$","E","R","E","T","E"],"build_version":"2018-11-15","purchased_purges":0,"victory":false,"max_hp_per_floor":[75,75,75,75,75,75,75,75,75,75,75,75,75,75,75,75,75,75,75,75,75,75,75,75,75,75,75],"card_choices":[{"not_picked":["Hello World","Sweeping Beam"],"picked":"Streamline","floor":1},{"not_picked":["Compile Driver","Streamline"],"picked":"Undo","floor":5},{"not_picked":["Hologram","Genetic Algorithm"],"picked":"Gash","floor":7},{"not_picked":["Sweeping Beam","Doom and Gloom"],"picked":"Ball Lightning","floor":11},{"not_picked":["Sweeping Beam","Hologram"],"picked":"Leap","floor":12},{"not_picked":["Coolheaded","Undo"],"picked":"Electrodynamics","floor":13},{"not_picked":["Lockon","Hello World"],"picked":"Sunder","floor":14},{"not_picked":["Amplify","Meteor Strike"],"picked":"Rainbow","floor":16},{"not_picked":["Compile Driver","Streamline"],"picked":"Tempest+1","floor":18},{"not_picked":["Skim","Turbo","Stack+1"],"picked":"SKIP","floor":19},{"not_picked":["Turbo","Sunder"],"picked":"Hologram+1","floor":20},{"not_picked":["Steam Power","Scrape"],"picked":"Redo+1","floor":21},{"not_picked":["Streamline+1","Go for the Eyes+1"],"picked":"White Noise","floor":23},{"not_picked":["Steam Power","Hologram","Tempest"],"picked":"SKIP","floor":25}],"player_experience":217456,"relics_obtained":[{"floor":7,"key":"Bronze Scales"},{"floor":10,"key":"Whetstone"},{"floor":13,"key":"DataDisk"},{"floor":23,"key":"Ornamental Fan"},{"floor":25,"key":"Meat on the Bone"},{"floor":26,"key":"Boot"}],"event_choices":[{"damage_healed":0,"gold_gain":75,"player_choice":"Gather Gold","damage_taken":11,"max_hp_gain":0,"max_hp_loss":0,"event_name":"World of Goop","floor":2,"gold_loss":0},{"damage_healed":0,"gold_gain":0,"player_choice":"Ignored","damage_taken":0,"max_hp_gain":0,"max_hp_loss":0,"event_name":"Liars Game","floor":3,"gold_loss":0},{"cards_removed":["Strike_B"],"damage_healed":0,"gold_gain":0,"player_choice":"Card Removal","damage_taken":0,"max_hp_gain":0,"max_hp_loss":0,"event_name":"The Cleric","floor":4,"gold_loss":50}],"is_beta":true,"boss_relics":[{"not_picked":["Lizard Tail","Philosopher\u0027s Stone"],"picked":"Inserter"}],"items_purged_floors":[],"is_endless":false,"potions_floor_spawned":[1,5,12,13,18,25],"killed_by":"Book of Stabbing","ascension_level":1}