{"gold_per_floor":[215,215,3,3,3,34,53,68,68,68,68,68,99,112,112,185,185,199,229,23,36,54,54,82,82,82,110,121,121,221,250,250,322,322,342,342,442,442,455,789,807,825,825,855,868,900,900,910,910,910,910,910,21,47,47],"floor_reached":56,"playtime":15442,"items_purged":["Writhe","Strike_B"],"score":2323,"play_id":"1a656d3c-a21a-4709-a468-d5f79f687a21","local_time":"20190609184534","is_ascension_mode":true,"campfire_choices":[{"floor":10.0,"key":"REST"},{"data":"Reinforced Body","floor":12.0,"key":"SMITH"},{"data":"Creative AI","floor":15.0,"key":"SMITH"},{"data":"Defragment","floor":23.0,"key":"SMITH"},{"data":"Echo Form","floor":25.0,"key":"SMITH"},{"data":"Zap","floor":32.0,"key":"SMITH"},{"floor":47.0,"key":"RECALL"},{"data":"Buffer","floor":49.0,"key":"SMITH"},{"data":"Defend_B","floor":52.0,"key":"SMITH"}],"neow_cost":"NONE","seed_source_timestamp":671877572614000,"circlet_count":0,"master_deck":["AscendersBane","Strike_B","Strike_B+1","Strike_B","Defend_B","Defend_B","Defend_B+1","Defend_B+1","Zap+1","Dualcast+1","Reinforced Body+1","Go for the Eyes+1","Conserve Battery+1","Glacier+1","Creative AI+1","Conserve Battery+1","Echo Form+1","Conserve Battery+1","Turbo+1","Defragment+1","Steam Power+1","Fusion+1","Buffer+1","Deep Breath+1","Enlightenment+1"],"special_seed":0,"relics":["Cracked Core","ClockworkSouvenir","Toxic Egg 2","Pear","Oddly Smooth Stone","Matryoshka","Thread and Needle","Eternal Feather","Tiny Chest","Bag of Marbles","Bag of Preparation","Bird Faced Urn","FossilizedHelix","Emotion Chip","Letter Opener","Mango","Black Star","Turnip","Strawberry","The Courier","Old Coin","Mercury Hourglass","Singing Bowl","Art of War","Molten Egg 2","Whetstone","Chemical X","Centennial Puzzle","Cables","Vajra","War Paint","Lantern"],"potions_floor_usage":[],"damage_taken":[{"damage":3.0,"enemies":"2 Louse","floor":1.0,"turns":3.0},{"damage":43.0,"enemies":"Lagavulin","floor":6.0,"turns":11.0},{"damage":0.0,"enemies":"Jaw Worm","floor":7.0,"turns":3.0},{"damage":0.0,"enemies":"Cultist","floor":8.0,"turns":4.0},{"damage":10.0,"enemies":"3 Sentries","floor":13.0,"turns":19.0},{"damage":0.0,"enemies":"3 Louse","floor":14.0,"turns":4.0},{"damage":25.0,"enemies":"Slime Boss","floor":16.0,"turns":11.0},{"damage":0.0,"enemies":"Shell Parasite","floor":18.0,"turns":13.0},{"damage":4.0,"enemies":"Chosen","floor":21.0,"turns":7.0},{"damage":0.0,"enemies":"Centurion and Healer","floor":22.0,"turns":8.0},{"damage":40.0,"enemies":"Slavers","floor":24.0,"turns":11.0},{"damage":3.0,"enemies":"Book of Stabbing","floor":27.0,"turns":14.0},{"damage":0.0,"enemies":"Snake Plant","floor":28.0,"turns":9.0},{"damage":0.0,"enemies":"Colosseum Slavers","floor":30.0,"turns":7.0},{"damage":10.0,"enemies":"Colosseum Nobs","floor":30.0,"turns":6.0},{"damage":0.0,"enemies":"Gremlin Leader","floor":31.0,"turns":7.0},{"damage":60.0,"enemies":"Automaton","floor":33.0,"turns":11.0},{"damage":0.0,"enemies":"3 Shapes","floor":35.0,"turns":8.0},{"damage":0.0,"enemies":"Mind Bloom Boss Battle","floor":37.0,"turns":9.0},{"damage":26.0,"enemies":"3 Darklings","floor":39.0,"turns":7.0},{"damage":0.0,"enemies":"Nemesis","floor":40.0,"turns":9.0},{"damage":0.0,"enemies":"Spire Growth","floor":41.0,"turns":7.0},{"damage":0.0,"enemies":"4 Shapes","floor":42.0,"turns":6.0},{"damage":0.0,"enemies":"Giant Head","floor":44.0,"turns":9.0},{"damage":0.0,"enemies":"Writhing Mass","floor":45.0,"turns":8.0},{"damage":14.0,"enemies":"Nemesis","floor":46.0,"turns":9.0},{"damage":0.0,"enemies":"Sphere and 2 Shapes","floor":48.0,"turns":6.0},{"damage":27.0,"enemies":"Awakened One","floor":50.0,"turns":13.0},{"damage":50.0,"enemies":"Shield and Spear","floor":54.0,"turns":6.0},{"damage":47,"enemies":"The Heart","floor":55,"turns":10}],"seed_played":"-151835317907590606","potions_obtained":[{"floor":7.0,"key":"Explosive Potion"},{"floor":21.0,"key":"SteroidPotion"},{"floor":30.0,"key":"Fire Potion"},{"floor":33.0,"key":"GamblersBrew"},{"floor":40.0,"key":"Weak Potion"},{"floor":48.0,"key":"SkillPotion"},{"floor":54,"key":"Ancient Potion"}],"is_trial":false,"path_per_floor":["M","?","$","?","T","E","M","M","T","R","?","R","E","M","R","B",null,"M","?","$","M","M","R","E","R","T","E","M","?","?","E","R","B",null,"M","?","?","T","M","E","M","M","T","E","M","E","R","M","R","B",null,"R","$","E","B",null],"character_chosen":"DEFECT","items_purchased":["ClockworkSouvenir","Turbo+1","Defragment","Chemical X","Centennial Puzzle","Cables","Vajra","War Paint","Enlightenment+1"],"campfire_rested":1,"item_purchase_floors":[3,20,20,53,53,53,53,53,53],"current_hp_per_floor":[61,61,61,35,45,2,2,2,2,26,53,53,43,43,43,18,65,65,65,65,61,61,73,33,45,45,81,81,81,73,95,95,51,84,95,85,95,102,94,102,102,102,102,104,106,108,108,110,110,107,109,110,110,81,84],"gold":47,"neow_bonus":"HUNDRED_GOLD","is_prod":false,"is_daily":false,"chose_seed":false,"campfire_upgraded":7,"win_rate":0,"timestamp":1560127534,"path_taken":["M","?","$","?","?","E","M","?","T","R","?","R","E","M","R","BOSS","M","?","$","M","M","R","E","R","T","E","M","?","?","E","R","BOSS","M","?","?","?","M","E","M","M","T","E","M","E","R","M","R","BOSS","R","$","E","BOSS"],"build_version":"2019-01-23","purchased_purges":2,"victory":true,"max_hp_per_floor":[71,71,71,71,81,81,81,81,81,81,81,81,81,81,81,81,81,81,81,81,81,81,81,81,81,81,81,81,81,81,95,95,95,95,95,95,95,102,102,102,102,102,102,104,106,108,108,110,110,110,110,110,110,112,112],"card_choices":[{"not_picked":["Stack","Hologram"],"picked":"Reinforced Body","floor":1.0},{"not_picked":["Barrage","Beam Cell"],"picked":"Go for the Eyes","floor":6.0},{"not_picked":["Sweeping Beam","Rebound"],"picked":"Conserve Battery+1","floor":7.0},{"not_picked":["Go for the Eyes","Redo+1"],"picked":"Glacier+1","floor":8.0},{"not_picked":["Tempest+1","Force Field+1"],"picked":"Creative AI","floor":13.0},{"not_picked":["Cold Snap","Turbo+1"],"picked":"Conserve Battery+1","floor":14.0},{"not_picked":["Reboot+1","Seek+1"],"picked":"Echo Form","floor":16.0},{"not_picked":["Stack+1","Fusion+1"],"picked":"Conserve Battery+1","floor":18.0},{"not_picked":["Storm","Barrage","Go for the Eyes"],"picked":"SKIP","floor":21.0},{"not_picked":["Storm","Barrage","Go for the Eyes"],"picked":"SKIP","floor":21.0},{"not_picked":["Rip and Tear","Go for the Eyes","Ball Lightning"],"picked":"SKIP","floor":22.0},{"not_picked":["Genetic Algorithm+1","Self Repair"],"picked":"Steam Power+1","floor":24.0},{"not_picked":["Heatsinks","Steam+1","Darkness+1"],"picked":"SKIP","floor":27.0},{"not_picked":["Consume+1","Genetic Algorithm+1","Machine Learning"],"picked":"SKIP","floor":28.0},{"not_picked":["White Noise+1","Leap+1"],"picked":"Fusion+1","floor":30.0},{"not_picked":["Ball Lightning","Undo+1","Barrage"],"picked":"SKIP","floor":31.0},{"not_picked":["Rainbow+1","Multi-Cast+1"],"picked":"Buffer","floor":33.0},{"not_picked":["Redo+1","Go for the Eyes+1","Streamline"],"picked":"SKIP","floor":35.0},{"not_picked":["Sadistic Nature","Madness+1"],"picked":"Deep Breath+1","floor":36.0},{"not_picked":["Genetic Algorithm+1","Hologram+1","Turbo+1"],"picked":"SKIP","floor":39.0},{"not_picked":["Ball Lightning","Hello World+1","Barrage+1"],"picked":"SKIP","floor":40.0},{"not_picked":["Beam Cell+1","Coolheaded+1","Gash"],"picked":"SKIP","floor":41.0},{"not_picked":["Go for the Eyes","Coolheaded+1","Meteor Strike"],"picked":"SKIP","floor":42.0},{"not_picked":["Aggregate+1","Storm","Compile Driver"],"picked":"Singing Bowl","floor":44.0},{"not_picked":["Cold Snap","Heatsinks","Streamline"],"picked":"Singing Bowl","floor":45.0},{"not_picked":["Double Energy+1","Compile Driver","Gash+1"],"picked":"Singing Bowl","floor":46.0},{"not_picked":["Recycle+1","Streamline+1","Sunder+1"],"picked":"Singing Bowl","floor":48.0},{"not_picked":["Sweeping Beam+1","Redo+1","Ball Lightning+1"],"picked":"Singing Bowl","floor":54}],"player_experience":865933,"relics_obtained":[{"floor":5.0,"key":"Pear"},{"floor":6.0,"key":"Oddly Smooth Stone"},{"floor":9.0,"key":"Matryoshka"},{"floor":13.0,"key":"Thread and Needle"},{"floor":24.0,"key":"Bag of Marbles"},{"floor":26.0,"key":"Bag of Preparation"},{"floor":26.0,"key":"Bird Faced Urn"},{"floor":27.0,"key":"FossilizedHelix"},{"floor":30.0,"key":"Emotion Chip"},{"floor":30.0,"key":"Letter Opener"},{"floor":31.0,"key":"Mango"},{"floor":37.0,"key":"Turnip"},{"floor":38.0,"key":"Strawberry"},{"floor":40.0,"key":"The Courier"},{"floor":40.0,"key":"Old Coin"},{"floor":43.0,"key":"Mercury Hourglass"},{"floor":44.0,"key":"Singing Bowl"},{"floor":44.0,"key":"Art of War"},{"floor":46.0,"key":"Molten Egg 2"},{"floor":46.0,"key":"Whetstone"},{"floor":54,"key":"Lantern"}],"event_choices":[{"damage_healed":0.0,"max_hp_gain":0.0,"max_hp_loss":0.0,"gold_gain":0.0,"event_name":"The Cleric","player_choice":"Leave","floor":2.0,"gold_loss":0.0,"damage_taken":0.0},{"damage_healed":0.0,"max_hp_gain":0.0,"max_hp_loss":0.0,"gold_gain":0.0,"event_name":"Scrap Ooze","player_choice":"Success","floor":4.0,"gold_loss":0.0,"damage_taken":26.0,"relics_obtained":["Toxic Egg 2"]},{"damage_healed":27.0,"max_hp_gain":0.0,"max_hp_loss":0.0,"gold_gain":0.0,"event_name":"Big Fish","player_choice":"Banana","floor":11.0,"gold_loss":0.0,"damage_taken":0.0},{"damage_healed":0.0,"max_hp_gain":0.0,"max_hp_loss":0.0,"gold_gain":0.0,"event_name":"The Mausoleum","player_choice":"Opened","floor":19.0,"gold_loss":0.0,"damage_taken":0.0,"relics_obtained":["Tiny Chest"],"cards_obtained":["Writhe"]},{"damage_healed":0.0,"max_hp_gain":0.0,"max_hp_loss":0.0,"gold_gain":0.0,"event_name":"Vampires","player_choice":"Ignored","floor":29.0,"gold_loss":0.0,"damage_taken":0.0},{"damage_healed":0.0,"max_hp_gain":0.0,"max_hp_loss":0.0,"gold_gain":0.0,"event_name":"Colosseum","player_choice":"Fight","floor":30.0,"gold_loss":0.0,"damage_taken":0.0},{"damage_healed":0.0,"max_hp_gain":0.0,"max_hp_loss":0.0,"gold_gain":0.0,"event_name":"Colosseum","player_choice":"Fought Nobs","floor":30.0,"gold_loss":0.0,"damage_taken":0.0},{"damage_healed":0.0,"max_hp_gain":0.0,"max_hp_loss":0.0,"gold_gain":0.0,"event_name":"SensoryStone","player_choice":"Memory 3","floor":36.0,"gold_loss":0.0,"damage_taken":10.0},{"damage_healed":0.0,"max_hp_gain":0.0,"max_hp_loss":0.0,"gold_gain":0.0,"event_name":"MindBloom","player_choice":"Fight","floor":37.0,"gold_loss":0.0,"damage_taken":0.0}],"is_beta":false,"boss_relics":[{"not_picked":["Inserter","FrozenCore"],"picked":"Eternal Feather"},{"not_picked":["Velvet Choker","Cursed Key"],"picked":"Black Star"}],"items_purged_floors":[20,53],"is_endless":false,"potions_floor_spawned":[7,21,30,30,33,37,40,46,48,54],"ascension_level":17}