{"path_per_floor":["M","?","?","$","M","R","E","M","T","M","M","M","?","$","R","B",null,"M","M","$","M"],"character_chosen":"THE_SILENT","items_purchased":["Bag of Preparation","Anchor","Apotheosis"],"gold_per_floor":[217,217,217,70,90,90,120,136,159,178,193,209,209,55,55,150,150,169,185,9,28,28],"floor_reached":22,"campfire_rested":0,"playtime":1087,"item_purchase_floors":[4,14,20],"current_hp_per_floor":[67,67,53,53,53,53,51,51,51,47,45,42,59,59,59,38,70,68,42,42,19,0],"items_purged":[],"gold":28,"score":188,"play_id":"76f94dd9-b885-4af6-b79f-f61d1ed17464","local_time":"20180526222114","is_prod":false,"is_daily":false,"chose_seed":false,"is_ascension_mode":false,"campfire_upgraded":2,"win_rate":0,"timestamp":1527337274,"campfire_choices":[{"data":"Flying Knee","floor":6,"key":"SMITH"},{"data":"Infinite Blades","floor":15,"key":"SMITH"}],"path_taken":["M","?","?","$","?","R","E","M","T","M","M","M","?","$","R","BOSS","M","M","$","M","M"],"build_version":"2018-05-24","seed_source_timestamp":39554715467048,"purchased_purges":0,"victory":false,"master_deck":["Defend_G","Defend_G","Defend_G","Defend_G","Defend_G","Strike_G","Strike_G","Strike_G+1","Strike_G","Strike_G","Survivor","Neutralize+1","Flying Knee","Flying Knee+1","Infinite Blades+1","Deflect","Blur","Bouncing Flask","Parasite","A Thousand Cuts","Skewer","Dagger Spray","Escape Plan","Deflect","Endless Agony","Blur+1","Apotheosis"],"max_hp_per_floor":[70,70,70,70,70,70,70,70,70,70,70,70,70,70,70,70,70,70,70,70,70,70],"relics":["Ring of the Snake","Bag of Preparation","Lantern","Dream Catcher","Anchor","Orrery"],"card_choices":[{"not_picked":["Backflip","PiercingWail"],"picked":"Flying Knee","floor":1},{"not_picked":["Underhanded Strike","Quick Slash"],"picked":"Flying Knee","floor":5},{"not_picked":["Dash","Backflip"],"picked":"Infinite Blades","floor":7},{"not_picked":["Backflip","Flechettes","Underhanded Strike"],"picked":"SKIP","floor":8},{"not_picked":["Poisoned Stab","Endless Agony"],"picked":"Deflect","floor":10},{"not_picked":["Envenom","Sucker Punch"],"picked":"Blur","floor":11},{"not_picked":["Deadly Poison","All Out Attack"],"picked":"Bouncing Flask","floor":12},{"not_picked":["Die Die Die","Envenom"],"picked":"A Thousand Cuts","floor":16},{"not_picked":["Quick Slash","Expertise"],"picked":"Skewer","floor":17},{"not_picked":["Leg Sweep","Underhanded Strike"],"picked":"Dagger Spray","floor":17},{"not_picked":["Bane","Acrobatics"],"picked":"Escape Plan","floor":17},{"not_picked":["Glass Knife","Dagger Spray"],"picked":"Deflect","floor":17},{"not_picked":["Cloak And Dagger+1","Flying Knee"],"picked":"Endless Agony","floor":18},{"not_picked":["Prepared","Dagger Spray"],"picked":"Blur+1","floor":19},{"not_picked":["PiercingWail","Crippling Poison","Bane"],"picked":"SKIP","floor":21}],"player_experience":79405,"potions_floor_usage":[7,16,21],"damage_taken":[{"damage":3,"enemies":"Jaw Worm","floor":1,"turns":6},{"damage":0,"enemies":"Cultist","floor":5,"turns":3},{"damage":2,"enemies":"Gremlin Nob","floor":7,"turns":4},{"damage":0,"enemies":"Small Slimes","floor":8,"turns":2},{"damage":4,"enemies":"Blue Slaver","floor":10,"turns":3},{"damage":2,"enemies":"Large Slime","floor":11,"turns":9},{"damage":3,"enemies":"Gremlin Gang","floor":12,"turns":5},{"damage":21,"enemies":"The Guardian","floor":16,"turns":9},{"damage":2,"enemies":"Chosen","floor":18,"turns":5},{"damage":26,"enemies":"Shell Parasite","floor":19,"turns":6},{"damage":23,"enemies":"Snake Plant","floor":21,"turns":5},{"damage":27,"enemies":"Chosen and Byrds","floor":22,"turns":5}],"relics_obtained":[{"floor":7,"key":"Lantern"},{"floor":9,"key":"Dream Catcher"}],"event_choices":[{"event_name":"The Lab","player_choice":"Got Potions","floor":2,"damage_taken":0},{"event_name":"Shining Light","player_choice":"Entered Light","floor":3,"damage_taken":0},{"event_name":"Mushrooms","player_choice":"Healed and dodged fight","floor":13,"damage_taken":0}],"boss_relics":[{"not_picked":["Philosopher\u0027s Stone","Snecko Eye"],"picked":"Orrery"}],"items_purged_floors":[],"potions_floor_spawned":[5,7,11,12,18,19],"seed_played":"-6814927255940964085","killed_by":"Chosen and Byrds","ascension_level":0,"potions_obtained":[{"floor":2,"key":"Energy Potion"},{"floor":2,"key":"GhostInAJar"},{"floor":2,"key":"Dexterity Potion"},{"floor":7,"key":"Weak Potion"},{"floor":11,"key":"EssenceOfSteel"},{"floor":18,"key":"Strength Potion"}],"is_trial":false}