{"path_per_floor":["M","M","M","M","?","R","E","M","T","E","R","E","R","E","R","B",null,"M","$","?","M","?","E","R"],"character_chosen":"DEFECT","items_purchased":["Letter Opener","Consume"],"gold_per_floor":[118,136,153,172,172,172,505,524,579,611,611,645,645,676,676,774,774,785,387,387,402,402,430,430,430],"floor_reached":25,"campfire_rested":2,"playtime":1215,"item_purchase_floors":[19,19],"current_hp_per_floor":[75,75,75,66,66,66,61,55,62,55,55,46,46,37,61,54,82,67,67,51,42,42,16,40,0],"items_purged":["Strike_B"],"gold":430,"score":261,"play_id":"c70d848e-7664-4f34-b977-b4a3a6ddcc86","local_time":"20180602151253","is_prod":false,"is_daily":false,"chose_seed":false,"is_ascension_mode":true,"campfire_upgraded":3,"win_rate":0.0,"timestamp":1527916373,"campfire_choices":[{"data":"Zap","floor":6,"key":"SMITH"},{"data":"Ball Lightning","floor":11,"key":"SMITH"},{"data":"Blizzard","floor":13,"key":"SMITH"},{"floor":15,"key":"REST"},{"floor":24,"key":"REST"}],"path_taken":["M","M","?","M","?","R","E","M","T","E","R","E","R","E","R","BOSS","M","$","?","M","?","E","R","E"],"build_version":"2018-05-31","seed_source_timestamp":22396275031035,"purchased_purges":1,"victory":false,"master_deck":["Strike_B","Strike_B","Strike_B","Defend_B","Defend_B","Defend_B","Defend_B","Zap+1","Dualcast","Ball Lightning+1","Defragment+1","Rebound+1","Cold Snap","Injury","Blizzard+1","Sweeping Beam","Auto Shields","Buffer","Go for the Eyes+1","Seek","Stack+1","Consume","Self Repair+1","Electrodynamics"],"max_hp_per_floor":[75,75,75,75,75,75,75,75,82,82,82,82,82,82,82,82,82,82,82,82,82,82,82,82,82],"relics":["Cracked Core","NeowsBlessing","Old Coin","Strawberry","Dodecahedron","Omamori","Art of War","Cursed Key","Letter Opener","Necronomicon","Whetstone"],"card_choices":[{"not_picked":["Steam","Rebound"],"picked":"Ball Lightning","floor":1},{"not_picked":["Coolheaded","Compile Driver"],"picked":"Defragment","floor":2},{"not_picked":["Sweeping Beam","Streamline"],"picked":"Rebound","floor":3},{"not_picked":["Hologram","FTL"],"picked":"Cold Snap","floor":4},{"not_picked":["Chill","Barrage"],"picked":"Blizzard","floor":7},{"not_picked":["Beam Cell","Scrape"],"picked":"Sweeping Beam","floor":8},{"not_picked":["Beam Cell","Skim"],"picked":"Auto Shields","floor":10},{"not_picked":["Streamline","Gash"],"picked":"Buffer","floor":12},{"not_picked":["Gash","Reprogram"],"picked":"Go for the Eyes","floor":14},{"not_picked":["Rainbow","Multi-Cast"],"picked":"Seek","floor":16},{"not_picked":["Aggregate","Conserve Battery+1"],"picked":"Stack+1","floor":18},{"not_picked":["Force Field","Genetic Algorithm+1"],"picked":"Self Repair+1","floor":21},{"not_picked":["Melter+1","Leap"],"picked":"Electrodynamics","floor":23}],"player_experience":95724,"potions_floor_usage":[12,23],"damage_taken":[{"damage":0,"enemies":"Cultist","floor":1,"turns":1},{"damage":0,"enemies":"Small Slimes","floor":2,"turns":1},{"damage":0,"enemies":"Jaw Worm","floor":3,"turns":1},{"damage":9,"enemies":"3 Louse","floor":4,"turns":3},{"damage":5,"enemies":"Gremlin Nob","floor":7,"turns":4},{"damage":6,"enemies":"Looter","floor":8,"turns":3},{"damage":7,"enemies":"3 Sentries","floor":10,"turns":5},{"damage":9,"enemies":"Gremlin Nob","floor":12,"turns":3},{"damage":9,"enemies":"Lagavulin","floor":14,"turns":5},{"damage":7,"enemies":"Slime Boss","floor":16,"turns":10},{"damage":15,"enemies":"Chosen","floor":18,"turns":5},{"damage":9,"enemies":"Shell Parasite","floor":21,"turns":5},{"damage":36,"enemies":"Gremlin Leader","floor":23,"turns":8},{"damage":43,"enemies":"Slavers","floor":25,"turns":2}],"relics_obtained":[{"floor":7,"key":"Old Coin"},{"floor":9,"key":"Strawberry"},{"floor":10,"key":"Dodecahedron"},{"floor":12,"key":"Omamori"},{"floor":14,"key":"Art of War"},{"floor":20,"key":"Necronomicon"},{"floor":23,"key":"Whetstone"}],"event_choices":[{"event_name":"Accursed Blacksmith","player_choice":"Forge","floor":5,"damage_taken":0},{"event_name":"Cursed Tome","player_choice":"Obtained Book","floor":20,"damage_taken":0},{"event_name":"Vampires","player_choice":"Ignored","floor":22,"damage_taken":0}],"boss_relics":[{"not_picked":["Astrolabe","Pandora\u0027s Box"],"picked":"Cursed Key"}],"items_purged_floors":[19],"potions_floor_spawned":[3,7,8,12,14],"seed_played":"-3732500137338991106","killed_by":"Slavers","ascension_level":1,"potions_obtained":[{"floor":3,"key":"FocusPotion"},{"floor":7,"key":"Poison Potion"},{"floor":8,"key":"Strength Potion"},{"floor":12,"key":"FearPotion"}],"is_trial":false}