{"gold_per_floor":[119,139,159,176,192,192,226,226,250,263,276,276,276,306,306,306],"floor_reached":16,"playtime":644,"items_purged":[],"score":120,"play_id":"62a3d02a-cb88-4331-bacd-2f36d9f7c187","local_time":"20190104214107","is_ascension_mode":true,"campfire_choices":[{"data":"Dagger Spray","floor":6,"key":"SMITH"},{"data":"Well Laid Plans","floor":8,"key":"SMITH"},{"floor":13,"key":"REST"},{"data":"Skewer","floor":15,"key":"SMITH"}],"neow_cost":"NONE","seed_source_timestamp":15038114424800,"circlet_count":0,"master_deck":["Defend_G","Defend_G","Defend_G","Defend_G","Defend_G","Strike_G","Strike_G","Strike_G","Strike_G+1","Strike_G","Survivor","Neutralize","Panacea","Dagger Spray+1","Flying Knee","Prepared+1","Underhanded Strike","Cloak And Dagger","Well Laid Plans+1","Leg Sweep","Quick Slash","Skewer+1"],"relics":["Ring of the Snake","Bag of Preparation","Anchor","Lantern"],"potions_floor_usage":[7,14,16],"damage_taken":[{"damage":1,"enemies":"Cultist","floor":1,"turns":4},{"damage":2,"enemies":"2 Louse","floor":2,"turns":2},{"damage":0,"enemies":"Jaw Worm","floor":3,"turns":5},{"damage":27,"enemies":"Exordium Thugs","floor":4,"turns":7},{"damage":4,"enemies":"Blue Slaver","floor":5,"turns":3},{"damage":4,"enemies":"3 Sentries","floor":7,"turns":4},{"damage":0,"enemies":"Exordium Wildlife","floor":10,"turns":2},{"damage":0,"enemies":"Gremlin Gang","floor":11,"turns":3},{"damage":13,"enemies":"Lagavulin","floor":14,"turns":6},{"damage":29,"enemies":"The Guardian","floor":16,"turns":4}],"seed_played":"-4300224727449120814","potions_obtained":[{"floor":2,"key":"Swift Potion"},{"floor":3,"key":"FearPotion"},{"floor":4,"key":"SkillPotion"},{"floor":5,"key":"Explosive Potion"}],"is_trial":false,"path_per_floor":["M","M","M","M","M","R","E","R","T","M","M","?","R","E","R","B"],"character_chosen":"THE_SILENT","items_purchased":[],"campfire_rested":1,"item_purchase_floors":[],"current_hp_per_floor":[69,67,67,40,36,36,32,32,32,32,32,18,39,26,26,0],"gold":306,"neow_bonus":"RANDOM_COLORLESS","is_prod":false,"is_daily":false,"chose_seed":false,"campfire_upgraded":3,"win_rate":0,"timestamp":1546598467,"path_taken":["M","M","M","M","M","R","E","R","T","M","M","?","R","E","R","BOSS"],"build_version":"2019-01-03v3","purchased_purges":0,"victory":false,"max_hp_per_floor":[70,70,70,70,70,70,70,70,70,70,70,70,70,70,70,70],"card_choices":[{"not_picked":["Blade Dance","Outmaneuver"],"picked":"Dagger Spray","floor":1},{"not_picked":["Masterful Stab","Poisoned Stab"],"picked":"Flying Knee","floor":2},{"not_picked":["Phantasmal Killer","Choke"],"picked":"Prepared","floor":3},{"not_picked":["Bane","Blade Dance"],"picked":"Underhanded Strike","floor":4},{"not_picked":["Setup","Expertise"],"picked":"Cloak And Dagger","floor":5},{"not_picked":["Outmaneuver","Sucker Punch"],"picked":"Well Laid Plans","floor":7},{"not_picked":["Caltrops","Concentrate"],"picked":"Leg Sweep","floor":10},{"not_picked":["Well Laid Plans","Deadly Poison"],"picked":"Quick Slash","floor":11},{"not_picked":["Flechettes","Blade Dance"],"picked":"Skewer","floor":14}],"player_experience":223252,"relics_obtained":[{"floor":7,"key":"Bag of Preparation"},{"floor":9,"key":"Anchor"},{"floor":14,"key":"Lantern"}],"event_choices":[{"damage_healed":0,"gold_gain":0,"player_choice":"Entered Light","damage_taken":14,"max_hp_gain":0,"max_hp_loss":0,"event_name":"Shining Light","floor":12,"gold_loss":0,"cards_upgraded":["Prepared","Strike_G"]}],"is_beta":true,"boss_relics":[],"items_purged_floors":[],"is_endless":false,"potions_floor_spawned":[2,3,4,5],"killed_by":"The Guardian","ascension_level":1}