{"gold_per_floor":[117,33,49,79,79,108,122,122,147,147,163,240,256,79,79,154,154,172,190,219,54,54,54],"floor_reached":23,"playtime":788,"items_purged":["Pain"],"score":428,"play_id":"2f608a3f-735c-4992-966a-da6b01d26a09","local_time":"20190401000844","is_ascension_mode":true,"campfire_choices":[{"data":"Noxious Fumes","floor":8,"key":"SMITH"},{"data":"Neutralize","floor":10,"key":"SMITH"},{"data":"Deadly Poison","floor":15,"key":"SMITH"}],"neow_cost":"NONE","seed_source_timestamp":269858167569637,"circlet_count":0,"master_deck":["AscendersBane","Defend_G","Defend_G","Defend_G","Defend_G","Defend_G","Strike_G","Strike_G","Strike_G","Strike_G","Strike_G","Survivor","Neutralize+1","Poisoned Stab","Noxious Fumes+1","Unload","Deadly Poison+1","Bandage Up","Glass Knife","Catalyst+1"],"relics":["Ring of the Snake","NeowsBlessing","Tiny Chest","WarpedTongs","Peace Pipe","Omamori","Ornamental Fan","Coffee Dripper","Red Mask","Oddly Smooth Stone","Singing Bowl"],"potions_floor_usage":[16,16,20],"damage_taken":[{"damage":0,"enemies":"Cultist","floor":1,"turns":1},{"damage":0,"enemies":"2 Louse","floor":3,"turns":1},{"damage":0,"enemies":"Gremlin Nob","floor":6,"turns":1},{"damage":5,"enemies":"Jaw Worm","floor":7,"turns":3},{"damage":7,"enemies":"Looter","floor":11,"turns":3},{"damage":4,"enemies":"Exordium Wildlife","floor":13,"turns":4},{"damage":22,"enemies":"The Guardian","floor":16,"turns":9},{"damage":8,"enemies":"Chosen","floor":18,"turns":4},{"damage":12,"enemies":"Spheric Guardian","floor":19,"turns":5},{"damage":43,"enemies":"Masked Bandits","floor":20,"turns":5},{"damage":11,"enemies":"Gremlin Leader","floor":23,"turns":3}],"seed_played":"-1519059551274126763","potions_obtained":[{"floor":3,"key":"SneckoOil"},{"floor":6,"key":"SkillPotion"},{"floor":11,"key":"EssenceOfSteel"},{"floor":18,"key":"Strength Potion"}],"is_trial":false,"path_per_floor":["M","$","M","?","?","E","M","R","T","R","M","T","M","$","R","B",null,"M","M","?","$","T","E"],"character_chosen":"THE_SILENT","items_purchased":["Noxious Fumes","Bandage Up","Oddly Smooth Stone"],"campfire_rested":0,"item_purchase_floors":[2,14,21],"current_hp_per_floor":[59,59,59,48,48,48,43,43,43,43,36,36,32,32,32,14,53,49,41,2,2,2,0],"gold":54,"neow_bonus":"THREE_ENEMY_KILL","is_prod":false,"is_daily":false,"chose_seed":false,"campfire_upgraded":3,"win_rate":0,"timestamp":1554098924,"path_taken":["M","$","M","?","?","E","?","R","T","R","M","?","M","$","R","BOSS","M","M","?","$","?","E"],"build_version":"2019-01-23","purchased_purges":1,"victory":false,"max_hp_per_floor":[66,66,66,66,66,66,66,66,66,66,66,66,66,66,66,66,66,66,66,66,66,66,66],"card_choices":[{"not_picked":["Deflect","Bane"],"picked":"Poisoned Stab","floor":1},{"not_picked":["Accuracy","Quick Slash","Concentrate"],"picked":"SKIP","floor":3},{"not_picked":["Endless Agony","Eviscerate"],"picked":"Unload","floor":6},{"not_picked":["Riddle With Holes","Sucker Punch","Prepared"],"picked":"SKIP","floor":7},{"not_picked":["Dagger Spray","Quick Slash"],"picked":"Deadly Poison","floor":11},{"not_picked":["Bane","Distraction","Acrobatics"],"picked":"SKIP","floor":13},{"not_picked":["Grand Finale","Malaise"],"picked":"Glass Knife","floor":16},{"not_picked":["Tactician","Cloak And Dagger","Poisoned Stab"],"picked":"SKIP","floor":18},{"not_picked":["Quick Slash+1","Outmaneuver"],"picked":"Catalyst+1","floor":19}],"player_experience":405106,"relics_obtained":[{"floor":6,"key":"Peace Pipe"},{"floor":9,"key":"Omamori"},{"floor":12,"key":"Ornamental Fan"},{"floor":20,"key":"Red Mask"},{"floor":22,"key":"Singing Bowl"}],"event_choices":[{"damage_healed":0,"gold_gain":0,"player_choice":"Success","damage_taken":11,"relics_obtained":["Tiny Chest"],"max_hp_gain":0,"max_hp_loss":0,"event_name":"Scrap Ooze","floor":4,"gold_loss":0},{"damage_healed":0,"gold_gain":0,"player_choice":"Rummage","damage_taken":0,"relics_obtained":["WarpedTongs"],"max_hp_gain":0,"max_hp_loss":0,"event_name":"Accursed Blacksmith","floor":5,"gold_loss":0,"cards_obtained":["Pain"]},{"damage_healed":0,"gold_gain":0,"player_choice":"Fought Bandits","damage_taken":0,"max_hp_gain":0,"max_hp_loss":0,"event_name":"Masked Bandits","floor":20,"gold_loss":0}],"is_beta":false,"boss_relics":[{"not_picked":["Lizard Tail","Runic Dome"],"picked":"Coffee Dripper"}],"items_purged_floors":[14],"is_endless":false,"potions_floor_spawned":[3,6,11,13,18],"killed_by":"Gremlin Leader","ascension_level":20}