{"gold_per_floor":[116,136,147,147,147,147,173,173,173,207,0,20,20,30,30,131,131,145,66,78,88,106,137,137,168,168,168,195,205,231,244,244,347,347,363,380,380,31,80,107,107,127,127,155,155,184,184,194,194,194],"floor_reached":51,"playtime":45759,"items_purged":["Strike_B"],"score":1056,"play_id":"a113944e-e68c-4736-bdf4-649372724de6","local_time":"20190605222802","is_ascension_mode":true,"campfire_choices":[{"floor":6,"key":"REST"},{"data":"Rainbow","floor":8,"key":"SMITH"},{"data":"Leap","floor":15,"key":"SMITH"},{"data":"Zap","floor":24,"key":"SMITH"},{"data":"Dualcast","floor":27,"key":"SMITH"},{"floor":32,"key":"REST"},{"data":"Capacitor","floor":41,"key":"SMITH"},{"data":"Madness","floor":45,"key":"SMITH"},{"data":"Fusion","floor":47,"key":"SMITH"},{"data":"Madness","floor":49,"key":"SMITH"}],"neow_cost":"PERCENT_DAMAGE","seed_source_timestamp":566190456889359,"circlet_count":0,"master_deck":["Strike_B","Defend_B","Defend_B","Zap+1","Dualcast+1","Leap+1","Go for the Eyes","Ball Lightning","Rainbow+1","Seek","Coolheaded","Biased Cognition","Conserve Battery","Self Repair","Conserve Battery+1","Cold Snap+1","Steam","Redo+1","Fusion+1","Biased Cognition","Stack+1","Storm+1","Chill+1","Glacier+1","Capacitor+1","Madness+1","Madness+1","Conserve Battery+1","Static Discharge+1"],"relics":["Cracked Core","Pocketwatch","Unceasing Top","Meat on the Bone","Juzu Bracelet","ClockworkSouvenir","Runic Pyramid","Omamori","Boot","Mummified Hand","Smiling Mask","Calipers","Astrolabe","Emotion Chip","Thread and Needle","Orichalcum","Shuriken","FossilizedHelix","Art of War"],"potions_floor_usage":[7,10,10,14,21,22,25,29,33,33,50,50],"damage_taken":[{"damage":4,"enemies":"Small Slimes","floor":1,"turns":3},{"damage":2,"enemies":"Jaw Worm","floor":2,"turns":3},{"damage":0,"enemies":"2 Louse","floor":3,"turns":2},{"damage":10,"enemies":"3 Sentries","floor":7,"turns":5},{"damage":15,"enemies":"Gremlin Nob","floor":10,"turns":3},{"damage":2,"enemies":"2 Fungi Beasts","floor":12,"turns":3},{"damage":12,"enemies":"Lots of Slimes","floor":14,"turns":4},{"damage":7,"enemies":"Slime Boss","floor":16,"turns":7},{"damage":0,"enemies":"Shell Parasite","floor":18,"turns":5},{"damage":6,"enemies":"3 Byrds","floor":20,"turns":5},{"damage":3,"enemies":"Centurion and Healer","floor":21,"turns":8},{"damage":14,"enemies":"Snake Plant","floor":22,"turns":4},{"damage":6,"enemies":"Book of Stabbing","floor":23,"turns":6},{"damage":6,"enemies":"Gremlin Leader","floor":25,"turns":6},{"damage":10,"enemies":"Book of Stabbing","floor":28,"turns":6},{"damage":3,"enemies":"Snecko","floor":29,"turns":4},{"damage":47,"enemies":"Slavers","floor":30,"turns":5},{"damage":5,"enemies":"3 Cultists","floor":31,"turns":5},{"damage":82,"enemies":"Champ","floor":33,"turns":15},{"damage":1,"enemies":"Orb Walker","floor":35,"turns":3},{"damage":3,"enemies":"3 Shapes","floor":36,"turns":6},{"damage":16,"enemies":"2 Orb Walkers","floor":39,"turns":5},{"damage":4,"enemies":"Maw","floor":42,"turns":6},{"damage":0,"enemies":"Nemesis","floor":44,"turns":5},{"damage":0,"enemies":"Giant Head","floor":46,"turns":11},{"damage":0,"enemies":"Transient","floor":48,"turns":5},{"damage":0,"enemies":"Time Eater","floor":50,"turns":13}],"seed_played":"6466979878078693397","potions_obtained":[{"floor":2,"key":"AttackPotion"},{"floor":3,"key":"EntropicBrew"},{"floor":12,"key":"Fire Potion"},{"floor":16,"key":"Energy Potion"},{"floor":18,"key":"PowerPotion"},{"floor":21,"key":"Explosive Potion"},{"floor":22,"key":"SteroidPotion"},{"floor":29,"key":"Fruit Juice"},{"floor":31,"key":"Strength Potion"},{"floor":42,"key":"SmokeBomb"},{"floor":44,"key":"FearPotion"},{"floor":46,"key":"Dexterity Potion"},{"floor":48,"key":"Strength Potion"}],"is_trial":false,"path_per_floor":["?","?","$","?","?","T"],"character_chosen":"DEFECT","items_purchased":["ClockworkSouvenir","Self Repair","Emotion Chip"],"campfire_rested":2,"item_purchase_floors":[11,19,38],"current_hp_per_floor":[50,48,48,41,41,63,53,53,53,38,38,48,48,48,48,41,67,67,67,68,72,72,73,73,74,74,74,71,80,52,54,78,27,67,73,77,67,67,58,58,58,61,61,68,68,75,75,80,80,80],"gold":194,"neow_bonus":"ONE_RARE_RELIC","is_prod":false,"is_daily":false,"chose_seed":false,"campfire_upgraded":8,"win_rate":0,"timestamp":1559802482,"path_taken":["M","M","M","?","?","R","E","R","T","E","?","M","$","M","R","BOSS","M","$","M","M","M","E","R","E","T","R","E","M","E","M","R","BOSS","M","M","?","$","?","?","R","M","T","E","R","E","R","M","R","BOSS"],"build_version":"2019-01-23","purchased_purges":1,"victory":true,"max_hp_per_floor":[75,75,75,75,75,75,75,75,75,75,75,75,75,75,75,75,75,75,75,75,75,75,75,75,75,75,75,75,80,80,80,80,80,80,80,80,80,80,80,80,80,80,80,80,80,80,80,80,80,80],"card_choices":[{"not_picked":["Static Discharge","Doom and Gloom"],"picked":"Leap","floor":1},{"not_picked":["Doom and Gloom","Fusion"],"picked":"Go for the Eyes","floor":2},{"not_picked":["Go for the Eyes","Leap"],"picked":"Ball Lightning","floor":3},{"not_picked":["All For One","Steam"],"picked":"Rainbow","floor":7},{"not_picked":["Force Field","FTL"],"picked":"Seek","floor":10},{"not_picked":["Scrape","Streamline","Reprogram"],"picked":"SKIP","floor":12},{"not_picked":["Gash","Redo"],"picked":"Coolheaded","floor":14},{"not_picked":["Machine Learning","Hyperbeam"],"picked":"Biased Cognition","floor":16},{"not_picked":["Blizzard","Storm"],"picked":"Conserve Battery","floor":18},{"not_picked":["Rebound","Turbo"],"picked":"Conserve Battery+1","floor":20},{"not_picked":["Steam Power","Auto Shields"],"picked":"Cold Snap+1","floor":21},{"not_picked":["FTL","Cold Snap"],"picked":"Steam","floor":22},{"not_picked":["Auto Shields","Thunder Strike","Rip and Tear"],"picked":"SKIP","floor":23},{"not_picked":["Sweeping Beam","Streamline"],"picked":"Redo+1","floor":25},{"not_picked":["Lockon","Consume"],"picked":"Fusion","floor":28},{"not_picked":["Scrape","Doom and Gloom","Sweeping Beam+1"],"picked":"SKIP","floor":29},{"not_picked":["Doom and Gloom","Leap","Redo"],"picked":"SKIP","floor":30},{"not_picked":["Rebound+1","Skim","Blizzard+1"],"picked":"SKIP","floor":31},{"not_picked":["Fission","Seek"],"picked":"Biased Cognition","floor":33},{"not_picked":["Leap","Chaos+1"],"picked":"Glacier+1","floor":35},{"not_picked":["Storm+1","Steam+1"],"picked":"Capacitor","floor":36},{"not_picked":["Gash+1","Coolheaded"],"picked":"Conserve Battery+1","floor":42},{"not_picked":["Recycle+1","Leap+1","Beam Cell+1"],"picked":"SKIP","floor":44},{"not_picked":["Gash","Rebound+1","Genetic Algorithm"],"picked":"SKIP","floor":46},{"not_picked":["Conserve Battery","Double Energy"],"picked":"Static Discharge+1","floor":48}],"player_experience":199573,"relics_obtained":[{"floor":7,"key":"Unceasing Top"},{"floor":9,"key":"Meat on the Bone"},{"floor":10,"key":"Juzu Bracelet"},{"floor":23,"key":"Omamori"},{"floor":25,"key":"Boot"},{"floor":26,"key":"Mummified Hand"},{"floor":28,"key":"Smiling Mask"},{"floor":30,"key":"Calipers"},{"floor":39,"key":"Thread and Needle"},{"floor":40,"key":"Orichalcum"},{"floor":43,"key":"Shuriken"},{"floor":44,"key":"FossilizedHelix"},{"floor":46,"key":"Art of War"}],"event_choices":[{"cards_removed":["Strike_B"],"damage_healed":0,"gold_gain":0,"player_choice":"Card Removal","damage_taken":7,"max_hp_gain":0,"max_hp_loss":0,"event_name":"Golden Wing","floor":4,"gold_loss":0},{"damage_healed":0,"gold_gain":0,"player_choice":"Ignored","damage_taken":0,"max_hp_gain":0,"max_hp_loss":0,"event_name":"Liars Game","floor":5,"gold_loss":0},{"damage_healed":0,"gold_gain":0,"player_choice":"Embrace Madness","damage_taken":10,"max_hp_gain":0,"max_hp_loss":0,"event_name":"Winding Halls","floor":37,"gold_loss":0,"cards_obtained":["Madness","Madness"]},{"damage_healed":0,"gold_gain":0,"player_choice":"Fight","damage_taken":0,"max_hp_gain":0,"max_hp_loss":0,"event_name":"Mysterious Sphere","floor":39,"gold_loss":0}],"is_beta":false,"boss_relics":[{"not_picked":["Calling Bell","Orrery"],"picked":"Runic Pyramid"},{"not_picked":["Runic Dome","Lizard Tail"],"picked":"Astrolabe"}],"items_purged_floors":[38],"is_endless":false,"potions_floor_spawned":[2,3,12,16,18,21,22,29,31,42,44,46,48],"ascension_level":5}