{"gold_per_floor":[17,17,33,50,60,87,105,105,105,120,140,166,166,176,176,280,280,299,299,318,318,243,269,269,304,304,134,165,181,181,55,55,153,153,171,46,46,64,164,219,219,244,271,285,315,327,29,29,29,29,29,29,29,64,64],"floor_reached":55,"playtime":7693,"items_purged":["Pain","Normality","Doubt","Strike_G"],"score":875,"play_id":"d9f4ddbf-d225-4775-bb3e-37de70f90065","local_time":"20190602075108","is_ascension_mode":false,"campfire_choices":[{"floor":8,"key":"REST"},{"data":"Backstab","floor":15,"key":"SMITH"},{"data":"Bouncing Flask","floor":24,"key":"SMITH"},{"data":"Wraith Form v2","floor":30,"key":"SMITH"},{"data":"Prepared","floor":32,"key":"SMITH"},{"floor":41,"key":"REST"},{"floor":49,"key":"RECALL"},{"data":"Wraith Form v2","floor":52,"key":"SMITH"}],"neow_cost":"NO_GOLD","seed_source_timestamp":292716276525244,"circlet_count":0,"master_deck":["Defend_G","Defend_G","Defend_G","Defend_G","Survivor","Neutralize","Endless Agony","Sucker Punch","Backstab+1","Predator","Deflect","Backflip","Quick Slash+1","Deadly Poison","Bouncing Flask+1","Endless Agony","Wraith Form v2+1","Dagger Spray+1","Underhanded Strike+1","Dagger Throw+1","Underhanded Strike+1","Dark Shackles","Outmaneuver","Cloak And Dagger+1","Prepared+1","Phantasmal Killer","Flying Knee+1","Dagger Spray+1","Prepared+1","Deflect+1","Night Terror","Escape Plan+1","Sucker Punch+1","Deflect+1","Quick Slash+1","Catalyst","PiercingWail+1","Backflip+1","Wraith Form v2+1","Neutralize","Bullet Time"],"relics":["Ring of the Snake","Shuriken","Snake Skull","Calling Bell","Dream Catcher","Darkstone Periapt","Thread and Needle","WarpedTongs","The Specimen","Regal Pillow","Mummified Hand","Letter Opener","Astrolabe","Tough Bandages","Tiny Chest","Whetstone","Boot","Anchor","Dodecahedron"],"potions_floor_usage":[12,16,25,33,33,39,42,50,50,50,50,50,55,55],"damage_taken":[{"damage":0,"enemies":"Small Slimes","floor":1,"turns":4},{"damage":0,"enemies":"Cultist","floor":3,"turns":4},{"damage":0,"enemies":"2 Louse","floor":4,"turns":2},{"damage":0,"enemies":"Exordium Thugs","floor":5,"turns":6},{"damage":28,"enemies":"Lagavulin","floor":6,"turns":9},{"damage":0,"enemies":"Lots of Slimes","floor":7,"turns":3},{"damage":0,"enemies":"3 Louse","floor":10,"turns":3},{"damage":0,"enemies":"Looter","floor":11,"turns":2},{"damage":13,"enemies":"Gremlin Nob","floor":12,"turns":5},{"damage":0,"enemies":"2 Fungi Beasts","floor":14,"turns":2},{"damage":20,"enemies":"Hexaghost","floor":16,"turns":7},{"damage":1,"enemies":"Chosen","floor":18,"turns":4},{"damage":19,"enemies":"3 Byrds","floor":20,"turns":6},{"damage":3,"enemies":"Gremlin Leader","floor":23,"turns":6},{"damage":9,"enemies":"Slavers","floor":25,"turns":5},{"damage":0,"enemies":"Gremlin Leader","floor":28,"turns":6},{"damage":0,"enemies":"3 Cultists","floor":29,"turns":4},{"damage":32,"enemies":"Automaton","floor":33,"turns":10},{"damage":4,"enemies":"3 Shapes","floor":35,"turns":5},{"damage":0,"enemies":"3 Darklings","floor":38,"turns":4},{"damage":0,"enemies":"Mind Bloom Boss Battle","floor":39,"turns":5},{"damage":19,"enemies":"Giant Head","floor":40,"turns":8},{"damage":18,"enemies":"Nemesis","floor":42,"turns":7},{"damage":0,"enemies":"Transient","floor":44,"turns":5},{"damage":22,"enemies":"Reptomancer","floor":45,"turns":9},{"damage":12,"enemies":"Maw","floor":46,"turns":6},{"damage":20,"enemies":"Donu and Deca","floor":50,"turns":11},{"damage":10,"enemies":"Shield and Spear","floor":54,"turns":8},{"damage":85,"enemies":"The Heart","floor":55,"turns":8}],"seed_played":"3292757037229477857","potions_obtained":[{"floor":1,"key":"SkillPotion"},{"floor":2,"key":"EntropicBrew"},{"floor":2,"key":"Block Potion"},{"floor":12,"key":"AttackPotion"},{"floor":16,"key":"Strength Potion"},{"floor":20,"key":"Regen Potion"},{"floor":29,"key":"Block Potion"},{"floor":33,"key":"AttackPotion"},{"floor":35,"key":"SmokeBomb"},{"floor":38,"key":"Ancient Potion"},{"floor":42,"key":"Regen Potion"},{"floor":45,"key":"Block Potion"},{"floor":54,"key":"Swift Potion"}],"is_trial":false,"path_per_floor":["?","M","?","?","M","?","?","?","?","?"],"character_chosen":"THE_SILENT","items_purchased":["Dark Shackles","Prepared","Wraith Form v2"],"campfire_rested":2,"item_purchase_floors":[27,31,47],"current_hp_per_floor":[70,70,70,70,70,42,42,63,63,63,63,50,80,80,80,60,80,79,85,66,66,66,63,63,69,69,69,69,69,69,69,69,37,86,82,82,82,82,82,63,86,68,68,68,46,34,34,34,34,29,86,86,86,76,0],"gold":64,"neow_bonus":"TRANSFORM_TWO_CARDS","is_prod":false,"is_daily":false,"chose_seed":false,"campfire_upgraded":5,"win_rate":0,"timestamp":1559490668,"path_taken":["M","?","M","?","M","E","M","R","T","M","M","E","?","M","R","BOSS","M","?","?","?","?","E","R","E","T","$","E","M","R","$","R","BOSS","M","$","?","M","?","E","R","E","T","M","E","M","$","?","R","BOSS","R","$","E","BOSS"],"build_version":"2019-01-23","purchased_purges":4,"victory":false,"max_hp_per_floor":[70,70,70,70,70,70,70,70,70,70,70,70,80,80,80,80,80,80,86,86,86,86,86,86,86,86,86,86,86,86,86,86,86,86,86,86,86,86,86,86,86,86,86,86,86,86,86,86,86,86,86,86,86,86,86],"card_choices":[{"not_picked":["Bane","Acrobatics"],"picked":"Sucker Punch","floor":1},{"not_picked":["Footwork","Choke"],"picked":"Backstab","floor":3},{"not_picked":["Terror","Footwork"],"picked":"Predator","floor":4},{"not_picked":["Catalyst","Backflip"],"picked":"Deflect","floor":5},{"not_picked":["All Out Attack","Deflect"],"picked":"Backflip","floor":6},{"not_picked":["Riddle With Holes","Crippling Poison"],"picked":"Quick Slash","floor":7},{"not_picked":["PiercingWail","Acrobatics"],"picked":"Deadly Poison","floor":10},{"not_picked":["Bane","All Out Attack"],"picked":"Deadly Poison","floor":11},{"not_picked":["Tactician","Dodge and Roll"],"picked":"Bouncing Flask","floor":12},{"not_picked":["Underhanded Strike","Tactician"],"picked":"Endless Agony","floor":14},{"not_picked":["A Thousand Cuts","Malaise"],"picked":"Wraith Form v2","floor":16},{"not_picked":["Well Laid Plans","Prepared"],"picked":"Dagger Spray+1","floor":18},{"not_picked":["Bane","Dagger Spray"],"picked":"Underhanded Strike+1","floor":20},{"not_picked":["Slice","Bouncing Flask"],"picked":"Dagger Throw","floor":23},{"not_picked":["Quick Slash","Bullet Time"],"picked":"Underhanded Strike+1","floor":25},{"not_picked":["Sucker Punch","Calculated Gamble"],"picked":"Outmaneuver","floor":28},{"not_picked":["Slice+1","Underhanded Strike"],"picked":"Cloak And Dagger+1","floor":29},{"not_picked":["Bullet Time","Storm of Steel"],"picked":"Phantasmal Killer","floor":33},{"not_picked":["Underhanded Strike","Sucker Punch"],"picked":"Deflect+1","floor":35},{"not_picked":["Dagger Spray+1","Prepared"],"picked":"Night Terror","floor":38},{"not_picked":["Blade Dance+1","Endless Agony"],"picked":"Escape Plan+1","floor":39},{"not_picked":["Dodge and Roll","Eviscerate"],"picked":"Sucker Punch+1","floor":40},{"not_picked":["Quick Slash","Sucker Punch+1"],"picked":"Deflect+1","floor":41},{"not_picked":["Choke+1","Eviscerate+1"],"picked":"Quick Slash+1","floor":42},{"not_picked":["Slice+1","Poisoned Stab+1"],"picked":"Catalyst","floor":44},{"not_picked":["Dash+1","Calculated Gamble"],"picked":"PiercingWail+1","floor":45},{"not_picked":["Poisoned Stab","Eviscerate+1"],"picked":"Backflip+1","floor":46},{"not_picked":["A Thousand Cuts","Acrobatics","Predator"],"picked":"SKIP","floor":54}],"player_experience":61525,"relics_obtained":[{"floor":6,"key":"Shuriken"},{"floor":12,"key":"Snake Skull"},{"floor":17,"key":"Dream Catcher"},{"floor":17,"key":"Darkstone Periapt"},{"floor":17,"key":"Thread and Needle"},{"floor":23,"key":"The Specimen"},{"floor":25,"key":"Regal Pillow"},{"floor":26,"key":"Mummified Hand"},{"floor":28,"key":"Letter Opener"},{"floor":39,"key":"Tough Bandages"},{"floor":40,"key":"Tiny Chest"},{"floor":42,"key":"Whetstone"},{"floor":43,"key":"Boot"},{"floor":45,"key":"Anchor"},{"floor":54,"key":"Dodecahedron"}],"event_choices":[{"damage_healed":0,"gold_gain":0,"player_choice":"Got Potions","damage_taken":0,"max_hp_gain":0,"max_hp_loss":0,"event_name":"Lab","floor":2,"gold_loss":0},{"cards_removed":["Doppelganger"],"damage_healed":20,"gold_gain":0,"player_choice":"Offered Rare","damage_taken":0,"max_hp_gain":10,"max_hp_loss":0,"event_name":"Bonfire Elementals","floor":13,"gold_loss":0},{"damage_healed":0,"gold_gain":0,"player_choice":"Rummage","damage_taken":0,"relics_obtained":["WarpedTongs"],"max_hp_gain":0,"max_hp_loss":0,"event_name":"Accursed Blacksmith","floor":19,"gold_loss":0,"cards_obtained":["Pain"]},{"damage_healed":0,"gold_gain":0,"player_choice":"Ignored","damage_taken":0,"max_hp_gain":0,"max_hp_loss":0,"event_name":"Vampires","floor":21,"gold_loss":0},{"cards_removed":["Pain"],"damage_healed":0,"gold_gain":0,"player_choice":"Gave Gold","damage_taken":0,"max_hp_gain":0,"max_hp_loss":0,"event_name":"Beggar","floor":22,"gold_loss":75},{"cards_removed":["Deadly Poison"],"damage_healed":0,"gold_gain":0,"player_choice":"Removed Skill","damage_taken":0,"max_hp_gain":0,"max_hp_loss":0,"event_name":"Falling","floor":37,"gold_loss":0},{"damage_healed":0,"gold_gain":0,"player_choice":"Fight","damage_taken":0,"max_hp_gain":0,"max_hp_loss":0,"event_name":"MindBloom","floor":39,"gold_loss":0},{"damage_healed":0,"gold_gain":0,"player_choice":"2 cards matched","damage_taken":0,"max_hp_gain":0,"max_hp_loss":0,"event_name":"Match and Keep!","floor":48,"gold_loss":0,"cards_obtained":["Neutralize","Bullet Time"]}],"is_beta":false,"boss_relics":[{"not_picked":["Busted Crown","Orrery"],"picked":"Calling Bell"},{"not_picked":["Snecko Eye","White Beast Statue"],"picked":"Astrolabe"}],"items_purged_floors":[27,31,36,47],"is_endless":false,"potions_floor_spawned":[1,3,5,10,12,16,20,23,29,33,35,38,42,45,46,54],"killed_by":"The Heart","ascension_level":0}